  <div class='ocr_page' id='page_1' title='image "/cluster/home/n/w/nwhite01/storage/ocr_20150623/106/njp.32101077772901/346.png"; bbox 0 0 2095 3160; ppageno 0'>
   <div class='ocr_carea' id='block_1_1' title="bbox 233 164 283 196">
    <p class='ocr_par' dir='ltr' id='par_1_1' title="bbox 233 164 283 196">
     <span class='ocr_line' id='line_1_1' title="bbox 233 164 283 196; baseline 0.02 -1"><span class='ocrx_word' id='word_1_1' title='bbox 233 164 283 196; x_wconf 73' lang='lat'><strong>597</strong></span> 
     </span>
    </p>
   </div>
   <div class='ocr_carea' id='block_1_2' title="bbox 757 166 1309 197">
    <p class='ocr_par' dir='ltr' id='par_1_2' title="bbox 757 166 1309 197">
     <span class='ocr_line' id='line_1_2' title="bbox 757 166 1309 197; baseline 0.002 -1"><span class='ocrx_word' id='word_1_2' title='bbox 757 167 957 197; x_wconf 73' lang='lat' dir='ltr'><strong>COMMENT.</strong></span> <span class='ocrx_word' id='word_1_3' title='bbox 983 166 1021 196; x_wconf 72' lang='lat' dir='ltr'><strong>IN</strong></span> <span class='ocrx_word' id='word_1_4' title='bbox 1045 167 1309 197; x_wconf 66' lang='lat' dir='ltr'><strong>APOCALYPSIN.</strong></span> 
     </span>
    </p>
   </div>
   <div class='ocr_carea' id='block_1_3' title="bbox 1812 165 1863 198">
    <p class='ocr_par' dir='ltr' id='par_1_3' title="bbox 1812 165 1863 198">
     <span class='ocr_line' id='line_1_3' title="bbox 1812 165 1863 198; baseline 0 0"><span class='ocrx_word' id='word_1_5' title='bbox 1812 165 1863 198; x_wconf 69' lang='grc'><strong>59⁵3</strong></span> 
     </span>
    </p>
   </div>
   <div class='ocr_carea' id='block_1_4' title="bbox 231 218 1032 256">
    <p class='ocr_par' dir='ltr' id='par_1_4' title="bbox 231 218 1021 256">
     <span class='ocr_line' id='line_1_4' title="bbox 231 218 1021 256; baseline 0 -10"><span class='ocrx_word' id='word_1_6' title='bbox 231 219 279 246; x_wconf 72' lang='grc' dir='ltr'><strong>τοῦ</strong></span> <span class='ocrx_word' id='word_1_7' title='bbox 300 218 423 255; x_wconf 75' lang='grc' dir='ltr'>φθαρτοῦ</span> <span class='ocrx_word' id='word_1_8' title='bbox 456 218 603 255; x_wconf 72' lang='grc' dir='ltr'>ἠνέσχοντο</span> <span class='ocrx_word' id='word_1_9' title='bbox 632 220 805 256; x_wconf 79' lang='grc' dir='ltr'>καρτερικῶς</span> <span class='ocrx_word' id='word_1_10' title='bbox 831 220 946 255; x_wconf 77' lang='grc' dir='ltr'><strong>ὲκὸἦναι</strong></span> <span class='ocrx_word' id='word_1_11' title='bbox 975 221 1021 246; x_wconf 65' lang='grc' dir='ltr'>κό-</span> 
     </span>
    </p>
   </div>
   <div class='ocr_carea' id='block_1_5' title="bbox 1085 218 1868 256">
    <p class='ocr_par' dir='ltr' id='par_1_5' title="bbox 1085 220 1868 256">
     <span class='ocr_line' id='line_1_5' title="bbox 1085 220 1868 256; baseline 0.001 -9"><span class='ocrx_word' id='word_1_12' title='bbox 1085 221 1157 256; x_wconf 73' lang='lat'><strong>703</strong></span> <span class='ocrx_word' id='word_1_13' title='bbox 1183 221 1285 248; x_wconf 85' lang='lat' dir='ltr'><strong>mundo</strong></span> <span class='ocrx_word' id='word_1_14' title='bbox 1308 220 1483 252; x_wconf 70' lang='lat' dir='ltr'><strong>excederent,</strong></span> <span class='ocrx_word' id='word_1_15' title='bbox 1501 220 1545 248; x_wconf 87' lang='lat' dir='ltr'><strong>ubi</strong></span> <span class='ocrx_word' id='word_1_16' title='bbox 1576 227 1648 247; x_wconf 88' lang='lat' dir='ltr'><strong>nunc</strong></span> <span class='ocrx_word' id='word_1_17' title='bbox 1671 220 1705 248; x_wconf 84' lang='lat' dir='ltr'><strong>ad</strong></span> <span class='ocrx_word' id='word_1_18' title='bbox 1725 220 1807 256; x_wconf 82' lang='lat' dir='ltr'><strong>vitam</strong></span> <span class='ocrx_word' id='word_1_19' title='bbox 1823 221 1868 248; x_wconf 88' lang='lat' dir='ltr'><strong>in-</strong></span> 
     </span>
    </p>
   </div>
   <div class='ocr_carea' id='block_1_6' title="bbox 233 265 1025 302">
    <p class='ocr_par' dir='ltr' id='par_1_6' title="bbox 233 265 1025 302">
     <span class='ocr_line' id='line_1_6' title="bbox 233 265 1025 302; baseline 0.001 -10"><span class='ocrx_word' id='word_1_20' title='bbox 233 274 313 298; x_wconf 80' lang='grc' dir='ltr'>σμου,</span> <span class='ocrx_word' id='word_1_21' title='bbox 326 265 373 291; x_wconf 83' lang='grc' dir='ltr'><strong>νῦν</strong></span> <span class='ocrx_word' id='word_1_22' title='bbox 386 265 517 301; x_wconf 78' lang='grc' dir='ltr'><strong>ἀφθάρτῳ</strong></span> <span class='ocrx_word' id='word_1_23' title='bbox 527 265 576 301; x_wconf 81' lang='grc' dir='ltr'><strong>βίῳ</strong></span> <span class='ocrx_word' id='word_1_24' title='bbox 588 266 635 292; x_wconf 80' lang='grc' dir='ltr'><strong>καὶ</strong></span> <span class='ocrx_word' id='word_1_25' title='bbox 646 266 760 302; x_wconf 76' lang='grc' dir='ltr'><strong>ἀμόχθῳ</strong></span> <span class='ocrx_word' id='word_1_26' title='bbox 773 266 1025 302; x_wconf 74' lang='grc' dir='ltr'>προσορμισθέντας</span> 
     </span>
    </p>
   </div>
   <div class='ocr_carea' id='block_1_7' title="bbox 231 311 1026 348">
    <p class='ocr_par' dir='ltr' id='par_1_7' title="bbox 231 311 1026 348">
     <span class='ocr_line' id='line_1_7' title="bbox 231 311 1026 348; baseline 0.001 -11"><span class='ocrx_word' id='word_1_27' title='bbox 231 311 354 346; x_wconf 75' lang='grc' dir='ltr'>ὡσπερεὶ</span> <span class='ocrx_word' id='word_1_28' title='bbox 385 311 466 345; x_wconf 85' lang='grc' dir='ltr'>κόρον</span> <span class='ocrx_word' id='word_1_29' title='bbox 496 312 591 338; x_wconf 77' lang='grc' dir='ltr'><strong>τούτου</strong></span> <span class='ocrx_word' id='word_1_30' title='bbox 623 312 756 344; x_wconf 76' lang='grc' dir='ltr'>λαϐόντας</span> <span class='ocrx_word' id='word_1_31' title='bbox 789 312 969 348; x_wconf 80' lang='grc' dir='ltr'><em>ἀνασείρασιν</em></span> <span class='ocrx_word' id='word_1_32' title='bbox 993 313 1026 339; x_wconf 85' lang='grc' dir='ltr'>ὲκ</span> 
     </span>
    </p>
   </div>
   <div class='ocr_carea' id='block_1_8' title="bbox 232 354 1027 394">
    <p class='ocr_par' dir='ltr' id='par_1_8' title="bbox 232 354 1027 394">
     <span class='ocr_line' id='line_1_8' title="bbox 232 354 1027 394; baseline 0.003 -11"><span class='ocrx_word' id='word_1_33' title='bbox 232 358 314 393; x_wconf 77' lang='grc' dir='ltr'>κόρου</span> <span class='ocrx_word' id='word_1_34' title='bbox 340 357 442 384; x_wconf 77' lang='grc' dir='ltr'><strong>λαϐεῖν·</strong></span> <span class='ocrx_word' id='word_1_35' title='bbox 476 358 522 393; x_wconf 78' lang='grc' dir='ltr'><strong>ἀφ’</strong></span> <span class='ocrx_word' id='word_1_36' title='bbox 549 354 579 384; x_wconf 71' lang='grc' dir='ltr'>οὗ</span> <span class='ocrx_word' id='word_1_37' title='bbox 610 358 690 394; x_wconf 79' lang='grc' dir='ltr'><strong>καὶή</strong></span> <span class='ocrx_word' id='word_1_38' title='bbox 711 359 765 385; x_wconf 83' lang='grc' dir='ltr'><em>τῶν</em></span> <span class='ocrx_word' id='word_1_39' title='bbox 785 359 908 393; x_wconf 80' lang='grc' dir='ltr'>ἀγγέλων</span> <span class='ocrx_word' id='word_1_40' title='bbox 928 360 968 390; x_wconf 84' lang='grc' dir='ltr'><strong>είς</strong></span> <span class='ocrx_word' id='word_1_41' title='bbox 991 359 1027 385; x_wconf 80' lang='grc' dir='ltr'><strong>τὰ</strong></span> 
     </span>
    </p>
   </div>
   <div class='ocr_carea' id='block_1_9' title="bbox 232 403 1026 440">
    <p class='ocr_par' dir='ltr' id='par_1_9' title="bbox 232 403 1026 440">
     <span class='ocr_line' id='line_1_9' title="bbox 232 403 1026 440; baseline 0.003 -10"><span class='ocrx_word' id='word_1_42' title='bbox 232 403 331 432; x_wconf 81' lang='grc' dir='ltr'><em>αίώνια</em></span> <span class='ocrx_word' id='word_1_43' title='bbox 349 405 510 440; x_wconf 79' lang='grc' dir='ltr'>παράκυψις</span> <span class='ocrx_word' id='word_1_44' title='bbox 535 404 639 439; x_wconf 69' lang='grc' dir='ltr'>ἀγαθὲ,</span> <span class='ocrx_word' id='word_1_45' title='bbox 656 405 709 432; x_wconf 71' lang='grc' dir='ltr'>τινὶ</span> <span class='ocrx_word' id='word_1_46' title='bbox 730 405 785 432; x_wconf 86' lang='grc' dir='ltr'><em>τῶν</em></span> <span class='ocrx_word' id='word_1_47' title='bbox 804 405 1026 440; x_wconf 73' lang='grc' dir='ltr'>Θεοφορουμένων</span> 
     </span>
    </p>
   </div>
   <div class='ocr_carea' id='block_1_10' title="bbox 233 450 1026 486">
    <p class='ocr_par' dir='ltr' id='par_1_10' title="bbox 233 450 1026 486">
     <span class='ocr_line' id='line_1_10' title="bbox 233 450 1026 486; baseline 0.001 -9"><span class='ocrx_word' id='word_1_48' title='bbox 233 451 424 486; x_wconf 72' lang='grc' dir='ltr'><strong>παρείληπται</strong></span> <span class='ocrx_word' id='word_1_49' title='bbox 445 450 479 477; x_wconf 82' lang='grc' dir='ltr'><strong>δι’</strong></span> <span class='ocrx_word' id='word_1_50' title='bbox 496 450 644 486; x_wconf 70' lang='grc' dir='ltr'><strong>ἐπιθυμίας</strong></span> <span class='ocrx_word' id='word_1_51' title='bbox 667 450 748 484; x_wconf 85' lang='grc' dir='ltr'>εἶναι,</span> <span class='ocrx_word' id='word_1_52' title='bbox 762 451 801 483; x_wconf 84' lang='grc' dir='ltr'><strong>ὡς</strong></span> <span class='ocrx_word' id='word_1_53' title='bbox 813 451 857 478; x_wconf 80' lang='grc' dir='ltr'><strong>διὰ</strong></span> <span class='ocrx_word' id='word_1_54' title='bbox 871 452 920 486; x_wconf 82' lang='grc' dir='ltr'><strong>τῆς</strong></span> <span class='ocrx_word' id='word_1_55' title='bbox 935 460 1026 486; x_wconf 84' lang='grc' dir='ltr'><em>παρα-</em></span> 
     </span>
    </p>
   </div>
   <div class='ocr_carea' id='block_1_11' title="bbox 233 497 1025 535">
    <p class='ocr_par' dir='ltr' id='par_1_11' title="bbox 233 497 1025 535">
     <span class='ocr_line' id='line_1_11' title="bbox 233 497 1025 535; baseline 0.001 -12"><span class='ocrx_word' id='word_1_56' title='bbox 233 497 340 532; x_wconf 69' lang='grc' dir='ltr'>χύψεως</span> <span class='ocrx_word' id='word_1_57' title='bbox 357 497 384 523; x_wconf 83' lang='grc' dir='ltr'><em>τί</em></span> <span class='ocrx_word' id='word_1_58' title='bbox 402 497 435 525; x_wconf 76' lang='grc' dir='ltr'>ἂν</span> <span class='ocrx_word' id='word_1_59' title='bbox 448 497 513 525; x_wconf 74' lang='grc' dir='ltr'><em>ἄλλο</em></span> <span class='ocrx_word' id='word_1_60' title='bbox 533 497 700 534; x_wconf 72' lang='grc' dir='ltr'><strong>ζητήσαντας</strong></span> <span class='ocrx_word' id='word_1_61' title='bbox 715 498 809 528; x_wconf 74' lang='grc' dir='ltr'><em>αὐτοῦ,</em></span> <span class='ocrx_word' id='word_1_62' title='bbox 826 497 843 533; x_wconf 81' lang='grc' dir='ltr'>ἢ</span> <span class='ocrx_word' id='word_1_63' title='bbox 860 498 907 524; x_wconf 70' lang='grc' dir='ltr'>καὶ</span> <span class='ocrx_word' id='word_1_64' title='bbox 931 498 961 525; x_wconf 75' lang='grc' dir='ltr'><em>τὸ</em></span> <span class='ocrx_word' id='word_1_65' title='bbox 979 507 1025 535; x_wconf 85' lang='grc' dir='ltr'><strong>μι-</strong></span> 
     </span>
    </p>
   </div>
   <div class='ocr_carea' id='block_1_12' title="bbox 233 543 1027 579">
    <p class='ocr_par' dir='ltr' id='par_1_12' title="bbox 233 543 1027 579">
     <span class='ocr_line' id='line_1_12' title="bbox 233 543 1027 579; baseline 0 -9"><span class='ocrx_word' id='word_1_66' title='bbox 233 544 301 579; x_wconf 82' lang='grc' dir='ltr'>κρὰν</span> <span class='ocrx_word' id='word_1_67' title='bbox 324 543 414 570; x_wconf 83' lang='grc' dir='ltr'><em>αὐτῶν</em></span> <span class='ocrx_word' id='word_1_68' title='bbox 439 543 539 578; x_wconf 83' lang='grc' dir='ltr'>γνῶσιν</span> <span class='ocrx_word' id='word_1_69' title='bbox 566 543 660 572; x_wconf 73' lang='grc' dir='ltr'>λαϐεῖν</span> <span class='ocrx_word' id='word_1_70' title='bbox 692 545 722 571; x_wconf 82' lang='grc' dir='ltr'>ὲν</span> <span class='ocrx_word' id='word_1_71' title='bbox 742 543 907 579; x_wconf 81' lang='grc' dir='ltr'>ὰδιαλείπτῳ</span> <span class='ocrx_word' id='word_1_72' title='bbox 933 543 1027 579; x_wconf 74' lang='grc' dir='ltr'>ἐφέσει</span> 
     </span>
    </p>
   </div>
   <div class='ocr_carea' id='block_1_13' title="bbox 232 589 500 624">
    <p class='ocr_par' dir='ltr' id='par_1_13' title="bbox 232 589 500 624">
     <span class='ocr_line' id='line_1_13' title="bbox 232 589 500 624; baseline 0 -9"><span class='ocrx_word' id='word_1_73' title='bbox 232 589 483 624; x_wconf 76' lang='grc' dir='ltr'>προσλιπαροῦνται</span> <span class='ocrx_word' id='word_1_74' title='bbox 493 598 500 622; x_wconf 86' lang='grc'><strong>;</strong></span> 
     </span>
    </p>
   </div>
   <div class='ocr_carea' id='block_1_14' title="bbox 526 643 737 670">
    <p class='ocr_par' dir='ltr' id='par_1_14' title="bbox 526 643 737 670">
     <span class='ocr_line' id='line_1_14' title="bbox 526 643 737 670; baseline -0.005 0"><span class='ocrx_word' id='word_1_75' title='bbox 526 643 654 670; x_wconf 77' lang='grc' dir='ltr'><strong>ΚΕΦΛΛ.</strong></span> <span class='ocrx_word' id='word_1_76' title='bbox 683 643 737 670; x_wconf 80' lang='lat' dir='ltr'><strong>lH’.</strong></span> 
     </span>
    </p>
   </div>
   <div class='ocr_carea' id='block_1_15' title="bbox 231 710 1026 747">
    <p class='ocr_par' dir='ltr' id='par_1_15' title="bbox 231 710 1026 747">
     <span class='ocr_line' id='line_1_15' title="bbox 231 710 1026 747; baseline 0.001 -9"><span class='ocrx_word' id='word_1_77' title='bbox 231 712 327 745; x_wconf 84' lang='grc' dir='ltr'><em>Λύσις</em></span> <span class='ocrx_word' id='word_1_78' title='bbox 342 710 395 745; x_wconf 81' lang='grc' dir='ltr'><strong>τῆς</strong></span> <span class='ocrx_word' id='word_1_79' title='bbox 408 711 499 746; x_wconf 74' lang='grc' dir='ltr'>ἕκτης</span> <span class='ocrx_word' id='word_1_80' title='bbox 511 712 687 747; x_wconf 67' lang='grc' dir='ltr'><strong>σφραγῖδος.</strong></span> <span class='ocrx_word' id='word_1_81' title='bbox 700 713 754 745; x_wconf 82' lang='grc' dir='ltr'><strong>τὰς</strong></span> <span class='ocrx_word' id='word_1_82' title='bbox 767 713 801 740; x_wconf 88' lang='grc' dir='ltr'><em>ἐν</em></span> <span class='ocrx_word' id='word_1_83' title='bbox 813 713 851 747; x_wconf 77' lang='grc' dir='ltr'><strong>τῇ</strong></span> <span class='ocrx_word' id='word_1_84' title='bbox 863 713 1026 746; x_wconf 76' lang='grc' dir='ltr'><strong>συντελείᾳ</strong></span> 
     </span>
    </p>
   </div>
   <div class='ocr_carea' id='block_1_16' title="bbox 356 747 893 783">
    <p class='ocr_par' dir='ltr' id='par_1_16' title="bbox 356 747 893 783">
     <span class='ocr_line' id='line_1_16' title="bbox 356 747 893 783; baseline 0.004 -9"><span class='ocrx_word' id='word_1_85' title='bbox 356 747 546 782; x_wconf 75' lang='grc' dir='ltr'><strong>ἐπαγομένας</strong></span> <span class='ocrx_word' id='word_1_86' title='bbox 558 749 676 783; x_wconf 71' lang='grc' dir='ltr'>πληγὰς</span> <span class='ocrx_word' id='word_1_87' title='bbox 689 749 893 782; x_wconf 80' lang='grc' dir='ltr'><em>σημαίνουσα.</em></span> 
     </span>
    </p>
   </div>
   <div class='ocr_carea' id='block_1_17' title="bbox 268 813 1024 850">
    <p class='ocr_par' dir='ltr' id='par_1_17' title="bbox 268 813 1024 850">
     <span class='ocr_line' id='line_1_17' title="bbox 268 813 1024 850; baseline 0.003 -9"><span class='ocrx_word' id='word_1_88' title='bbox 268 815 322 841; x_wconf 74' lang='grc' dir='ltr'><strong>Καὶ</strong></span> <span class='ocrx_word' id='word_1_89' title='bbox 337 813 419 842; x_wconf 78' lang='grc' dir='ltr'><em>εἶδον</em></span> <span class='ocrx_word' id='word_1_90' title='bbox 433 815 483 842; x_wconf 84' lang='grc' dir='ltr'><strong>ὅτε</strong></span> <span class='ocrx_word' id='word_1_91' title='bbox 497 815 602 849; x_wconf 75' lang='grc' dir='ltr'><em>ἤνοιξε</em></span> <span class='ocrx_word' id='word_1_92' title='bbox 618 815 676 849; x_wconf 76' lang='grc' dir='ltr'><em>τὴν</em></span> <span class='ocrx_word' id='word_1_93' title='bbox 689 815 840 850; x_wconf 65' lang='grc' dir='ltr'><em>σφραγῖδα</em></span> <span class='ocrx_word' id='word_1_94' title='bbox 854 815 912 849; x_wconf 81' lang='grc' dir='ltr'><em>τὴν</em></span> <span class='ocrx_word' id='word_1_95' title='bbox 922 815 1024 849; x_wconf 78' lang='grc' dir='ltr'><strong>ἕκτην.</strong></span> 
     </span>
    </p>
   </div>
   <div class='ocr_carea' id='block_1_18' title="bbox 234 861 1026 897">
    <p class='ocr_par' dir='ltr' id='par_1_18' title="bbox 234 861 1026 897">
     <span class='ocr_line' id='line_1_18' title="bbox 234 861 1026 897; baseline 0 -9"><span class='ocrx_word' id='word_1_96' title='bbox 234 861 288 888; x_wconf 75' lang='lat' dir='ltr'><strong>Kal</strong></span> <span class='ocrx_word' id='word_1_97' title='bbox 305 862 434 896; x_wconf 80' lang='grc' dir='ltr'>σεισμὸς</span> <span class='ocrx_word' id='word_1_98' title='bbox 447 861 542 896; x_wconf 74' lang='grc' dir='ltr'>μέγας</span> <span class='ocrx_word' id='word_1_99' title='bbox 557 861 688 897; x_wconf 70' lang='grc' dir='ltr'><strong>ἐγένετο.</strong></span> <span class='ocrx_word' id='word_1_100' title='bbox 704 862 759 889; x_wconf 75' lang='grc' dir='ltr'><em>Καὶ</em></span> <span class='ocrx_word' id='word_1_101' title='bbox 776 863 792 888; x_wconf 89' lang='grc' dir='ltr'>ό</span> <span class='ocrx_word' id='word_1_102' title='bbox 806 862 893 895; x_wconf 75' lang='grc' dir='ltr'>ἣλιος</span> <span class='ocrx_word' id='word_1_103' title='bbox 907 862 1026 896; x_wconf 78' lang='grc' dir='ltr'><strong>ἐγένετο</strong></span> 
     </span>
    </p>
   </div>
   <div class='ocr_carea' id='block_1_19' title="bbox 1080 266 1871 302">
    <p class='ocr_par' dir='ltr' id='par_1_19' title="bbox 1080 266 1871 302">
     <span class='ocr_line' id='line_1_19' title="bbox 1080 266 1871 302; baseline -0.001 -8"><span class='ocrx_word' id='word_1_104' title='bbox 1080 267 1285 302; x_wconf 86' lang='lat' dir='ltr'><strong>corruptibilem</strong></span> <span class='ocrx_word' id='word_1_105' title='bbox 1305 272 1332 294; x_wconf 85' lang='lat' dir='ltr'><strong>et</strong></span> <span class='ocrx_word' id='word_1_106' title='bbox 1345 267 1439 294; x_wconf 78' lang='lat' dir='ltr'><strong>labore</strong></span> <span class='ocrx_word' id='word_1_107' title='bbox 1455 270 1593 294; x_wconf 85' lang='lat' dir='ltr'><strong>carentem</strong></span> <span class='ocrx_word' id='word_1_108' title='bbox 1610 266 1787 301; x_wconf 85' lang='lat' dir='ltr'><strong>appulerunt,</strong></span> <span class='ocrx_word' id='word_1_109' title='bbox 1809 271 1871 293; x_wconf 83' lang='lat' dir='ltr'><strong>Ian-</strong></span> 
     </span>
    </p>
   </div>
   <div class='ocr_carea' id='block_1_20' title="bbox 1080 312 1872 348">
    <p class='ocr_par' dir='ltr' id='par_1_20' title="bbox 1080 312 1872 348">
     <span class='ocr_line' id='line_1_20' title="bbox 1080 312 1872 348; baseline -0.001 -8"><span class='ocrx_word' id='word_1_110' title='bbox 1080 321 1163 348; x_wconf 78' lang='lat' dir='ltr'><strong>quam</strong></span> <span class='ocrx_word' id='word_1_111' title='bbox 1178 318 1285 348; x_wconf 86' lang='lat' dir='ltr'><strong>sumpta</strong></span> <span class='ocrx_word' id='word_1_112' title='bbox 1300 313 1381 348; x_wconf 83' lang='lat' dir='ltr'><strong>hujus</strong></span> <span class='ocrx_word' id='word_1_113' title='bbox 1394 313 1532 344; x_wconf 83' lang='lat' dir='ltr'><strong>satietate,</strong></span> <span class='ocrx_word' id='word_1_114' title='bbox 1555 313 1725 340; x_wconf 72' lang='lat' dir='ltr'><strong>evolsionem</strong></span> <span class='ocrx_word' id='word_1_115' title='bbox 1739 319 1771 339; x_wconf 79' lang='lat' dir='ltr'><strong>ex</strong></span> <span class='ocrx_word' id='word_1_116' title='bbox 1787 312 1872 339; x_wconf 77' lang='lat' dir='ltr'><strong>satie-</strong></span> 
     </span>
    </p>
   </div>
   <div class='ocr_carea' id='block_1_21' title="bbox 1081 357 1872 394">
    <p class='ocr_par' dir='ltr' id='par_1_21' title="bbox 1081 357 1872 394">
     <span class='ocr_line' id='line_1_21' title="bbox 1081 357 1872 394; baseline -0.003 -9"><span class='ocrx_word' id='word_1_117' title='bbox 1081 364 1135 386; x_wconf 84' lang='lat' dir='ltr'><strong>tate</strong></span> <span class='ocrx_word' id='word_1_118' title='bbox 1157 359 1292 394; x_wconf 87' lang='lat' dir='ltr'><strong>accipere.</strong></span> <span class='ocrx_word' id='word_1_119' title='bbox 1315 358 1391 387; x_wconf 84' lang='lat' dir='ltr'><strong>Unde</strong></span> <span class='ocrx_word' id='word_1_120' title='bbox 1416 358 1500 385; x_wconf 87' lang='lat' dir='ltr'><strong>etiam</strong></span> <span class='ocrx_word' id='word_1_121' title='bbox 1527 358 1687 393; x_wconf 63' lang='lat' dir='ltr'><strong>angelorum</strong></span> <span class='ocrx_word' id='word_1_122' title='bbox 1711 357 1744 384; x_wconf 90' lang='lat' dir='ltr'><strong>ad</strong></span> <span class='ocrx_word' id='word_1_123' title='bbox 1769 363 1872 386; x_wconf 73' lang='lat' dir='ltr'><strong>aeterna</strong></span> 
     </span>
    </p>
   </div>
   <div class='ocr_carea' id='block_1_22' title="bbox 1080 402 1872 439">
    <p class='ocr_par' dir='ltr' id='par_1_22' title="bbox 1080 402 1872 439">
     <span class='ocr_line' id='line_1_22' title="bbox 1080 402 1872 439; baseline -0.001 -9"><span class='ocrx_word' id='word_1_124' title='bbox 1080 404 1151 431; x_wconf 90' lang='lat' dir='ltr'><strong>bona</strong></span> <span class='ocrx_word' id='word_1_125' title='bbox 1176 408 1347 439; x_wconf 82' lang='lat' dir='ltr'><strong>prospectus,</strong></span> <span class='ocrx_word' id='word_1_126' title='bbox 1361 411 1376 430; x_wconf 83' lang='lat' dir='ltr'><strong>a</strong></span> <span class='ocrx_word' id='word_1_127' title='bbox 1390 404 1509 438; x_wconf 83' lang='lat' dir='ltr'><strong>quodam</strong></span> <span class='ocrx_word' id='word_1_128' title='bbox 1540 404 1631 430; x_wconf 79' lang='lat' dir='ltr'><strong>aﬂluto</strong></span> <span class='ocrx_word' id='word_1_129' title='bbox 1646 403 1739 430; x_wconf 87' lang='lat' dir='ltr'><strong>divino</strong></span> <span class='ocrx_word' id='word_1_130' title='bbox 1758 402 1872 429; x_wconf 85' lang='lat' dir='ltr'><strong>numine</strong></span> 
     </span>
    </p>
   </div>
   <div class='ocr_carea' id='block_1_23' title="bbox 1080 449 1872 484">
    <p class='ocr_par' dir='ltr' id='par_1_23' title="bbox 1080 449 1872 484">
     <span class='ocr_line' id='line_1_23' title="bbox 1080 449 1872 484; baseline -0.001 -8"><span class='ocrx_word' id='word_1_131' title='bbox 1080 454 1209 484; x_wconf 87' lang='lat' dir='ltr'><strong>sumplus</strong></span> <span class='ocrx_word' id='word_1_132' title='bbox 1227 454 1269 476; x_wconf 87' lang='lat' dir='ltr'><strong>est</strong></span> <span class='ocrx_word' id='word_1_133' title='bbox 1286 454 1398 484; x_wconf 88' lang='lat' dir='ltr'><strong>propter</strong></span> <span class='ocrx_word' id='word_1_134' title='bbox 1415 449 1552 476; x_wconf 85' lang='lat' dir='ltr'><strong>desideria</strong></span> <span class='ocrx_word' id='word_1_135' title='bbox 1570 458 1576 476; x_wconf 92' lang='lat'>:</span> <span class='ocrx_word' id='word_1_136' title='bbox 1592 455 1723 484; x_wconf 90' lang='lat' dir='ltr'><strong>tanquam</strong></span> <span class='ocrx_word' id='word_1_137' title='bbox 1741 456 1789 484; x_wconf 85' lang='lat' dir='ltr'><strong>per</strong></span> <span class='ocrx_word' id='word_1_138' title='bbox 1807 455 1872 483; x_wconf 90' lang='lat' dir='ltr'><strong>pro-</strong></span> 
     </span>
    </p>
   </div>
   <div class='ocr_carea' id='block_1_24' title="bbox 1080 495 1874 531">
    <p class='ocr_par' dir='ltr' id='par_1_24' title="bbox 1080 495 1874 531">
     <span class='ocr_line' id='line_1_24' title="bbox 1080 495 1874 531; baseline -0.004 -7"><span class='ocrx_word' id='word_1_139' title='bbox 1080 501 1202 531; x_wconf 84' lang='lat' dir='ltr'><strong>spectum</strong></span> <span class='ocrx_word' id='word_1_140' title='bbox 1218 496 1286 522; x_wconf 90' lang='lat' dir='ltr'><strong>nihil</strong></span> <span class='ocrx_word' id='word_1_141' title='bbox 1304 495 1377 523; x_wconf 80' lang='lat' dir='ltr'><strong>aliud</strong></span> <span class='ocrx_word' id='word_1_142' title='bbox 1403 495 1453 530; x_wconf 82' lang='lat' dir='ltr'><strong>ipsi</strong></span> <span class='ocrx_word' id='word_1_143' title='bbox 1471 496 1649 530; x_wconf 84' lang='lat' dir='ltr'><strong>requisierint</strong></span> <span class='ocrx_word' id='word_1_144' title='bbox 1664 503 1745 530; x_wconf 87' lang='lat' dir='ltr'><strong>quam</strong></span> <span class='ocrx_word' id='word_1_145' title='bbox 1758 495 1801 522; x_wconf 86' lang='lat' dir='ltr'><strong>vel</strong></span> <span class='ocrx_word' id='word_1_146' title='bbox 1814 502 1874 522; x_wconf 86' lang='lat' dir='ltr'><strong>mo-</strong></span> 
     </span>
    </p>
   </div>
   <div class='ocr_carea' id='block_1_25' title="bbox 1080 541 1872 578">
    <p class='ocr_par' dir='ltr' id='par_1_25' title="bbox 1080 541 1872 578">
     <span class='ocr_line' id='line_1_25' title="bbox 1080 541 1872 578; baseline -0.001 -8"><span class='ocrx_word' id='word_1_147' title='bbox 1080 543 1169 570; x_wconf 72' lang='lat' dir='ltr'><strong>dicam</strong></span> <span class='ocrx_word' id='word_1_148' title='bbox 1190 542 1298 569; x_wconf 89' lang='lat' dir='ltr'><strong>illorum</strong></span> <span class='ocrx_word' id='word_1_149' title='bbox 1314 542 1440 578; x_wconf 77' lang='lat' dir='ltr'><strong>accipere</strong></span> <span class='ocrx_word' id='word_1_150' title='bbox 1454 543 1650 577; x_wconf 78' lang='lat' dir='ltr'><strong>cognitionem,</strong></span> <span class='ocrx_word' id='word_1_151' title='bbox 1675 542 1786 569; x_wconf 88' lang='lat' dir='ltr'><strong>assiduo</strong></span> <span class='ocrx_word' id='word_1_152' title='bbox 1799 541 1872 569; x_wconf 66' lang='lat' dir='ltr'><strong>desi-</strong></span> 
     </span>
    </p>
   </div>
   <div class='ocr_carea' id='block_1_26' title="bbox 1086 588 1419 624">
    <p class='ocr_par' dir='ltr' id='par_1_26' title="bbox 1086 588 1419 624">
     <span class='ocr_line' id='line_1_26' title="bbox 1086 588 1419 624; baseline 0 -8"><span class='ocrx_word' id='word_1_153' title='bbox 1086 589 1163 616; x_wconf 88' lang='lat' dir='ltr'><strong>derio</strong></span> <span class='ocrx_word' id='word_1_154' title='bbox 1176 596 1284 624; x_wconf 79' lang='lat' dir='ltr'><strong>semper</strong></span> <span class='ocrx_word' id='word_1_155' title='bbox 1299 588 1419 616; x_wconf 73' lang='lat' dir='ltr'><strong>affixam.</strong></span> 
     </span>
    </p>
   </div>
   <div class='ocr_carea' id='block_1_27' title="bbox 1361 645 1584 673">
    <p class='ocr_par' dir='ltr' id='par_1_27' title="bbox 1361 645 1584 673">
     <span class='ocr_line' id='line_1_27' title="bbox 1361 645 1584 673; baseline -0.004 0"><span class='ocrx_word' id='word_1_156' title='bbox 1361 645 1477 673; x_wconf 68' lang='lat' dir='ltr'><strong>CAPUT</strong></span> <span class='ocrx_word' id='word_1_157' title='bbox 1491 645 1584 673; x_wconf 77' lang='lat' dir='ltr'><strong>XVI“.</strong></span> 
     </span>
    </p>
   </div>
   <div class='ocr_carea' id='block_1_28' title="bbox 1081 712 1872 748">
    <p class='ocr_par' dir='ltr' id='par_1_28' title="bbox 1081 712 1872 748">
     <span class='ocr_line' id='line_1_28' title="bbox 1081 712 1872 748; baseline -0.003 -8"><span class='ocrx_word' id='word_1_158' title='bbox 1081 712 1184 740; x_wconf 79' lang='lat' dir='ltr'><strong>Salutio</strong></span> <span class='ocrx_word' id='word_1_159' title='bbox 1200 714 1268 740; x_wconf 73' lang='lat' dir='ltr'><strong>sexti</strong></span> <span class='ocrx_word' id='word_1_160' title='bbox 1280 713 1364 747; x_wconf 79' lang='lat' dir='ltr'><strong>sigilli</strong></span> <span class='ocrx_word' id='word_1_161' title='bbox 1382 713 1537 748; x_wconf 72' lang='lat' dir='ltr'><strong>signiﬁcans</strong></span> <span class='ocrx_word' id='word_1_162' title='bbox 1556 721 1601 739; x_wconf 75' lang='lat' dir='ltr'><strong>eas</strong></span> <span class='ocrx_word' id='word_1_163' title='bbox 1615 721 1673 747; x_wconf 77' lang='lat' dir='ltr'><strong>quas</strong></span> <span class='ocrx_word' id='word_1_164' title='bbox 1686 713 1834 747; x_wconf 71' lang='lat' dir='ltr'><strong>inferantur</strong></span> <span class='ocrx_word' id='word_1_165' title='bbox 1846 712 1872 738; x_wconf 81' lang='lat' dir='ltr'><strong>in</strong></span> 
     </span>
    </p>
   </div>
   <div class='ocr_carea' id='block_1_29' title="bbox 1301 749 1648 783">
    <p class='ocr_par' dir='ltr' id='par_1_29' title="bbox 1301 749 1648 783">
     <span class='ocr_line' id='line_1_29' title="bbox 1301 749 1648 783; baseline 0 -8"><span class='ocrx_word' id='word_1_166' title='bbox 1301 749 1528 775; x_wconf 74' lang='lat' dir='ltr'><strong>consummatione</strong></span> <span class='ocrx_word' id='word_1_167' title='bbox 1543 749 1648 783; x_wconf 72' lang='lat' dir='ltr'><strong>plaqus.</strong></span> 
     </span>
    </p>
   </div>
   <div class='ocr_carea' id='block_1_30' title="bbox 1119 815 1873 851">
    <p class='ocr_par' dir='ltr' id='par_1_30' title="bbox 1119 815 1873 851">
     <span class='ocr_line' id='line_1_30' title="bbox 1119 815 1873 851; baseline -0.001 -9"><span class='ocrx_word' id='word_1_168' title='bbox 1119 816 1162 850; x_wconf 83' lang='grc' dir='ltr'><strong>νι,</strong></span> <span class='ocrx_word' id='word_1_169' title='bbox 1189 817 1232 848; x_wconf 73' lang='grc' dir='ltr'><strong>ΙΞ,</strong></span> <span class='ocrx_word' id='word_1_170' title='bbox 1272 817 1312 844; x_wconf 78' lang='grc'><strong>15.</strong></span> <span class='ocrx_word' id='word_1_171' title='bbox 1348 816 1382 843; x_wconf 83' lang='lat' dir='ltr'><strong>Et</strong></span> <span class='ocrx_word' id='word_1_172' title='bbox 1410 817 1462 843; x_wconf 74' lang='lat' dir='ltr'><strong>vidi</strong></span> <span class='ocrx_word' id='word_1_173' title='bbox 1490 825 1549 843; x_wconf 80' lang='lat' dir='ltr'><strong>cum</strong></span> <span class='ocrx_word' id='word_1_174' title='bbox 1580 817 1725 850; x_wconf 67' lang='lat' dir='ltr'><strong>oportuisset</strong></span> <span class='ocrx_word' id='word_1_175' title='bbox 1755 815 1873 851; x_wconf 71' lang='lat' dir='ltr'><strong>sigillum</strong></span> 
     </span>
    </p>
   </div>
   <div class='ocr_carea' id='block_1_31' title="bbox 1081 861 1872 896">
    <p class='ocr_par' dir='ltr' id='par_1_31' title="bbox 1081 861 1872 896">
     <span class='ocr_line' id='line_1_31' title="bbox 1081 861 1872 896; baseline -0.004 -6"><span class='ocrx_word' id='word_1_176' title='bbox 1081 867 1185 890; x_wconf 71' lang='lat' dir='ltr'><strong>sextum</strong></span> <span class='ocrx_word' id='word_1_177' title='bbox 1202 870 1211 889; x_wconf 91' lang='lat'><em>:</em></span> <span class='ocrx_word' id='word_1_178' title='bbox 1227 868 1251 890; x_wconf 86' lang='lat' dir='ltr'><strong>et</strong></span> <span class='ocrx_word' id='word_1_179' title='bbox 1277 868 1443 890; x_wconf 72' lang='lat' dir='ltr'><strong>terrtrmatua</strong></span> <span class='ocrx_word' id='word_1_180' title='bbox 1470 863 1557 896; x_wconf 73' lang='lat' dir='ltr'><strong>fartus</strong></span> <span class='ocrx_word' id='word_1_181' title='bbox 1583 866 1622 889; x_wconf 79' lang='lat' dir='ltr'><strong>est</strong></span> <span class='ocrx_word' id='word_1_182' title='bbox 1637 869 1761 896; x_wconf 73' lang='lat' dir='ltr'><strong>magnus.</strong></span> <span class='ocrx_word' id='word_1_183' title='bbox 1787 866 1811 888; x_wconf 84' lang='lat' dir='ltr'><strong>el</strong></span> <span class='ocrx_word' id='word_1_184' title='bbox 1833 861 1872 888; x_wconf 74' lang='lat' dir='ltr'><strong>sui</strong></span> 
     </span>
    </p>
   </div>
   <div class='ocr_carea' id='block_1_32' title="bbox 230 908 1032 945">
    <p class='ocr_par' dir='ltr' id='par_1_32' title="bbox 230 908 1028 943">
     <span class='ocr_line' id='line_1_32' title="bbox 230 908 1028 943; baseline -0.001 -7"><span class='ocrx_word' id='word_1_185' title='bbox 230 908 339 943; x_wconf 73' lang='grc' dir='ltr'>μέλας,</span> <span class='ocrx_word' id='word_1_186' title='bbox 363 909 404 941; x_wconf 85' lang='grc' dir='ltr'>ὡς</span> <span class='ocrx_word' id='word_1_187' title='bbox 421 908 536 942; x_wconf 69' lang='grc' dir='ltr'>σάκκος</span> <span class='ocrx_word' id='word_1_188' title='bbox 561 909 695 943; x_wconf 81' lang='grc' dir='ltr'><strong>τρίχινος</strong></span> <span class='ocrx_word' id='word_1_189' title='bbox 706 916 712 923; x_wconf 90' lang='grc'><strong>·</strong></span> <span class='ocrx_word' id='word_1_190' title='bbox 731 908 780 935; x_wconf 76' lang='grc' dir='ltr'><strong>καὶ</strong></span> <span class='ocrx_word' id='word_1_191' title='bbox 804 909 822 942; x_wconf 76' lang='grc' dir='ltr'><strong><em>ἠ</em></strong></span> <span class='ocrx_word' id='word_1_192' title='bbox 837 908 955 942; x_wconf 72' lang='grc' dir='ltr'>σελήνη</span> <span class='ocrx_word' id='word_1_193' title='bbox 971 908 1028 942; x_wconf 84' lang='grc' dir='ltr'>ὅλη</span> 
     </span>
    </p>
   </div>
   <div class='ocr_carea' id='block_1_33' title="bbox 1085 908 1873 945">
    <p class='ocr_par' dir='ltr' id='par_1_33' title="bbox 1085 909 1873 944">
     <span class='ocr_line' id='line_1_33' title="bbox 1085 909 1873 944; baseline -0.004 -7"><span class='ocrx_word' id='word_1_194' title='bbox 1085 910 1168 942; x_wconf 74' lang='lat' dir='ltr'><strong>factus</strong></span> <span class='ocrx_word' id='word_1_195' title='bbox 1179 915 1216 937; x_wconf 79' lang='lat' dir='ltr'><strong>est</strong></span> <span class='ocrx_word' id='word_1_196' title='bbox 1227 911 1434 944; x_wconf 66' lang='lat' dir='ltr'><strong>uigerlauquam</strong></span> <span class='ocrx_word' id='word_1_197' title='bbox 1444 918 1537 936; x_wconf 77' lang='lat' dir='ltr'><strong>saccus</strong></span> <span class='ocrx_word' id='word_1_198' title='bbox 1553 910 1687 942; x_wconf 78' lang='lat' dir='ltr'><strong>cilicinus,</strong></span> <span class='ocrx_word' id='word_1_199' title='bbox 1703 913 1727 935; x_wconf 83' lang='lat' dir='ltr'><strong>et</strong></span> <span class='ocrx_word' id='word_1_200' title='bbox 1743 909 1808 935; x_wconf 85' lang='lat' dir='ltr'><strong>luna</strong></span> <span class='ocrx_word' id='word_1_201' title='bbox 1817 912 1873 934; x_wconf 83' lang='lat' dir='ltr'><strong>tota</strong></span> 
     </span>
    </p>
   </div>
   <div class='ocr_carea' id='block_1_34' title="bbox 233 953 1027 990">
    <p class='ocr_par' dir='ltr' id='par_1_34' title="bbox 233 953 1027 990">
     <span class='ocr_line' id='line_1_34' title="bbox 233 953 1027 990; baseline -0.001 -8"><span class='ocrx_word' id='word_1_202' title='bbox 233 955 352 990; x_wconf 70' lang='grc' dir='ltr'><em>ἐγένετο</em></span> <span class='ocrx_word' id='word_1_203' title='bbox 375 955 416 988; x_wconf 87' lang='grc' dir='ltr'>ὡς</span> <span class='ocrx_word' id='word_1_204' title='bbox 432 953 515 990; x_wconf 81' lang='grc' dir='ltr'>αἷμα,</span> <span class='ocrx_word' id='word_1_205' title='bbox 533 955 592 982; x_wconf 76' lang='grc' dir='ltr'><strong>-καὶ</strong></span> <span class='ocrx_word' id='word_1_206' title='bbox 618 956 645 982; x_wconf 83' lang='grc' dir='ltr'><em>οι</em></span> <span class='ocrx_word' id='word_1_207' title='bbox 669 955 797 989; x_wconf 80' lang='grc' dir='ltr'><strong>ἀστέρες</strong></span> <span class='ocrx_word' id='word_1_208' title='bbox 823 955 877 982; x_wconf 87' lang='grc' dir='ltr'><em>τοῦ</em></span> <span class='ocrx_word' id='word_1_209' title='bbox 895 955 1027 989; x_wconf 82' lang='grc' dir='ltr'><em>οὐρανοῦ</em></span> 
     </span>
    </p>
   </div>
   <div class='ocr_carea' id='block_1_35' title="bbox 233 1000 1028 1036">
    <p class='ocr_par' dir='ltr' id='par_1_35' title="bbox 233 1000 1028 1036">
     <span class='ocr_line' id='line_1_35' title="bbox 233 1000 1028 1036; baseline -0.001 -7"><span class='ocrx_word' id='word_1_210' title='bbox 233 1002 349 1029; x_wconf 77' lang='grc' dir='ltr'><em>ἔπεσον</em></span> <span class='ocrx_word' id='word_1_211' title='bbox 359 1002 404 1034; x_wconf 79' lang='grc' dir='ltr'><strong>εἰς</strong></span> <span class='ocrx_word' id='word_1_212' title='bbox 417 1001 475 1034; x_wconf 79' lang='grc' dir='ltr'><em>τὴν</em></span> <span class='ocrx_word' id='word_1_213' title='bbox 487 1000 556 1036; x_wconf 75' lang='grc' dir='ltr'><strong>γῆν,</strong></span> <span class='ocrx_word' id='word_1_214' title='bbox 572 1002 612 1035; x_wconf 84' lang='grc' dir='ltr'>ὠς</span> <span class='ocrx_word' id='word_1_215' title='bbox 628 1002 711 1036; x_wconf 76' lang='grc' dir='ltr'><strong>συκῆ</strong></span> <span class='ocrx_word' id='word_1_216' title='bbox 725 1001 837 1034; x_wconf 70' lang='grc' dir='ltr'>,βάλλει</span> <span class='ocrx_word' id='word_1_217' title='bbox 853 1001 924 1035; x_wconf 81' lang='grc' dir='ltr'><em>τοὺς</em></span> <span class='ocrx_word' id='word_1_218' title='bbox 939 1002 1028 1029; x_wconf 74' lang='grc' dir='ltr'><strong>ὀλύν-</strong></span> 
     </span>
    </p>
   </div>
   <div class='ocr_carea' id='block_1_36' title="bbox 234 1047 960 1083">
    <p class='ocr_par' dir='ltr' id='par_1_36' title="bbox 234 1047 960 1083">
     <span class='ocr_line' id='line_1_36' title="bbox 234 1047 960 1083; baseline 0 -8"><span class='ocrx_word' id='word_1_219' title='bbox 234 1050 308 1081; x_wconf 81' lang='grc' dir='ltr'><strong>θους</strong></span> <span class='ocrx_word' id='word_1_220' title='bbox 325 1048 434 1083; x_wconf 80' lang='grc' dir='ltr'><strong>αὐτῆς.</strong></span> <span class='ocrx_word' id='word_1_221' title='bbox 451 1047 510 1076; x_wconf 81' lang='grc' dir='ltr'><strong>ὑπὸ</strong></span> <span class='ocrx_word' id='word_1_222' title='bbox 525 1048 640 1083; x_wconf 80' lang='grc' dir='ltr'><strong>ἀνέμου</strong></span> <span class='ocrx_word' id='word_1_223' title='bbox 655 1048 791 1082; x_wconf 76' lang='grc' dir='ltr'><strong>μεγάλου</strong></span> <span class='ocrx_word' id='word_1_224' title='bbox 806 1048 960 1083; x_wconf 74' lang='grc' dir='ltr'><em>σειομένη.</em></span> 
     </span>
    </p>
   </div>
   <div class='ocr_carea' id='block_1_37' title="bbox 275 1093 1029 1130">
    <p class='ocr_par' dir='ltr' id='par_1_37' title="bbox 275 1093 1029 1130">
     <span class='ocr_line' id='line_1_37' title="bbox 275 1093 1029 1130; baseline -0.001 -10"><span class='ocrx_word' id='word_1_225' title='bbox 275 1094 309 1120; x_wconf 88' lang='lat' dir='ltr'><strong>&#39;H</strong></span> <span class='ocrx_word' id='word_1_226' title='bbox 325 1094 395 1129; x_wconf 70' lang='grc' dir='ltr'>ἕκτη</span> <span class='ocrx_word' id='word_1_227' title='bbox 415 1095 465 1130; x_wconf 79' lang='grc' dir='ltr'><strong>τῆς</strong></span> <span class='ocrx_word' id='word_1_228' title='bbox 490 1093 637 1128; x_wconf 75' lang='grc' dir='ltr'>σφραγῖδος</span> <span class='ocrx_word' id='word_1_229' title='bbox 674 1093 751 1125; x_wconf 84' lang='grc' dir='ltr'><strong>λύσις</strong></span> <span class='ocrx_word' id='word_1_230' title='bbox 774 1093 943 1128; x_wconf 78' lang='grc' dir='ltr'><strong>τελεωτάτην</strong></span> <span class='ocrx_word' id='word_1_231' title='bbox 962 1094 1029 1128; x_wconf 83' lang='grc' dir='ltr'>ἡμῖν</span> 
     </span>
    </p>
   </div>
   <div class='ocr_carea' id='block_1_38' title="bbox 234 1139 1029 1176">
    <p class='ocr_par' dir='ltr' id='par_1_38' title="bbox 234 1139 1029 1176">
     <span class='ocr_line' id='line_1_38' title="bbox 234 1139 1029 1176; baseline 0.001 -11"><span class='ocrx_word' id='word_1_232' title='bbox 234 1139 285 1176; x_wconf 76' lang='grc' dir='ltr'><strong>τὴν</strong></span> <span class='ocrx_word' id='word_1_233' title='bbox 298 1139 437 1176; x_wconf 78' lang='grc' dir='ltr'><strong>σωτηρίαν</strong></span> <span class='ocrx_word' id='word_1_234' title='bbox 458 1139 615 1176; x_wconf 76' lang='grc' dir='ltr'><strong>εἰργάσατο.</strong></span> <span class='ocrx_word' id='word_1_235' title='bbox 633 1140 712 1166; x_wconf 78' lang='grc' dir='ltr'><strong>Κατὰ</strong></span> <span class='ocrx_word' id='word_1_236' title='bbox 739 1139 842 1174; x_wconf 80' lang='grc' dir='ltr'>ταύτην</span> <span class='ocrx_word' id='word_1_237' title='bbox 858 1139 912 1174; x_wconf 78' lang='grc' dir='ltr'><strong>γὰρ</strong></span> <span class='ocrx_word' id='word_1_238' title='bbox 929 1140 943 1166; x_wconf 80' lang='grc' dir='ltr'>ὁ</span> <span class='ocrx_word' id='word_1_239' title='bbox 960 1140 1029 1175; x_wconf 88' lang='grc' dir='ltr'>Χρι-</span> 
     </span>
    </p>
   </div>
   <div class='ocr_carea' id='block_1_39' title="bbox 236 1185 1030 1221">
    <p class='ocr_par' dir='ltr' id='par_1_39' title="bbox 236 1185 1030 1221">
     <span class='ocr_line' id='line_1_39' title="bbox 236 1185 1030 1221; baseline -0.003 -8"><span class='ocrx_word' id='word_1_240' title='bbox 236 1186 299 1218; x_wconf 80' lang='grc' dir='ltr'>στὸς</span> <span class='ocrx_word' id='word_1_241' title='bbox 312 1186 357 1213; x_wconf 79' lang='grc' dir='ltr'><strong>τδν</strong></span> <span class='ocrx_word' id='word_1_242' title='bbox 370 1186 484 1213; x_wconf 82' lang='grc' dir='ltr'>θάνατον</span> <span class='ocrx_word' id='word_1_243' title='bbox 495 1186 640 1218; x_wconf 82' lang='grc' dir='ltr'><strong>κατέλυσε,</strong></span> <span class='ocrx_word' id='word_1_244' title='bbox 653 1185 701 1220; x_wconf 79' lang='grc' dir='ltr'><strong>τὴν</strong></span> <span class='ocrx_word' id='word_1_245' title='bbox 714 1185 787 1220; x_wconf 80' lang='grc' dir='ltr'><strong>ζωὴν</strong></span> <span class='ocrx_word' id='word_1_246' title='bbox 798 1186 968 1221; x_wconf 74' lang='grc' dir='ltr'>ἐπανήγαγε,</span> <span class='ocrx_word' id='word_1_247' title='bbox 983 1185 1030 1213; x_wconf 69' lang='grc' dir='ltr'><strong>τὸν</strong></span> 
     </span>
    </p>
   </div>
   <div class='ocr_carea' id='block_1_40' title="bbox 237 1231 1029 1268">
    <p class='ocr_par' dir='ltr' id='par_1_40' title="bbox 237 1231 1029 1268">
     <span class='ocr_line' id='line_1_40' title="bbox 237 1231 1029 1268; baseline 0 -9"><span class='ocrx_word' id='word_1_248' title='bbox 237 1232 351 1268; x_wconf 81' lang='grc' dir='ltr'>νικητὴν</span> <span class='ocrx_word' id='word_1_249' title='bbox 367 1232 422 1259; x_wconf 84' lang='grc' dir='ltr'><strong>τῶν</strong></span> <span class='ocrx_word' id='word_1_250' title='bbox 432 1231 584 1267; x_wconf 80' lang='grc' dir='ltr'><strong>ἀνθρώπων</strong></span> <span class='ocrx_word' id='word_1_251' title='bbox 600 1233 814 1267; x_wconf 78' lang='grc' dir='ltr'><strong>ἀπεστεφάνωσε</strong></span> <span class='ocrx_word' id='word_1_252' title='bbox 830 1232 1029 1267; x_wconf 73' lang='grc' dir='ltr'><strong>θριαμῦεύσας.</strong></span> 
     </span>
    </p>
   </div>
   <div class='ocr_carea' id='block_1_41' title="bbox 238 1276 1031 1313">
    <p class='ocr_par' dir='ltr' id='par_1_41' title="bbox 238 1276 1031 1313">
     <span class='ocr_line' id='line_1_41' title="bbox 238 1276 1031 1313; baseline -0.001 -9"><span class='ocrx_word' id='word_1_253' title='bbox 238 1277 310 1304; x_wconf 76' lang='grc' dir='ltr'>κατὰ</span> <span class='ocrx_word' id='word_1_254' title='bbox 331 1277 363 1304; x_wconf 80' lang='grc' dir='ltr'><em>τὸ</em></span> <span class='ocrx_word' id='word_1_255' title='bbox 378 1278 586 1313; x_wconf 77' lang='grc' dir='ltr'><strong>γεγραμμένον·</strong></span> <span class='ocrx_word' id='word_1_256' title='bbox 617 1287 626 1304; x_wconf 84' lang='grc'><strong><em>‹</em></strong></span> <span class='ocrx_word' id='word_1_257' title='bbox 651 1277 763 1312; x_wconf 80' lang='grc' dir='ltr'>’Δνέὸης</span> <span class='ocrx_word' id='word_1_258' title='bbox 781 1278 821 1309; x_wconf 83' lang='grc' dir='ltr'>εἰς</span> <span class='ocrx_word' id='word_1_259' title='bbox 838 1276 914 1311; x_wconf 77' lang='grc' dir='ltr'>ὕψος,</span> <span class='ocrx_word' id='word_1_260' title='bbox 939 1278 1031 1312; x_wconf 83' lang='grc' dir='ltr'><strong>ᾐχμα-</strong></span> 
     </span>
    </p>
   </div>
   <div class='ocr_carea' id='block_1_42' title="bbox 237 1321 1032 1361">
    <p class='ocr_par' dir='ltr' id='par_1_42' title="bbox 237 1321 1032 1361">
     <span class='ocr_line' id='line_1_42' title="bbox 237 1321 1032 1361; baseline -0.001 -12"><span class='ocrx_word' id='word_1_261' title='bbox 237 1322 377 1354; x_wconf 77' lang='grc' dir='ltr'>λώτευσας</span> <span class='ocrx_word' id='word_1_262' title='bbox 391 1322 594 1357; x_wconf 76' lang='grc' dir='ltr'><strong>αἰχμαλωσίαν.</strong></span> <span class='ocrx_word' id='word_1_263' title='bbox 614 1332 622 1348; x_wconf 74' lang='grc' dir='ltr'><em>ι</em></span> <span class='ocrx_word' id='word_1_264' title='bbox 642 1322 690 1354; x_wconf 79' lang='grc' dir='ltr'>Τίς</span> <span class='ocrx_word' id='word_1_265' title='bbox 709 1322 738 1349; x_wconf 79' lang='grc' dir='ltr'><strong>δὲ</strong></span> <span class='ocrx_word' id='word_1_266' title='bbox 754 1323 771 1357; x_wconf 85' lang='grc' dir='ltr'>ἠ</span> <span class='ocrx_word' id='word_1_267' title='bbox 788 1321 865 1353; x_wconf 83' lang='grc' dir='ltr'>λύσις</span> <span class='ocrx_word' id='word_1_268' title='bbox 878 1321 934 1361; x_wconf 51' lang='grc' dir='ltr'><strong>[τῆς</strong></span> <span class='ocrx_word' id='word_1_269' title='bbox 948 1322 1032 1357; x_wconf 72' lang='grc' dir='ltr'>ἕκτης</span> 
     </span>
    </p>
   </div>
   <div class='ocr_carea' id='block_1_43' title="bbox 239 1367 1030 1404">
    <p class='ocr_par' dir='ltr' id='par_1_43' title="bbox 239 1367 1030 1404">
     <span class='ocr_line' id='line_1_43' title="bbox 239 1367 1030 1404; baseline -0.001 -10"><span class='ocrx_word' id='word_1_270' title='bbox 239 1369 405 1404; x_wconf 77' lang='grc' dir='ltr'>σφραγῖδος;</span> <span class='ocrx_word' id='word_1_271' title='bbox 435 1369 464 1395; x_wconf 91' lang='lat'><strong>&#39;0</strong></span> <span class='ocrx_word' id='word_1_272' title='bbox 487 1369 603 1404; x_wconf 74' lang='grc' dir='ltr'>σταυρὸς</span> <span class='ocrx_word' id='word_1_273' title='bbox 618 1368 666 1395; x_wconf 78' lang='grc' dir='ltr'><strong>τοῦ</strong></span> <span class='ocrx_word' id='word_1_274' title='bbox 691 1368 795 1403; x_wconf 79' lang='grc' dir='ltr'><strong>Κυρίου</strong></span> <span class='ocrx_word' id='word_1_275' title='bbox 815 1367 861 1394; x_wconf 82' lang='grc' dir='ltr'><strong>καὶ</strong></span> <span class='ocrx_word' id='word_1_276' title='bbox 876 1368 890 1393; x_wconf 80' lang='grc' dir='ltr'>ὁ</span> <span class='ocrx_word' id='word_1_277' title='bbox 907 1368 1030 1400; x_wconf 76' lang='grc' dir='ltr'><em>οόινατος,</em></span> 
     </span>
    </p>
   </div>
   <div class='ocr_carea' id='block_1_44' title="bbox 238 1412 1033 1450">
    <p class='ocr_par' dir='ltr' id='par_1_44' title="bbox 238 1412 1033 1450">
     <span class='ocr_line' id='line_1_44' title="bbox 238 1412 1033 1450; baseline -0.003 -9"><span class='ocrx_word' id='word_1_278' title='bbox 238 1412 280 1446; x_wconf 70' lang='grc' dir='ltr'>οἷς</span> <span class='ocrx_word' id='word_1_279' title='bbox 299 1415 484 1450; x_wconf 71' lang='grc' dir='ltr'><strong>ἠκολούθησεν</strong></span> <span class='ocrx_word' id='word_1_280' title='bbox 510 1415 527 1450; x_wconf 84' lang='grc' dir='ltr'><strong>ἡ</strong></span> <span class='ocrx_word' id='word_1_281' title='bbox 556 1414 672 1441; x_wconf 80' lang='grc' dir='ltr'>εὐκταία</span> <span class='ocrx_word' id='word_1_282' title='bbox 699 1414 763 1440; x_wconf 78' lang='grc' dir='ltr'>πᾶσι</span> <span class='ocrx_word' id='word_1_283' title='bbox 794 1415 899 1444; x_wconf 78' lang='grc' dir='ltr'><em>πιστοῖς</em></span> <span class='ocrx_word' id='word_1_284' title='bbox 924 1422 954 1440; x_wconf 81' lang='grc' dir='ltr'><em>τε</em></span> <span class='ocrx_word' id='word_1_285' title='bbox 986 1414 1033 1440; x_wconf 80' lang='grc' dir='ltr'>καὶ</span> 
     </span>
    </p>
   </div>
   <div class='ocr_carea' id='block_1_45' title="bbox 239 1457 1031 1495">
    <p class='ocr_par' dir='ltr' id='par_1_45' title="bbox 239 1457 1031 1495">
     <span class='ocr_line' id='line_1_45' title="bbox 239 1457 1031 1495; baseline -0.004 -9"><span class='ocrx_word' id='word_1_286' title='bbox 239 1460 380 1495; x_wconf 83' lang='grc' dir='ltr'><strong>αἰσθητοῖς</strong></span> <span class='ocrx_word' id='word_1_287' title='bbox 397 1459 556 1491; x_wconf 75' lang='grc' dir='ltr'><strong>ἀνάστασις.</strong></span> <span class='ocrx_word' id='word_1_288' title='bbox 573 1458 665 1494; x_wconf 79' lang='grc' dir='ltr'>’Ἠπερ</span> <span class='ocrx_word' id='word_1_289' title='bbox 688 1459 718 1485; x_wconf 85' lang='grc' dir='ltr'><strong>οὐ</strong></span> <span class='ocrx_word' id='word_1_290' title='bbox 736 1458 816 1491; x_wconf 86' lang='grc' dir='ltr'>μόνον</span> <span class='ocrx_word' id='word_1_291' title='bbox 829 1458 892 1489; x_wconf 82' lang='grc' dir='ltr'><em>τοὺς</em></span> <span class='ocrx_word' id='word_1_292' title='bbox 910 1457 1031 1490; x_wconf 81' lang='grc' dir='ltr'><strong>ζῶντας,</strong></span> 
     </span>
    </p>
   </div>
   <div class='ocr_carea' id='block_1_46' title="bbox 240 1503 943 1541">
    <p class='ocr_par' dir='ltr' id='par_1_46' title="bbox 240 1503 943 1541">
     <span class='ocr_line' id='line_1_46' title="bbox 240 1503 943 1541; baseline -0.006 -9"><span class='ocrx_word' id='word_1_293' title='bbox 240 1505 312 1532; x_wconf 83' lang='grc' dir='ltr'><strong>ἀλλὰ</strong></span> <span class='ocrx_word' id='word_1_294' title='bbox 327 1505 375 1532; x_wconf 83' lang='grc' dir='ltr'><strong>καὶ</strong></span> <span class='ocrx_word' id='word_1_295' title='bbox 390 1505 454 1536; x_wconf 83' lang='grc' dir='ltr'>τοὺς</span> <span class='ocrx_word' id='word_1_296' title='bbox 470 1503 943 1541; x_wconf 24' lang='grc' dir='ltr'>προκεκοιμημένουςὶεὐηργέτησε.</span> 
     </span>
    </p>
   </div>
   <div class='ocr_carea' id='block_1_47' title="bbox 275 1548 1033 1585">
    <p class='ocr_par' dir='ltr' id='par_1_47' title="bbox 275 1548 1033 1585">
     <span class='ocr_line' id='line_1_47' title="bbox 275 1548 1033 1585; baseline -0.003 -8"><span class='ocrx_word' id='word_1_297' title='bbox 275 1551 330 1578; x_wconf 72' lang='grc' dir='ltr'><strong>Καὶ</strong></span> <span class='ocrx_word' id='word_1_298' title='bbox 346 1551 474 1585; x_wconf 82' lang='grc' dir='ltr'>σεισμὸς</span> <span class='ocrx_word' id='word_1_299' title='bbox 486 1549 582 1585; x_wconf 72' lang='grc' dir='ltr'>μέγας</span> <span class='ocrx_word' id='word_1_300' title='bbox 597 1549 726 1585; x_wconf 80' lang='grc' dir='ltr'><strong>ἐγένετο.</strong></span> <span class='ocrx_word' id='word_1_301' title='bbox 751 1548 848 1582; x_wconf 78' lang='grc' dir='ltr'>Σαφῶς</span> <span class='ocrx_word' id='word_1_302' title='bbox 864 1548 899 1575; x_wconf 84' lang='grc' dir='ltr'><em>τὰ</em></span> <span class='ocrx_word' id='word_1_303' title='bbox 923 1549 970 1576; x_wconf 73' lang='grc' dir='ltr'><strong>ἐπὶ</strong></span> <span class='ocrx_word' id='word_1_304' title='bbox 993 1549 1033 1585; x_wconf 79' lang='grc' dir='ltr'><em>τῷ</em></span> 
     </span>
    </p>
   </div>
   <div class='ocr_carea' id='block_1_48' title="bbox 1080 955 1872 991">
    <p class='ocr_par' dir='ltr' id='par_1_48' title="bbox 1080 955 1872 991">
     <span class='ocr_line' id='line_1_48' title="bbox 1080 955 1872 991; baseline -0.005 -8"><span class='ocrx_word' id='word_1_305' title='bbox 1080 956 1151 989; x_wconf 81' lang='lat' dir='ltr'><strong>{acta</strong></span> <span class='ocrx_word' id='word_1_306' title='bbox 1166 961 1204 983; x_wconf 82' lang='lat' dir='ltr'><strong>est</strong></span> <span class='ocrx_word' id='word_1_307' title='bbox 1219 962 1345 991; x_wconf 79' lang='lat' dir='ltr'><strong>tanquam</strong></span> <span class='ocrx_word' id='word_1_308' title='bbox 1366 957 1486 990; x_wconf 78' lang='lat' dir='ltr'><strong>sanguis,</strong></span> <span class='ocrx_word' id='word_1_309' title='bbox 1504 959 1529 982; x_wconf 82' lang='lat' dir='ltr'><strong>et</strong></span> <span class='ocrx_word' id='word_1_310' title='bbox 1541 955 1625 982; x_wconf 74' lang='lat' dir='ltr'><strong>s&#39;ella:</strong></span> <span class='ocrx_word' id='word_1_311' title='bbox 1641 955 1700 982; x_wconf 64' lang='grc' dir='ltr'>ειείὶ</span> <span class='ocrx_word' id='word_1_312' title='bbox 1720 955 1872 981; x_wconf 74' lang='lat' dir='ltr'><strong>ceciderunt</strong></span> 
     </span>
    </p>
   </div>
   <div class='ocr_carea' id='block_1_49' title="bbox 1078 1000 1874 1036">
    <p class='ocr_par' dir='ltr' id='par_1_49' title="bbox 1078 1000 1874 1036">
     <span class='ocr_line' id='line_1_49' title="bbox 1078 1000 1874 1036; baseline -0.003 -8"><span class='ocrx_word' id='word_1_313' title='bbox 1078 1002 1106 1029; x_wconf 82' lang='lat' dir='ltr'><strong>in</strong></span> <span class='ocrx_word' id='word_1_314' title='bbox 1124 1007 1233 1034; x_wconf 79' lang='lat' dir='ltr'><strong>terram,</strong></span> <span class='ocrx_word' id='word_1_315' title='bbox 1258 1003 1327 1029; x_wconf 81' lang='lat' dir='ltr'><strong>sicut</strong></span> <span class='ocrx_word' id='word_1_316' title='bbox 1351 1002 1418 1036; x_wconf 73' lang='lat' dir='ltr'><strong>ﬁcus</strong></span> <span class='ocrx_word' id='word_1_317' title='bbox 1450 1000 1543 1035; x_wconf 76' lang='lat' dir='ltr'><strong>abjirit</strong></span> <span class='ocrx_word' id='word_1_318' title='bbox 1574 1009 1679 1036; x_wconf 73' lang='lat' dir='ltr'><strong>graues</strong></span> <span class='ocrx_word' id='word_1_319' title='bbox 1699 1008 1762 1027; x_wconf 77' lang='lat' dir='ltr'><strong>suos</strong></span> <span class='ocrx_word' id='word_1_320' title='bbox 1781 1008 1840 1027; x_wconf 78' lang='lat' dir='ltr'><strong>cum</strong></span> <span class='ocrx_word' id='word_1_321' title='bbox 1857 1008 1874 1026; x_wconf 84' lang='grc' dir='ltr'><strong>α</strong></span> 
     </span>
    </p>
   </div>
   <div class='ocr_carea' id='block_1_50' title="bbox 1079 1054 1415 1085">
    <p class='ocr_par' dir='ltr' id='par_1_50' title="bbox 1079 1054 1415 1085">
     <span class='ocr_line' id='line_1_50' title="bbox 1079 1054 1415 1085; baseline 0 -9"><span class='ocrx_word' id='word_1_322' title='bbox 1079 1055 1154 1076; x_wconf 69' lang='lat' dir='ltr'><strong>tento</strong></span> <span class='ocrx_word' id='word_1_323' title='bbox 1174 1058 1269 1085; x_wconf 81' lang='lat' dir='ltr'><strong>magno</strong></span> <span class='ocrx_word' id='word_1_324' title='bbox 1285 1054 1415 1077; x_wconf 82' lang='lat' dir='ltr'><strong>movetur.</strong></span> 
     </span>
    </p>
   </div>
   <div class='ocr_carea' id='block_1_51' title="bbox 1116 1094 1873 1132">
    <p class='ocr_par' dir='ltr' id='par_1_51' title="bbox 1116 1094 1873 1132">
     <span class='ocr_line' id='line_1_51' title="bbox 1116 1094 1873 1132; baseline -0.004 -8"><span class='ocrx_word' id='word_1_325' title='bbox 1116 1095 1192 1124; x_wconf 84' lang='lat' dir='ltr'><strong>Sexti</strong></span> <span class='ocrx_word' id='word_1_326' title='bbox 1209 1096 1291 1131; x_wconf 79' lang='lat' dir='ltr'><strong>sigilli</strong></span> <span class='ocrx_word' id='word_1_327' title='bbox 1309 1096 1410 1124; x_wconf 86' lang='lat' dir='ltr'><strong>solutio</strong></span> <span class='ocrx_word' id='word_1_328' title='bbox 1423 1096 1649 1132; x_wconf 80' lang='lat' dir='ltr'><strong>perfectissimam</strong></span> <span class='ocrx_word' id='word_1_329' title='bbox 1664 1094 1745 1122; x_wconf 90' lang='lat' dir='ltr'><strong>nobis</strong></span> <span class='ocrx_word' id='word_1_330' title='bbox 1756 1095 1873 1122; x_wconf 83' lang='lat' dir='ltr'><strong>salutem</strong></span> 
     </span>
    </p>
   </div>
   <div class='ocr_carea' id='block_1_52' title="bbox 1081 1140 1876 1176">
    <p class='ocr_par' dir='ltr' id='par_1_52' title="bbox 1081 1140 1876 1176">
     <span class='ocr_line' id='line_1_52' title="bbox 1081 1140 1876 1176; baseline -0.001 -8"><span class='ocrx_word' id='word_1_331' title='bbox 1081 1146 1192 1176; x_wconf 87' lang='lat' dir='ltr'><strong>operata</strong></span> <span class='ocrx_word' id='word_1_332' title='bbox 1213 1148 1267 1170; x_wconf 90' lang='lat' dir='ltr'><strong>est.</strong></span> <span class='ocrx_word' id='word_1_333' title='bbox 1283 1141 1322 1169; x_wconf 77' lang='lat' dir='ltr'><strong>Ex</strong></span> <span class='ocrx_word' id='word_1_334' title='bbox 1338 1143 1389 1169; x_wconf 89' lang='lat' dir='ltr'><strong>hac</strong></span> <span class='ocrx_word' id='word_1_335' title='bbox 1402 1143 1475 1169; x_wconf 89' lang='lat' dir='ltr'><strong>enim</strong></span> <span class='ocrx_word' id='word_1_336' title='bbox 1497 1142 1625 1170; x_wconf 86' lang='lat' dir='ltr'><strong>Christus</strong></span> <span class='ocrx_word' id='word_1_337' title='bbox 1642 1145 1756 1168; x_wconf 88' lang='lat' dir='ltr'><strong>mortem</strong></span> <span class='ocrx_word' id='word_1_338' title='bbox 1774 1140 1876 1168; x_wconf 78' lang='lat' dir='ltr'><strong>dissul-</strong></span> 
     </span>
    </p>
   </div>
   <div class='ocr_carea' id='block_1_53' title="bbox 1081 1187 1876 1223">
    <p class='ocr_par' dir='ltr' id='par_1_53' title="bbox 1081 1187 1876 1223">
     <span class='ocr_line' id='line_1_53' title="bbox 1081 1187 1876 1223; baseline -0.001 -8"><span class='ocrx_word' id='word_1_339' title='bbox 1081 1188 1140 1221; x_wconf 87' lang='lat' dir='ltr'><strong>vit,</strong></span> <span class='ocrx_word' id='word_1_340' title='bbox 1165 1189 1249 1217; x_wconf 74' lang='lat' dir='ltr'><strong>vitam</strong></span> <span class='ocrx_word' id='word_1_341' title='bbox 1276 1189 1397 1222; x_wconf 78' lang='lat' dir='ltr'><strong>reduxit,</strong></span> <span class='ocrx_word' id='word_1_342' title='bbox 1413 1189 1448 1216; x_wconf 85' lang='lat' dir='ltr'><strong>ab</strong></span> <span class='ocrx_word' id='word_1_343' title='bbox 1464 1196 1496 1216; x_wconf 87' lang='lat' dir='ltr'><strong>eo</strong></span> <span class='ocrx_word' id='word_1_344' title='bbox 1514 1188 1561 1223; x_wconf 87' lang='lat' dir='ltr'><strong>qui</strong></span> <span class='ocrx_word' id='word_1_345' title='bbox 1586 1188 1710 1215; x_wconf 88' lang='lat' dir='ltr'><strong>homines</strong></span> <span class='ocrx_word' id='word_1_346' title='bbox 1736 1187 1876 1214; x_wconf 77' lang='lat' dir='ltr'><strong>devicerat</strong></span> 
     </span>
    </p>
   </div>
   <div class='ocr_carea' id='block_1_54' title="bbox 1082 1232 1874 1270">
    <p class='ocr_par' dir='ltr' id='par_1_54' title="bbox 1082 1232 1874 1270">
     <span class='ocr_line' id='line_1_54' title="bbox 1082 1232 1874 1270; baseline -0.003 -8"><span class='ocrx_word' id='word_1_347' title='bbox 1082 1234 1292 1270; x_wconf 82' lang='lat' dir='ltr'><strong>trinntphando,</strong></span> <span class='ocrx_word' id='word_1_348' title='bbox 1325 1242 1459 1262; x_wconf 79' lang='lat' dir='ltr'><strong>coronant</strong></span> <span class='ocrx_word' id='word_1_349' title='bbox 1488 1234 1604 1262; x_wconf 85' lang='lat' dir='ltr'><strong>abstulit</strong></span> <span class='ocrx_word' id='word_1_350' title='bbox 1623 1234 1723 1269; x_wconf 81' lang='lat' dir='ltr'><strong>:juxta</strong></span> <span class='ocrx_word' id='word_1_351' title='bbox 1752 1233 1778 1260; x_wconf 85' lang='lat' dir='ltr'><strong>id</strong></span> <span class='ocrx_word' id='word_1_352' title='bbox 1801 1232 1874 1268; x_wconf 86' lang='lat' dir='ltr'><strong>quod</strong></span> 
     </span>
    </p>
   </div>
   <div class='ocr_carea' id='block_1_55' title="bbox 1082 1279 1874 1315">
    <p class='ocr_par' dir='ltr' id='par_1_55' title="bbox 1082 1279 1874 1315">
     <span class='ocr_line' id='line_1_55' title="bbox 1082 1279 1874 1315; baseline -0.003 -8"><span class='ocrx_word' id='word_1_353' title='bbox 1082 1280 1214 1315; x_wconf 89' lang='lat' dir='ltr'><strong>scriptum</strong></span> <span class='ocrx_word' id='word_1_354' title='bbox 1229 1285 1289 1308; x_wconf 87' lang='lat' dir='ltr'><strong>est:</strong></span> <span class='ocrx_word' id='word_1_355' title='bbox 1307 1290 1316 1306; x_wconf 79' lang='grc' dir='ltr'><em>ι</em></span> <span class='ocrx_word' id='word_1_356' title='bbox 1335 1281 1490 1308; x_wconf 80' lang='lat' dir='ltr'><strong>Ascendisti</strong></span> <span class='ocrx_word' id='word_1_357' title='bbox 1508 1281 1534 1307; x_wconf 95' lang='lat' dir='ltr'><strong>in</strong></span> <span class='ocrx_word' id='word_1_358' title='bbox 1559 1281 1661 1312; x_wconf 84' lang='lat' dir='ltr'><strong>altum,</strong></span> <span class='ocrx_word' id='word_1_359' title='bbox 1689 1279 1874 1314; x_wconf 74' lang='lat' dir='ltr'><strong>captivitatem</strong></span> 
     </span>
    </p>
   </div>
   <div class='ocr_carea' id='block_1_56' title="bbox 1082 1324 1875 1362">
    <p class='ocr_par' dir='ltr' id='par_1_56' title="bbox 1082 1324 1875 1362">
     <span class='ocr_line' id='line_1_56' title="bbox 1082 1324 1875 1362; baseline -0.004 -9"><span class='ocrx_word' id='word_1_360' title='bbox 1082 1326 1186 1354; x_wconf 83' lang='lat' dir='ltr'><strong>duxisti</strong></span> <span class='ocrx_word' id='word_1_361' title='bbox 1201 1327 1339 1362; x_wconf 87' lang='lat' dir='ltr'><strong>captivam</strong></span> <span class='ocrx_word' id='word_1_362' title='bbox 1355 1327 1387 1355; x_wconf 77' lang='lat'><strong>“.</strong></span> <span class='ocrx_word' id='word_1_363' title='bbox 1407 1337 1416 1353; x_wconf 76' lang='grc' dir='ltr'><em>ι</em></span> <span class='ocrx_word' id='word_1_364' title='bbox 1439 1326 1505 1360; x_wconf 66' lang='lat' dir='ltr'><strong>Quae</strong></span> <span class='ocrx_word' id='word_1_365' title='bbox 1530 1332 1571 1354; x_wconf 88' lang='lat' dir='ltr'><strong>cst</strong></span> <span class='ocrx_word' id='word_1_366' title='bbox 1591 1331 1681 1354; x_wconf 81' lang='lat' dir='ltr'><strong>autent</strong></span> <span class='ocrx_word' id='word_1_367' title='bbox 1708 1325 1777 1353; x_wconf 81' lang='lat' dir='ltr'><strong>sexti</strong></span> <span class='ocrx_word' id='word_1_368' title='bbox 1793 1324 1875 1360; x_wconf 77' lang='lat' dir='ltr'><strong>sigilli</strong></span> 
     </span>
    </p>
   </div>
   <div class='ocr_carea' id='block_1_57' title="bbox 1083 1372 1876 1402">
    <p class='ocr_par' dir='ltr' id='par_1_57' title="bbox 1083 1372 1876 1402">
     <span class='ocr_line' id='line_1_57' title="bbox 1083 1372 1876 1402; baseline -0.006 -2"><span class='ocrx_word' id='word_1_369' title='bbox 1083 1373 1201 1400; x_wconf 84' lang='lat' dir='ltr'><strong>solutio?</strong></span> <span class='ocrx_word' id='word_1_370' title='bbox 1225 1372 1298 1400; x_wconf 85' lang='lat' dir='ltr'><strong>Crux</strong></span> <span class='ocrx_word' id='word_1_371' title='bbox 1312 1377 1339 1400; x_wconf 88' lang='lat' dir='ltr'><strong>et</strong></span> <span class='ocrx_word' id='word_1_372' title='bbox 1355 1380 1429 1400; x_wconf 90' lang='lat' dir='ltr'><strong>mors</strong></span> <span class='ocrx_word' id='word_1_373' title='bbox 1456 1372 1562 1399; x_wconf 74' lang='lat' dir='ltr'><strong>Domini</strong></span> <span class='ocrx_word' id='word_1_374' title='bbox 1578 1391 1585 1402; x_wconf 84' lang='lat'><strong><em>.</em></strong></span> <span class='ocrx_word' id='word_1_375' title='bbox 1615 1372 1688 1398; x_wconf 84' lang='lat' dir='ltr'><strong>unde</strong></span> <span class='ocrx_word' id='word_1_376' title='bbox 1712 1376 1806 1398; x_wconf 85' lang='lat' dir='ltr'><strong>secuta</strong></span> <span class='ocrx_word' id='word_1_377' title='bbox 1832 1376 1876 1396; x_wconf 79' lang='lat' dir='ltr'><strong>eSt</strong></span> 
     </span>
    </p>
   </div>
   <div class='ocr_carea' id='block_1_58' title="bbox 1084 1418 1877 1453">
    <p class='ocr_par' dir='ltr' id='par_1_58' title="bbox 1084 1418 1877 1453">
     <span class='ocr_line' id='line_1_58' title="bbox 1084 1418 1877 1453; baseline -0.005 -8"><span class='ocrx_word' id='word_1_378' title='bbox 1084 1418 1202 1453; x_wconf 87' lang='lat' dir='ltr'><strong>optanda</strong></span> <span class='ocrx_word' id='word_1_379' title='bbox 1213 1418 1323 1446; x_wconf 87' lang='lat' dir='ltr'><strong>cunctis</strong></span> <span class='ocrx_word' id='word_1_380' title='bbox 1337 1422 1391 1445; x_wconf 90' lang='lat' dir='ltr'><strong>tam</strong></span> <span class='ocrx_word' id='word_1_381' title='bbox 1405 1418 1531 1446; x_wconf 68' lang='lat' dir='ltr'><strong>fidelibus</strong></span> <span class='ocrx_word' id='word_1_382' title='bbox 1542 1425 1624 1453; x_wconf 87' lang='lat' dir='ltr'><strong>quam</strong></span> <span class='ocrx_word' id='word_1_383' title='bbox 1640 1425 1752 1445; x_wconf 79' lang='lat' dir='ltr'><strong>sensum</strong></span> <span class='ocrx_word' id='word_1_384' title='bbox 1762 1423 1877 1450; x_wconf 60' lang='lat' dir='ltr'><strong>sequen-</strong></span> 
     </span>
    </p>
   </div>
   <div class='ocr_carea' id='block_1_59' title="bbox 1084 1460 1877 1499">
    <p class='ocr_par' dir='ltr' id='par_1_59' title="bbox 1084 1460 1877 1499">
     <span class='ocr_line' id='line_1_59' title="bbox 1084 1460 1877 1499; baseline -0.006 -7"><span class='ocrx_word' id='word_1_385' title='bbox 1084 1464 1158 1493; x_wconf 87' lang='lat' dir='ltr'><strong>tibns</strong></span> <span class='ocrx_word' id='word_1_386' title='bbox 1185 1464 1362 1496; x_wconf 83' lang='lat' dir='ltr'><strong>resurrectio,</strong></span> <span class='ocrx_word' id='word_1_387' title='bbox 1389 1471 1449 1499; x_wconf 64' lang='lat' dir='ltr'><strong>quas</strong></span> <span class='ocrx_word' id='word_1_388' title='bbox 1469 1471 1524 1490; x_wconf 91' lang='lat' dir='ltr'><strong>non</strong></span> <span class='ocrx_word' id='word_1_389' title='bbox 1540 1464 1618 1490; x_wconf 74' lang='lat' dir='ltr'><strong>vivos</strong></span> <span class='ocrx_word' id='word_1_390' title='bbox 1637 1463 1726 1490; x_wconf 82' lang='lat' dir='ltr'><strong>solum</strong></span> <span class='ocrx_word' id='word_1_391' title='bbox 1744 1460 1877 1489; x_wconf 77' lang='lat' dir='ltr'><strong>beneﬁcio</strong></span> 
     </span>
    </p>
   </div>
   <div class='ocr_carea' id='block_1_60' title="bbox 1085 1508 1836 1545">
    <p class='ocr_par' dir='ltr' id='par_1_60' title="bbox 1085 1508 1836 1545">
     <span class='ocr_line' id='line_1_60' title="bbox 1085 1508 1836 1545; baseline -0.007 -7"><span class='ocrx_word' id='word_1_392' title='bbox 1085 1511 1186 1541; x_wconf 83' lang='lat' dir='ltr'><strong>all&#39;ecit,</strong></span> <span class='ocrx_word' id='word_1_393' title='bbox 1204 1519 1299 1537; x_wconf 88' lang='lat' dir='ltr'><strong>verum</strong></span> <span class='ocrx_word' id='word_1_394' title='bbox 1315 1511 1396 1537; x_wconf 84' lang='lat' dir='ltr'><strong>etiam</strong></span> <span class='ocrx_word' id='word_1_395' title='bbox 1414 1510 1475 1537; x_wconf 88' lang='lat' dir='ltr'><strong>illos</strong></span> <span class='ocrx_word' id='word_1_396' title='bbox 1488 1510 1535 1545; x_wconf 80' lang='lat' dir='ltr'><strong>qui</strong></span> <span class='ocrx_word' id='word_1_397' title='bbox 1556 1514 1635 1537; x_wconf 85' lang='lat' dir='ltr'><strong>antea</strong></span> <span class='ocrx_word' id='word_1_398' title='bbox 1653 1508 1836 1536; x_wconf 85' lang='lat' dir='ltr'><strong>dormierant.</strong></span> 
     </span>
    </p>
   </div>
   <div class='ocr_carea' id='block_1_61' title="bbox 1121 1553 1877 1591">
    <p class='ocr_par' dir='ltr' id='par_1_61' title="bbox 1121 1553 1877 1591">
     <span class='ocr_line' id='line_1_61' title="bbox 1121 1553 1877 1591; baseline -0.003 -9"><span class='ocrx_word' id='word_1_399' title='bbox 1121 1555 1155 1583; x_wconf 90' lang='lat' dir='ltr'><strong>Et</strong></span> <span class='ocrx_word' id='word_1_400' title='bbox 1172 1560 1338 1583; x_wconf 67' lang='lat' dir='ltr'><strong>tet-remotus</strong></span> <span class='ocrx_word' id='word_1_401' title='bbox 1359 1556 1446 1590; x_wconf 78' lang='lat' dir='ltr'><strong>[actus</strong></span> <span class='ocrx_word' id='word_1_402' title='bbox 1472 1560 1511 1582; x_wconf 77' lang='lat' dir='ltr'><strong>est</strong></span> <span class='ocrx_word' id='word_1_403' title='bbox 1526 1563 1648 1591; x_wconf 79' lang='lat' dir='ltr'><strong>magnus.</strong></span> <span class='ocrx_word' id='word_1_404' title='bbox 1668 1553 1810 1581; x_wconf 76' lang='lat' dir='ltr'><strong>Manifesta</strong></span> <span class='ocrx_word' id='word_1_405' title='bbox 1827 1553 1877 1580; x_wconf 86' lang='lat' dir='ltr'><strong>de-</strong></span> 
     </span>
    </p>
   </div>
   <div class='ocr_carea' id='block_1_62' title="bbox 241 1592 1032 1635">
    <p class='ocr_par' dir='ltr' id='par_1_62' title="bbox 241 1592 1031 1631">
     <span class='ocr_line' id='line_1_62' title="bbox 241 1592 1031 1631; baseline -0.006 -8"><span class='ocrx_word' id='word_1_406' title='bbox 241 1595 351 1631; x_wconf 75' lang='grc' dir='ltr'><strong>σταυρῷ</strong></span> <span class='ocrx_word' id='word_1_407' title='bbox 365 1595 537 1630; x_wconf 83' lang='grc' dir='ltr'><strong>γεγενημένα</strong></span> <span class='ocrx_word' id='word_1_408' title='bbox 552 1595 653 1630; x_wconf 82' lang='grc' dir='ltr'>σημεῖα</span> <span class='ocrx_word' id='word_1_409' title='bbox 678 1594 695 1629; x_wconf 82' lang='grc' dir='ltr'><strong>ἡ</strong></span> <span class='ocrx_word' id='word_1_410' title='bbox 711 1592 829 1620; x_wconf 83' lang='grc' dir='ltr'><em>ὀπτασία</em></span> <span class='ocrx_word' id='word_1_411' title='bbox 844 1593 911 1628; x_wconf 82' lang='grc' dir='ltr'>ἡμῖν</span> <span class='ocrx_word' id='word_1_412' title='bbox 926 1593 1031 1625; x_wconf 74' lang='grc' dir='ltr'><strong>ἀναζω-</strong></span> 
     </span>
    </p>
   </div>
   <div class='ocr_carea' id='block_1_63' title="bbox 1085 1592 1878 1635">
    <p class='ocr_par' dir='ltr' id='par_1_63' title="bbox 1088 1598 1878 1635">
     <span class='ocr_line' id='line_1_63' title="bbox 1088 1598 1878 1635; baseline -0.004 -8"><span class='ocrx_word' id='word_1_413' title='bbox 1088 1600 1184 1628; x_wconf 85' lang='lat' dir='ltr'><strong>scribit</strong></span> <span class='ocrx_word' id='word_1_414' title='bbox 1207 1600 1287 1627; x_wconf 88' lang='lat' dir='ltr'><strong>nohis</strong></span> <span class='ocrx_word' id='word_1_415' title='bbox 1309 1600 1378 1627; x_wconf 84' lang='lat' dir='ltr'><strong>visio</strong></span> <span class='ocrx_word' id='word_1_416' title='bbox 1404 1600 1482 1633; x_wconf 81' lang='lat' dir='ltr'><strong>signa</strong></span> <span class='ocrx_word' id='word_1_417' title='bbox 1503 1607 1564 1635; x_wconf 67' lang='lat' dir='ltr'><strong>qua:</strong></span> <span class='ocrx_word' id='word_1_418' title='bbox 1581 1599 1608 1626; x_wconf 92' lang='lat' dir='ltr'><strong>in</strong></span> <span class='ocrx_word' id='word_1_419' title='bbox 1622 1599 1724 1626; x_wconf 86' lang='lat' dir='ltr'><strong>Christi</strong></span> <span class='ocrx_word' id='word_1_420' title='bbox 1750 1598 1878 1634; x_wconf 80' lang='lat' dir='ltr'><strong>passione</strong></span> 
     </span>
    </p>
   </div>
   <div class='ocr_carea' id='block_1_64' title="bbox 240 1639 1032 1677">
    <p class='ocr_par' dir='ltr' id='par_1_64' title="bbox 240 1639 1032 1677">
     <span class='ocr_line' id='line_1_64' title="bbox 240 1639 1032 1677; baseline -0.003 -9"><span class='ocrx_word' id='word_1_421' title='bbox 240 1642 352 1677; x_wconf 71' lang='grc' dir='ltr'>γραφεῖ,</span> <span class='ocrx_word' id='word_1_422' title='bbox 366 1641 412 1668; x_wconf 77' lang='grc' dir='ltr'><em>τὸν</em></span> <span class='ocrx_word' id='word_1_423' title='bbox 428 1641 541 1676; x_wconf 80' lang='grc' dir='ltr'>σεισμὸν</span> <span class='ocrx_word' id='word_1_424' title='bbox 557 1641 604 1667; x_wconf 75' lang='grc' dir='ltr'><strong>καὶ</strong></span> <span class='ocrx_word' id='word_1_425' title='bbox 622 1639 667 1666; x_wconf 79' lang='grc' dir='ltr'><strong>τὸν</strong></span> <span class='ocrx_word' id='word_1_426' title='bbox 684 1639 778 1666; x_wconf 83' lang='grc' dir='ltr'><em>κλόνον</em></span> <span class='ocrx_word' id='word_1_427' title='bbox 795 1639 846 1674; x_wconf 83' lang='grc' dir='ltr'><strong>τῆς</strong></span> <span class='ocrx_word' id='word_1_428' title='bbox 862 1639 923 1673; x_wconf 83' lang='grc' dir='ltr'>γῆς,</span> <span class='ocrx_word' id='word_1_429' title='bbox 940 1639 971 1665; x_wconf 75' lang='grc' dir='ltr'><em>τὸ</em></span> <span class='ocrx_word' id='word_1_430' title='bbox 985 1639 1032 1666; x_wconf 78' lang='grc' dir='ltr'><em>τοῦ</em></span> 
     </span>
    </p>
   </div>
   <div class='ocr_carea' id='block_1_65' title="bbox 241 1683 1034 1723">
    <p class='ocr_par' dir='ltr' id='par_1_65' title="bbox 241 1683 1034 1723">
     <span class='ocr_line' id='line_1_65' title="bbox 241 1683 1034 1723; baseline -0.004 -9"><span class='ocrx_word' id='word_1_431' title='bbox 241 1688 317 1723; x_wconf 76' lang='grc' dir='ltr'>ἡλίου</span> <span class='ocrx_word' id='word_1_432' title='bbox 343 1687 440 1718; x_wconf 80' lang='grc' dir='ltr'>σκότος</span> <span class='ocrx_word' id='word_1_433' title='bbox 465 1687 512 1713; x_wconf 71' lang='grc' dir='ltr'><strong>καὶ</strong></span> <span class='ocrx_word' id='word_1_434' title='bbox 537 1686 589 1721; x_wconf 78' lang='grc' dir='ltr'><strong>τῆς</strong></span> <span class='ocrx_word' id='word_1_435' title='bbox 614 1686 729 1721; x_wconf 83' lang='grc' dir='ltr'><strong>σελήνης</strong></span> <span class='ocrx_word' id='word_1_436' title='bbox 752 1685 817 1720; x_wconf 81' lang='grc' dir='ltr'>ὅλης</span> <span class='ocrx_word' id='word_1_437' title='bbox 835 1685 883 1721; x_wconf 80' lang='grc' dir='ltr'><em>τὴν</em></span> <span class='ocrx_word' id='word_1_438' title='bbox 900 1687 939 1717; x_wconf 86' lang='grc' dir='ltr'><strong>εἰς</strong></span> <span class='ocrx_word' id='word_1_439' title='bbox 963 1683 1034 1720; x_wconf 71' lang='grc' dir='ltr'><em>αἷμα</em></span> 
     </span>
    </p>
   </div>
   <div class='ocr_carea' id='block_1_66' title="bbox 243 1731 1032 1768">
    <p class='ocr_par' dir='ltr' id='par_1_66' title="bbox 243 1731 1032 1768">
     <span class='ocr_line' id='line_1_66' title="bbox 243 1731 1032 1768; baseline -0.003 -9"><span class='ocrx_word' id='word_1_440' title='bbox 243 1732 405 1768; x_wconf 76' lang='grc' dir='ltr'><strong>μεταϐολήν.</strong></span> <span class='ocrx_word' id='word_1_441' title='bbox 429 1732 503 1759; x_wconf 80' lang='grc' dir='ltr'><strong>Πάνυ</strong></span> <span class='ocrx_word' id='word_1_442' title='bbox 523 1732 551 1758; x_wconf 80' lang='grc' dir='ltr'><strong>δὲ</strong></span> <span class='ocrx_word' id='word_1_443' title='bbox 574 1731 696 1767; x_wconf 69' lang='grc' dir='ltr'>ἀκριϐῶς</span> <span class='ocrx_word' id='word_1_444' title='bbox 713 1731 760 1757; x_wconf 77' lang='grc' dir='ltr'><strong>ἐπὶ</strong></span> <span class='ocrx_word' id='word_1_445' title='bbox 782 1731 832 1764; x_wconf 83' lang='grc' dir='ltr'><strong>τῆς</strong></span> <span class='ocrx_word' id='word_1_446' title='bbox 857 1731 973 1766; x_wconf 73' lang='grc' dir='ltr'>σελήνης</span> <span class='ocrx_word' id='word_1_447' title='bbox 992 1731 1032 1763; x_wconf 77' lang='grc' dir='ltr'><strong>τὸ,</strong></span> 
     </span>
    </p>
   </div>
   <div class='ocr_carea' id='block_1_67' title="bbox 241 1776 1034 1813">
    <p class='ocr_par' dir='ltr' id='par_1_67' title="bbox 241 1776 1034 1813">
     <span class='ocr_line' id='line_1_67' title="bbox 241 1776 1034 1813; baseline -0.004 -8"><span class='ocrx_word' id='word_1_448' title='bbox 241 1778 309 1812; x_wconf 83' lang='grc' dir='ltr'>ὅλη.</span> <span class='ocrx_word' id='word_1_449' title='bbox 336 1778 496 1813; x_wconf 82' lang='grc' dir='ltr'><strong>δεδήλωται.</strong></span> <span class='ocrx_word' id='word_1_450' title='bbox 519 1777 680 1812; x_wconf 80' lang='grc' dir='ltr'>Πλησιφαὴς</span> <span class='ocrx_word' id='word_1_451' title='bbox 705 1776 760 1812; x_wconf 81' lang='grc' dir='ltr'>γὰρ</span> <span class='ocrx_word' id='word_1_452' title='bbox 777 1776 855 1808; x_wconf 76' lang='grc' dir='ltr'><em>οὖσα,</em></span> <span class='ocrx_word' id='word_1_453' title='bbox 873 1776 920 1803; x_wconf 78' lang='grc' dir='ltr'><strong>ἅτε</strong></span> <span class='ocrx_word' id='word_1_454' title='bbox 937 1785 1034 1803; x_wconf 77' lang='grc' dir='ltr'><strong>τεσσα-</strong></span> 
     </span>
    </p>
   </div>
   <div class='ocr_carea' id='block_1_68' title="bbox 242 1823 1034 1860">
    <p class='ocr_par' dir='ltr' id='par_1_68' title="bbox 242 1823 1034 1860">
     <span class='ocr_line' id='line_1_68' title="bbox 242 1823 1034 1860; baseline -0.003 -9"><span class='ocrx_word' id='word_1_455' title='bbox 242 1824 471 1860; x_wconf 67' lang='grc' dir='ltr'>ρεσκαιδεκαταίίι</span> <span class='ocrx_word' id='word_1_456' title='bbox 487 1823 566 1856; x_wconf 71' lang='grc' dir='ltr'><em>οὖσα,</em></span> <span class='ocrx_word' id='word_1_457' title='bbox 582 1823 630 1850; x_wconf 79' lang='grc' dir='ltr'>καὶ</span> <span class='ocrx_word' id='word_1_458' title='bbox 643 1823 713 1850; x_wconf 71' lang='grc' dir='ltr'>κατὰ</span> <span class='ocrx_word' id='word_1_459' title='bbox 726 1823 873 1858; x_wconf 85' lang='grc' dir='ltr'>διάμετρον</span> <span class='ocrx_word' id='word_1_460' title='bbox 888 1823 1034 1856; x_wconf 80' lang='grc' dir='ltr'><strong>ἀφεστῶσα</strong></span> 
     </span>
    </p>
   </div>
   <div class='ocr_carea' id='block_1_69' title="bbox 241 1870 1033 1907">
    <p class='ocr_par' dir='ltr' id='par_1_69' title="bbox 241 1870 1033 1907">
     <span class='ocr_line' id='line_1_69' title="bbox 241 1870 1033 1907; baseline -0.001 -10"><span class='ocrx_word' id='word_1_461' title='bbox 241 1871 287 1897; x_wconf 84' lang='grc' dir='ltr'><em>τοῦ</em></span> <span class='ocrx_word' id='word_1_462' title='bbox 302 1871 389 1907; x_wconf 86' lang='grc' dir='ltr'>ήλίου,</span> <span class='ocrx_word' id='word_1_463' title='bbox 406 1870 466 1902; x_wconf 81' lang='grc' dir='ltr'><strong>πῶς</strong></span> <span class='ocrx_word' id='word_1_464' title='bbox 479 1870 522 1897; x_wconf 79' lang='grc' dir='ltr'><strong>οἵα</strong></span> <span class='ocrx_word' id='word_1_465' title='bbox 538 1879 567 1897; x_wconf 82' lang='grc' dir='ltr'><em>τε</em></span> <span class='ocrx_word' id='word_1_466' title='bbox 581 1870 626 1896; x_wconf 80' lang='grc' dir='ltr'><strong>τὸν</strong></span> <span class='ocrx_word' id='word_1_467' title='bbox 641 1870 715 1905; x_wconf 66' lang='grc' dir='ltr'>ἥλιον</span> <span class='ocrx_word' id='word_1_468' title='bbox 731 1871 764 1905; x_wconf 81' lang='grc' dir='ltr'><strong>τῇ</strong></span> <span class='ocrx_word' id='word_1_469' title='bbox 778 1870 879 1904; x_wconf 77' lang='grc' dir='ltr'><strong>ἑαυτῆς</strong></span> <span class='ocrx_word' id='word_1_470' title='bbox 892 1870 1033 1906; x_wconf 82' lang='grc' dir='ltr'>ὑποδρομῇ</span> 
     </span>
    </p>
   </div>
   <div class='ocr_carea' id='block_1_70' title="bbox 242 1915 1036 1952">
    <p class='ocr_par' dir='ltr' id='par_1_70' title="bbox 242 1915 1036 1952">
     <span class='ocr_line' id='line_1_70' title="bbox 242 1915 1036 1952; baseline -0.003 -8"><span class='ocrx_word' id='word_1_471' title='bbox 242 1917 386 1949; x_wconf 60' lang='lat' dir='ltr'><strong>auertant;</strong></span> <span class='ocrx_word' id='word_1_472' title='bbox 404 1916 484 1943; x_wconf 76' lang='grc' dir='ltr'><strong>Οὕτω</strong></span> <span class='ocrx_word' id='word_1_473' title='bbox 498 1916 553 1952; x_wconf 74' lang='grc' dir='ltr'>γὰρ</span> <span class='ocrx_word' id='word_1_474' title='bbox 567 1916 616 1951; x_wconf 86' lang='grc' dir='ltr'><strong>τὴν</strong></span> <span class='ocrx_word' id='word_1_475' title='bbox 629 1916 744 1951; x_wconf 75' lang='grc' dir='ltr'><strong>ἡλιακὴν</strong></span> <span class='ocrx_word' id='word_1_476' title='bbox 757 1915 880 1949; x_wconf 74' lang='grc' dir='ltr'>ἔκλειψίν</span> <span class='ocrx_word' id='word_1_477' title='bbox 904 1925 970 1950; x_wconf 83' lang='grc' dir='ltr'>φασι</span> <span class='ocrx_word' id='word_1_478' title='bbox 997 1916 1036 1950; x_wconf 77' lang='grc' dir='ltr'>γί-</span> 
     </span>
    </p>
   </div>
   <div class='ocr_carea' id='block_1_71' title="bbox 242 1961 1035 1998">
    <p class='ocr_par' dir='ltr' id='par_1_71' title="bbox 242 1961 1035 1998">
     <span class='ocr_line' id='line_1_71' title="bbox 242 1961 1035 1998; baseline 0 -9"><span class='ocrx_word' id='word_1_479' title='bbox 242 1963 335 1989; x_wconf 75' lang='grc' dir='ltr'>νεσθαι</span> <span class='ocrx_word' id='word_1_480' title='bbox 359 1964 384 1989; x_wconf 78' lang='grc' dir='ltr'><strong>οἱ</strong></span> <span class='ocrx_word' id='word_1_481' title='bbox 409 1962 509 1998; x_wconf 80' lang='grc' dir='ltr'><strong>ταύτης</strong></span> <span class='ocrx_word' id='word_1_482' title='bbox 533 1962 582 1998; x_wconf 81' lang='grc' dir='ltr'><strong>τὴν</strong></span> <span class='ocrx_word' id='word_1_483' title='bbox 601 1961 700 1997; x_wconf 85' lang='grc' dir='ltr'>σχολὴν</span> <span class='ocrx_word' id='word_1_484' title='bbox 718 1961 910 1996; x_wconf 76' lang='grc' dir='ltr'>πεποιημένοι.</span> <span class='ocrx_word' id='word_1_485' title='bbox 928 1961 990 1994; x_wconf 77' lang='grc' dir='ltr'><strong>Πῶς</strong></span> <span class='ocrx_word' id='word_1_486' title='bbox 1007 1962 1035 1989; x_wconf 78' lang='grc' dir='ltr'><strong>δὲ</strong></span> 
     </span>
    </p>
   </div>
   <div class='ocr_carea' id='block_1_72' title="bbox 243 2006 1034 2043">
    <p class='ocr_par' dir='ltr' id='par_1_72' title="bbox 243 2006 1034 2043">
     <span class='ocr_line' id='line_1_72' title="bbox 243 2006 1034 2043; baseline -0.001 -8"><span class='ocrx_word' id='word_1_487' title='bbox 243 2007 324 2035; x_wconf 78' lang='grc' dir='ltr'>πάλιν</span> <span class='ocrx_word' id='word_1_488' title='bbox 340 2008 453 2035; x_wconf 72' lang='grc' dir='ltr'><strong>δυνατὸν</strong></span> <span class='ocrx_word' id='word_1_489' title='bbox 465 2009 514 2043; x_wconf 81' lang='grc' dir='ltr'><em>τὴν</em></span> <span class='ocrx_word' id='word_1_490' title='bbox 530 2006 645 2042; x_wconf 78' lang='grc' dir='ltr'><strong>σελήνην</strong></span> <span class='ocrx_word' id='word_1_491' title='bbox 662 2007 690 2033; x_wconf 81' lang='grc' dir='ltr'>ὲν</span> <span class='ocrx_word' id='word_1_492' title='bbox 703 2006 743 2042; x_wconf 84' lang='grc' dir='ltr'><em>τῷ</em></span> <span class='ocrx_word' id='word_1_493' title='bbox 757 2006 881 2042; x_wconf 81' lang='grc' dir='ltr'>ἡμερινῷ</span> <span class='ocrx_word' id='word_1_494' title='bbox 894 2008 1034 2043; x_wconf 78' lang='grc' dir='ltr'><em>καταστή-</em></span> 
     </span>
    </p>
   </div>
   <div class='ocr_carea' id='block_1_73' title="bbox 245 2049 1036 2089">
    <p class='ocr_par' dir='ltr' id='par_1_73' title="bbox 245 2049 1036 2089">
     <span class='ocr_line' id='line_1_73' title="bbox 245 2049 1036 2089; baseline 0 -9"><span class='ocrx_word' id='word_1_495' title='bbox 245 2063 310 2089; x_wconf 79' lang='grc' dir='ltr'><em>ματι</em></span> <span class='ocrx_word' id='word_1_496' title='bbox 335 2053 463 2089; x_wconf 75' lang='grc' dir='ltr'>τοιαύτην</span> <span class='ocrx_word' id='word_1_497' title='bbox 485 2053 619 2088; x_wconf 82' lang='grc' dir='ltr'><strong>φανῆναι;</strong></span> <span class='ocrx_word' id='word_1_498' title='bbox 648 2052 708 2087; x_wconf 81' lang='grc' dir='ltr'><strong>“Δφ’</strong></span> <span class='ocrx_word' id='word_1_499' title='bbox 729 2049 760 2080; x_wconf 76' lang='grc' dir='ltr'><strong>οὗ</strong></span> <span class='ocrx_word' id='word_1_500' title='bbox 786 2053 834 2080; x_wconf 77' lang='grc' dir='ltr'><strong>καὶ</strong></span> <span class='ocrx_word' id='word_1_501' title='bbox 860 2052 998 2085; x_wconf 83' lang='grc' dir='ltr'><em>Διονύσιος</em></span> <span class='ocrx_word' id='word_1_502' title='bbox 1022 2055 1036 2080; x_wconf 88' lang='grc' dir='ltr'>ὁ</span> 
     </span>
    </p>
   </div>
   <div class='ocr_carea' id='block_1_74' title="bbox 250 2099 1035 2137">
    <p class='ocr_par' dir='ltr' id='par_1_74' title="bbox 250 2099 1035 2137">
     <span class='ocr_line' id='line_1_74' title="bbox 250 2099 1035 2137; baseline -0.001 -10"><span class='ocrx_word' id='word_1_503' title='bbox 250 2101 450 2135; x_wconf 78' lang='grc' dir='ltr'>Ἀρεοπαγῖτης</span> <span class='ocrx_word' id='word_1_504' title='bbox 473 2101 513 2132; x_wconf 87' lang='grc' dir='ltr'>εἰς</span> <span class='ocrx_word' id='word_1_505' title='bbox 539 2099 704 2135; x_wconf 82' lang='grc' dir='ltr'>θεοσημείαν</span> <span class='ocrx_word' id='word_1_506' title='bbox 722 2099 855 2137; x_wconf 75' lang='grc' dir='ltr'>ἀναφέρει</span> <span class='ocrx_word' id='word_1_507' title='bbox 874 2099 904 2126; x_wconf 81' lang='grc' dir='ltr'><em>τὺ</em></span> <span class='ocrx_word' id='word_1_508' title='bbox 919 2101 966 2126; x_wconf 72' lang='grc' dir='ltr'><strong>ἐπὶ</strong></span> <span class='ocrx_word' id='word_1_509' title='bbox 987 2099 1035 2127; x_wconf 77' lang='grc' dir='ltr'><strong>τοῦ</strong></span> 
     </span>
    </p>
   </div>
   <div class='ocr_carea' id='block_1_75' title="bbox 246 2145 1036 2181">
    <p class='ocr_par' dir='ltr' id='par_1_75' title="bbox 246 2145 1036 2181">
     <span class='ocr_line' id='line_1_75' title="bbox 246 2145 1036 2181; baseline -0.001 -8"><span class='ocrx_word' id='word_1_510' title='bbox 246 2145 362 2181; x_wconf 81' lang='grc' dir='ltr'><strong>σταυροῦ</strong></span> <span class='ocrx_word' id='word_1_511' title='bbox 384 2145 491 2181; x_wconf 76' lang='grc' dir='ltr'>συμϐὰν</span> <span class='ocrx_word' id='word_1_512' title='bbox 518 2146 557 2180; x_wconf 79' lang='grc' dir='ltr'><em>τῷ</em></span> <span class='ocrx_word' id='word_1_513' title='bbox 579 2145 665 2181; x_wconf 79' lang='grc' dir='ltr'>ἡλίῳ,</span> <span class='ocrx_word' id='word_1_514' title='bbox 690 2145 740 2172; x_wconf 82' lang='grc' dir='ltr'>οὐκ</span> <span class='ocrx_word' id='word_1_515' title='bbox 768 2146 809 2178; x_wconf 79' lang='grc' dir='ltr'><strong>εἰς</strong></span> <span class='ocrx_word' id='word_1_516' title='bbox 828 2145 922 2177; x_wconf 69' lang='grc' dir='ltr'>εἰωθὸς</span> <span class='ocrx_word' id='word_1_517' title='bbox 949 2145 1036 2178; x_wconf 77' lang='grc' dir='ltr'>πάθος</span> 
     </span>
    </p>
   </div>
   <div class='ocr_carea' id='block_1_76' title="bbox 243 2190 1036 2226">
    <p class='ocr_par' dir='ltr' id='par_1_76' title="bbox 243 2190 1036 2226">
     <span class='ocr_line' id='line_1_76' title="bbox 243 2190 1036 2226; baseline -0.001 -8"><span class='ocrx_word' id='word_1_518' title='bbox 243 2193 300 2223; x_wconf 79' lang='grc' dir='ltr'>τοῖς</span> <span class='ocrx_word' id='word_1_519' title='bbox 323 2192 384 2218; x_wconf 81' lang='grc' dir='ltr'><em>κατ’</em></span> <span class='ocrx_word' id='word_1_520' title='bbox 409 2191 524 2226; x_wconf 81' lang='grc' dir='ltr'><strong>οὐρανὸν</strong></span> <span class='ocrx_word' id='word_1_521' title='bbox 551 2191 671 2226; x_wconf 85' lang='grc' dir='ltr'><strong>σώμασι.</strong></span> <span class='ocrx_word' id='word_1_522' title='bbox 693 2190 770 2222; x_wconf 77' lang='grc' dir='ltr'>Τινὲς</span> <span class='ocrx_word' id='word_1_523' title='bbox 786 2190 814 2217; x_wconf 82' lang='grc' dir='ltr'>δὲ</span> <span class='ocrx_word' id='word_1_524' title='bbox 826 2190 910 2217; x_wconf 75' lang='grc' dir='ltr'><em>ταῦτα</em></span> <span class='ocrx_word' id='word_1_525' title='bbox 926 2192 966 2223; x_wconf 87' lang='grc' dir='ltr'><strong>είς</strong></span> <span class='ocrx_word' id='word_1_526' title='bbox 986 2192 1036 2226; x_wconf 82' lang='grc' dir='ltr'><strong>τὴν</strong></span> 
     </span>
    </p>
   </div>
   <div class='ocr_carea' id='block_1_77' title="bbox 246 2236 1035 2272">
    <p class='ocr_par' dir='ltr' id='par_1_77' title="bbox 246 2236 1035 2272">
     <span class='ocr_line' id='line_1_77' title="bbox 246 2236 1035 2272; baseline -0.003 -7"><span class='ocrx_word' id='word_1_527' title='bbox 246 2238 299 2265; x_wconf 79' lang='grc' dir='ltr'><strong>ὑπὸ</strong></span> <span class='ocrx_word' id='word_1_528' title='bbox 321 2237 529 2265; x_wconf 80' lang='grc' dir='ltr'><strong>Οὐεσπασιανοῦ</strong></span> <span class='ocrx_word' id='word_1_529' title='bbox 544 2237 695 2272; x_wconf 79' lang='grc' dir='ltr'>γενομένην</span> <span class='ocrx_word' id='word_1_530' title='bbox 715 2236 878 2272; x_wconf 82' lang='grc' dir='ltr'>πολιορκίαν</span> <span class='ocrx_word' id='word_1_531' title='bbox 895 2237 1035 2270; x_wconf 73' lang='grc' dir='ltr'><strong>ἐξέλαϐον,</strong></span> 
     </span>
    </p>
   </div>
   <div class='ocr_carea' id='block_1_78' title="bbox 246 2282 1036 2321">
    <p class='ocr_par' dir='ltr' id='par_1_78' title="bbox 246 2282 1036 2321">
     <span class='ocr_line' id='line_1_78' title="bbox 246 2282 1036 2321; baseline -0.004 -10"><span class='ocrx_word' id='word_1_532' title='bbox 246 2285 334 2312; x_wconf 81' lang='grc' dir='ltr'><strong>πάντα</strong></span> <span class='ocrx_word' id='word_1_533' title='bbox 347 2284 382 2310; x_wconf 73' lang='grc' dir='ltr'><em>τὰ</em></span> <span class='ocrx_word' id='word_1_534' title='bbox 395 2283 528 2319; x_wconf 82' lang='grc' dir='ltr'><strong>εἰρημένα</strong></span> <span class='ocrx_word' id='word_1_535' title='bbox 544 2283 807 2321; x_wconf 81' lang='grc' dir='ltr'>τροπολογήσαντες.</span> <span class='ocrx_word' id='word_1_536' title='bbox 826 2282 858 2309; x_wconf 89' lang='grc' dir='ltr'><strong>Οἱ</strong></span> <span class='ocrx_word' id='word_1_537' title='bbox 871 2282 899 2309; x_wconf 84' lang='grc' dir='ltr'><strong>δὲ</strong></span> <span class='ocrx_word' id='word_1_538' title='bbox 915 2282 1036 2309; x_wconf 80' lang='grc' dir='ltr'><strong>πλεῖστοι</strong></span> 
     </span>
    </p>
   </div>
   <div class='ocr_carea' id='block_1_79' title="bbox 246 2328 1037 2366">
    <p class='ocr_par' dir='ltr' id='par_1_79' title="bbox 246 2328 1037 2366">
     <span class='ocr_line' id='line_1_79' title="bbox 246 2328 1037 2366; baseline -0.003 -9"><span class='ocrx_word' id='word_1_539' title='bbox 246 2331 299 2358; x_wconf 74' lang='grc' dir='ltr'><em>τῶν</em></span> <span class='ocrx_word' id='word_1_540' title='bbox 321 2330 497 2366; x_wconf 74' lang='grc' dir='ltr'>ἑρμηνευτῶν</span> <span class='ocrx_word' id='word_1_541' title='bbox 534 2330 647 2364; x_wconf 78' lang='grc' dir='ltr'>σεισμὸν</span> <span class='ocrx_word' id='word_1_542' title='bbox 671 2329 720 2364; x_wconf 82' lang='grc' dir='ltr'><strong>τὴν</strong></span> <span class='ocrx_word' id='word_1_543' title='bbox 748 2328 898 2364; x_wconf 69' lang='grc' dir='ltr'>μετάϐασιν</span> <span class='ocrx_word' id='word_1_544' title='bbox 920 2328 1037 2356; x_wconf 72' lang='grc' dir='ltr'><strong>ἐνταῦθα</strong></span> 
     </span>
    </p>
   </div>
   <div class='ocr_carea' id='block_1_80' title="bbox 247 2374 1038 2411">
    <p class='ocr_par' dir='ltr' id='par_1_80' title="bbox 247 2374 1038 2411">
     <span class='ocr_line' id='line_1_80' title="bbox 247 2374 1038 2411; baseline -0.003 -9"><span class='ocrx_word' id='word_1_545' title='bbox 247 2377 386 2411; x_wconf 73' lang='grc' dir='ltr'>εἰρήκασι.</span> <span class='ocrx_word' id='word_1_546' title='bbox 401 2375 451 2410; x_wconf 83' lang='grc' dir='ltr'><em>τὴν</em></span> <span class='ocrx_word' id='word_1_547' title='bbox 464 2374 518 2402; x_wconf 79' lang='grc' dir='ltr'><strong>ἀπὸ</strong></span> <span class='ocrx_word' id='word_1_548' title='bbox 533 2374 588 2400; x_wconf 81' lang='grc' dir='ltr'>τῶν</span> <span class='ocrx_word' id='word_1_549' title='bbox 603 2375 631 2401; x_wconf 83' lang='grc' dir='ltr'><strong>ὲν</strong></span> <span class='ocrx_word' id='word_1_550' title='bbox 649 2375 705 2406; x_wconf 86' lang='grc' dir='ltr'><strong>τοῖς</strong></span> <span class='ocrx_word' id='word_1_551' title='bbox 719 2374 764 2401; x_wconf 81' lang='grc' dir='ltr'><strong>διὰ</strong></span> <span class='ocrx_word' id='word_1_552' title='bbox 778 2374 896 2410; x_wconf 76' lang='grc' dir='ltr'>Χριστὸν</span> <span class='ocrx_word' id='word_1_553' title='bbox 908 2374 1038 2409; x_wconf 72' lang='grc' dir='ltr'>διωγμοῖς</span> 
     </span>
    </p>
   </div>
   <div class='ocr_carea' id='block_1_81' title="bbox 247 2419 1038 2458">
    <p class='ocr_par' dir='ltr' id='par_1_81' title="bbox 247 2419 1038 2458">
     <span class='ocr_line' id='line_1_81' title="bbox 247 2419 1038 2458; baseline -0.003 -10"><span class='ocrx_word' id='word_1_554' title='bbox 247 2422 396 2458; x_wconf 79' lang='grc' dir='ltr'>γενομένην</span> <span class='ocrx_word' id='word_1_555' title='bbox 413 2421 453 2452; x_wconf 78' lang='grc' dir='ltr'>εἰς</span> <span class='ocrx_word' id='word_1_556' title='bbox 475 2420 521 2447; x_wconf 78' lang='grc' dir='ltr'><strong>τὸν</strong></span> <span class='ocrx_word' id='word_1_557' title='bbox 547 2419 619 2447; x_wconf 71' lang='grc' dir='ltr'><em>κατὰ</em></span> <span class='ocrx_word' id='word_1_558' title='bbox 641 2420 688 2446; x_wconf 83' lang='grc' dir='ltr'><strong>τοῦ</strong></span> <span class='ocrx_word' id='word_1_559' title='bbox 719 2419 907 2455; x_wconf 81' lang='grc' dir='ltr'>Ἀντιχρίστου</span> <span class='ocrx_word' id='word_1_560' title='bbox 931 2421 1038 2457; x_wconf 74' lang='grc' dir='ltr'>καιρὸν,</span> 
     </span>
    </p>
   </div>
   <div class='ocr_carea' id='block_1_82' title="bbox 248 2466 1041 2503">
    <p class='ocr_par' dir='ltr' id='par_1_82' title="bbox 248 2466 1041 2503">
     <span class='ocr_line' id='line_1_82' title="bbox 248 2466 1041 2503; baseline -0.001 -8"><span class='ocrx_word' id='word_1_561' title='bbox 248 2468 359 2503; x_wconf 76' lang='grc' dir='ltr'>σεισμδν</span> <span class='ocrx_word' id='word_1_562' title='bbox 376 2467 503 2497; x_wconf 77' lang='grc' dir='ltr'><strong>εἰωθυίας</strong></span> <span class='ocrx_word' id='word_1_563' title='bbox 518 2466 566 2501; x_wconf 79' lang='grc' dir='ltr'><strong>τῆς</strong></span> <span class='ocrx_word' id='word_1_564' title='bbox 590 2466 701 2501; x_wconf 83' lang='grc' dir='ltr'>Γραφῆς</span> <span class='ocrx_word' id='word_1_565' title='bbox 718 2467 812 2494; x_wconf 83' lang='grc' dir='ltr'>καλεῖν</span> <span class='ocrx_word' id='word_1_566' title='bbox 826 2467 875 2501; x_wconf 86' lang='grc' dir='ltr'><em>τὴν</em></span> <span class='ocrx_word' id='word_1_567' title='bbox 891 2467 946 2494; x_wconf 83' lang='grc' dir='ltr'><strong>τῶν</strong></span> <span class='ocrx_word' id='word_1_568' title='bbox 968 2475 1041 2502; x_wconf 85' lang='grc' dir='ltr'><strong>πρα-</strong></span> 
     </span>
    </p>
   </div>
   <div class='ocr_carea' id='block_1_83' title="bbox 247 2512 1035 2548">
    <p class='ocr_par' dir='ltr' id='par_1_83' title="bbox 247 2512 1035 2548">
     <span class='ocr_line' id='line_1_83' title="bbox 247 2512 1035 2548; baseline -0.001 -8"><span class='ocrx_word' id='word_1_569' title='bbox 247 2514 359 2548; x_wconf 50' lang='grc' dir='ltr'>γμάτων</span> <span class='ocrx_word' id='word_1_570' title='bbox 373 2512 533 2548; x_wconf 77' lang='grc' dir='ltr'>μετάὃασιν,</span> <span class='ocrx_word' id='word_1_571' title='bbox 548 2512 642 2548; x_wconf 81' lang='grc' dir='ltr'>ὥσπερ</span> <span class='ocrx_word' id='word_1_572' title='bbox 659 2512 699 2538; x_wconf 81' lang='grc' dir='ltr'><strong>τό”</strong></span> <span class='ocrx_word' id='word_1_573' title='bbox 721 2522 730 2538; x_wconf 77' lang='grc' dir='ltr'>ι</span> <span class='ocrx_word' id='word_1_574' title='bbox 747 2512 807 2539; x_wconf 80' lang='grc' dir='ltr'><strong>Ἔτι</strong></span> <span class='ocrx_word' id='word_1_575' title='bbox 825 2513 900 2545; x_wconf 83' lang='grc' dir='ltr'><strong>ἆπαξ</strong></span> <span class='ocrx_word' id='word_1_576' title='bbox 914 2512 1006 2539; x_wconf 83' lang='grc' dir='ltr'>σείσω.</span> <span class='ocrx_word' id='word_1_577' title='bbox 1025 2522 1035 2539; x_wconf 72' lang='grc' dir='ltr'><em>ι</em></span> 
     </span>
    </p>
   </div>
   <div class='ocr_carea' id='block_1_84' title="bbox 248 2559 1037 2596">
    <p class='ocr_par' dir='ltr' id='par_1_84' title="bbox 248 2559 1037 2596">
     <span class='ocr_line' id='line_1_84' title="bbox 248 2559 1037 2596; baseline 0.001 -10"><span class='ocrx_word' id='word_1_578' title='bbox 248 2560 329 2595; x_wconf 75' lang='grc' dir='ltr'><strong>Δηλοῖ</strong></span> <span class='ocrx_word' id='word_1_579' title='bbox 341 2559 396 2596; x_wconf 74' lang='grc' dir='ltr'>γὰρ</span> <span class='ocrx_word' id='word_1_580' title='bbox 417 2559 466 2594; x_wconf 84' lang='grc' dir='ltr'><strong>τὴν</strong></span> <span class='ocrx_word' id='word_1_581' title='bbox 481 2559 534 2586; x_wconf 85' lang='grc' dir='ltr'><strong>τῶν</strong></span> <span class='ocrx_word' id='word_1_582' title='bbox 564 2559 752 2594; x_wconf 73' lang='grc' dir='ltr'>σαλευομένων</span> <span class='ocrx_word' id='word_1_583' title='bbox 777 2559 933 2594; x_wconf 81' lang='grc' dir='ltr'>μετάθεσιν,</span> <span class='ocrx_word' id='word_1_584' title='bbox 963 2560 1000 2592; x_wconf 81' lang='grc' dir='ltr'>ὡς</span> <span class='ocrx_word' id='word_1_585' title='bbox 1023 2561 1037 2587; x_wconf 76' lang='grc' dir='ltr'><strong>ὀ</strong></span> 
     </span>
    </p>
   </div>
   <div class='ocr_carea' id='block_1_85' title="bbox 249 2604 1037 2641">
    <p class='ocr_par' dir='ltr' id='par_1_85' title="bbox 249 2604 1037 2641">
     <span class='ocr_line' id='line_1_85' title="bbox 249 2604 1037 2641; baseline 0.001 -9"><span class='ocrx_word' id='word_1_586' title='bbox 249 2606 321 2637; x_wconf 69' lang='grc' dir='ltr'>θεῖός</span> <span class='ocrx_word' id='word_1_587' title='bbox 338 2613 405 2641; x_wconf 81' lang='grc' dir='ltr'>φησι</span> <span class='ocrx_word' id='word_1_588' title='bbox 431 2604 546 2637; x_wconf 82' lang='grc' dir='ltr'><strong>Παῦλος.</strong></span> <span class='ocrx_word' id='word_1_589' title='bbox 572 2605 628 2631; x_wconf 74' lang='grc' dir='ltr'><strong>Καὶ</strong></span> <span class='ocrx_word' id='word_1_590' title='bbox 642 2605 671 2631; x_wconf 78' lang='grc' dir='ltr'><strong>ὲν</strong></span> <span class='ocrx_word' id='word_1_591' title='bbox 685 2606 719 2639; x_wconf 78' lang='grc' dir='ltr'><em>τῇ</em></span> <span class='ocrx_word' id='word_1_592' title='bbox 738 2605 844 2641; x_wconf 85' lang='grc' dir='ltr'>Παλαιᾷ</span> <span class='ocrx_word' id='word_1_593' title='bbox 859 2607 876 2641; x_wconf 83' lang='grc' dir='ltr'><strong>ἡ</strong></span> <span class='ocrx_word' id='word_1_594' title='bbox 891 2607 938 2633; x_wconf 86' lang='grc' dir='ltr'><strong>ἀπ’</strong></span> <span class='ocrx_word' id='word_1_595' title='bbox 951 2606 1037 2641; x_wconf 78' lang='grc' dir='ltr'>Αίγύ-</span> 
     </span>
    </p>
   </div>
   <div class='ocr_carea' id='block_1_86' title="bbox 250 2648 1041 2686">
    <p class='ocr_par' dir='ltr' id='par_1_86' title="bbox 250 2648 1041 2686">
     <span class='ocr_line' id='line_1_86' title="bbox 250 2648 1041 2686; baseline 0.001 -9"><span class='ocrx_word' id='word_1_596' title='bbox 250 2659 317 2678; x_wconf 83' lang='grc' dir='ltr'><em>πτου</em></span> <span class='ocrx_word' id='word_1_597' title='bbox 331 2649 386 2676; x_wconf 83' lang='grc' dir='ltr'>τῶν</span> <span class='ocrx_word' id='word_1_598' title='bbox 407 2649 581 2684; x_wconf 85' lang='grc' dir='ltr'><em>Ἰσραηλιτῶν</em></span> <span class='ocrx_word' id='word_1_599' title='bbox 603 2648 693 2681; x_wconf 78' lang='grc' dir='ltr'><strong>ἔξοδος</strong></span> <span class='ocrx_word' id='word_1_600' title='bbox 720 2650 832 2685; x_wconf 76' lang='grc' dir='ltr'>σεισμὸς</span> <span class='ocrx_word' id='word_1_601' title='bbox 855 2650 972 2686; x_wconf 82' lang='grc' dir='ltr'>εἴρηται,</span> <span class='ocrx_word' id='word_1_602' title='bbox 992 2660 1041 2678; x_wconf 81' lang='grc' dir='ltr'><strong>κα-</strong></span> 
     </span>
    </p>
   </div>
   <div class='ocr_carea' id='block_1_87' title="bbox 251 2698 1040 2736">
    <p class='ocr_par' dir='ltr' id='par_1_87' title="bbox 251 2698 1040 2736">
     <span class='ocr_line' id='line_1_87' title="bbox 251 2698 1040 2736; baseline 0.004 -11"><span class='ocrx_word' id='word_1_603' title='bbox 251 2698 306 2730; x_wconf 76' lang='grc' dir='ltr'><strong>θὼς</strong></span> <span class='ocrx_word' id='word_1_604' title='bbox 320 2700 368 2726; x_wconf 74' lang='grc' dir='ltr'><strong>καὶ</strong></span> <span class='ocrx_word' id='word_1_605' title='bbox 384 2701 466 2727; x_wconf 81' lang='grc' dir='ltr'><strong>Δαυϊδ</strong></span> <span class='ocrx_word' id='word_1_606' title='bbox 483 2708 566 2735; x_wconf 76' lang='grc' dir='ltr'>φησι·</span> <span class='ocrx_word' id='word_1_607' title='bbox 586 2710 595 2726; x_wconf 76' lang='grc' dir='ltr'>ι</span> <span class='ocrx_word' id='word_1_608' title='bbox 613 2700 651 2735; x_wconf 85' lang='grc' dir='ltr'><strong>Γῆ</strong></span> <span class='ocrx_word' id='word_1_609' title='bbox 667 2700 792 2736; x_wconf 77' lang='grc' dir='ltr'>ἐσείσθη·</span> <span class='ocrx_word' id='word_1_610' title='bbox 809 2700 923 2736; x_wconf 75' lang='grc' dir='ltr'>καὶγὰρ</span> <span class='ocrx_word' id='word_1_611' title='bbox 942 2702 966 2727; x_wconf 87' lang='grc' dir='ltr'>οί</span> <span class='ocrx_word' id='word_1_612' title='bbox 992 2700 1040 2728; x_wconf 83' lang='grc' dir='ltr'><strong>οὑ-</strong></span> 
     </span>
    </p>
   </div>
   <div class='ocr_carea' id='block_1_88' title="bbox 254 2745 1042 2781">
    <p class='ocr_par' dir='ltr' id='par_1_88' title="bbox 254 2745 1042 2781">
     <span class='ocr_line' id='line_1_88' title="bbox 254 2745 1042 2781; baseline 0.003 -10"><span class='ocrx_word' id='word_1_613' title='bbox 254 2747 329 2779; x_wconf 75' lang='grc' dir='ltr'><em>ρανοὶ</em></span> <span class='ocrx_word' id='word_1_614' title='bbox 351 2745 478 2778; x_wconf 70' lang='grc' dir='ltr'><em>ἔπταξαν,</em></span> <span class='ocrx_word' id='word_1_615' title='bbox 504 2755 513 2771; x_wconf 70' lang='grc' dir='ltr'><em>ι</em></span> <span class='ocrx_word' id='word_1_616' title='bbox 538 2745 679 2777; x_wconf 67' lang='lat' dir='ltr'><strong>Ton-31:1;</strong></span> <span class='ocrx_word' id='word_1_617' title='bbox 706 2746 760 2780; x_wconf 80' lang='grc' dir='ltr'><strong>γὰρ</strong></span> <span class='ocrx_word' id='word_1_618' title='bbox 782 2746 889 2780; x_wconf 65' lang='grc' dir='ltr'>θλίψεις</span> <span class='ocrx_word' id='word_1_619' title='bbox 915 2746 1042 2781; x_wconf 75' lang='grc' dir='ltr'>γενέσθαι</span> 
     </span>
    </p>
   </div>
   <div class='ocr_carea' id='block_1_89' title="bbox 253 2792 1042 2828">
    <p class='ocr_par' dir='ltr' id='par_1_89' title="bbox 253 2792 1042 2828">
     <span class='ocr_line' id='line_1_89' title="bbox 253 2792 1042 2828; baseline 0.003 -10"><span class='ocrx_word' id='word_1_620' title='bbox 253 2792 347 2826; x_wconf 64' lang='grc' dir='ltr'><strong>φασὶν,</strong></span> <span class='ocrx_word' id='word_1_621' title='bbox 368 2792 427 2824; x_wconf 77' lang='grc' dir='ltr'>οἵας</span> <span class='ocrx_word' id='word_1_622' title='bbox 451 2792 557 2819; x_wconf 74' lang='grc' dir='ltr'><strong>οὐδέπω</strong></span> <span class='ocrx_word' id='word_1_623' title='bbox 580 2792 767 2828; x_wconf 82' lang='grc' dir='ltr'>γεγενημένας</span> <span class='ocrx_word' id='word_1_624' title='bbox 787 2792 923 2828; x_wconf 74' lang='grc' dir='ltr'>ἔγνωμεν,</span> <span class='ocrx_word' id='word_1_625' title='bbox 952 2793 1042 2828; x_wconf 70' lang='grc' dir='ltr'>σοφῶς</span> 
     </span>
    </p>
   </div>
   <div class='ocr_carea' id='block_1_90' title="bbox 290 2881 859 2916">
    <p class='ocr_par' dir='ltr' id='par_1_90' title="bbox 290 2881 859 2916">
     <span class='ocr_line' id='line_1_90' title="bbox 290 2881 859 2916; baseline -0.004 -5"><span class='ocrx_word' id='word_1_626' title='bbox 290 2881 312 2897; x_wconf 70' lang='grc'><strong>³⁸</strong></span> <span class='ocrx_word' id='word_1_627' title='bbox 329 2881 401 2911; x_wconf 79' lang='lat' dir='ltr'><strong>l‘sal.</strong></span> <span class='ocrx_word' id='word_1_628' title='bbox 429 2891 511 2916; x_wconf 78' lang='lat' dir='ltr'><strong>vau,</strong></span> <span class='ocrx_word' id='word_1_629' title='bbox 538 2883 580 2911; x_wconf 77' lang='lat'><strong>19.</strong></span> <span class='ocrx_word' id='word_1_630' title='bbox 621 2883 642 2899; x_wconf 78' lang='grc'><strong>³⁸</strong></span> <span class='ocrx_word' id='word_1_631' title='bbox 664 2882 745 2910; x_wconf 86' lang='lat' dir='ltr'><strong>llchr.</strong></span> <span class='ocrx_word' id='word_1_632' title='bbox 761 2891 810 2916; x_wconf 68' lang='grc' dir='ltr'>ιιι,</span> <span class='ocrx_word' id='word_1_633' title='bbox 825 2883 859 2909; x_wconf 72' lang='grc'>26</span> 
     </span>
    </p>
   </div>
   <div class='ocr_carea' id='block_1_91' title="bbox 1086 1646 1876 1680">
    <p class='ocr_par' dir='ltr' id='par_1_91' title="bbox 1086 1646 1876 1680">
     <span class='ocr_line' id='line_1_91' title="bbox 1086 1646 1876 1680; baseline -0.003 -7"><span class='ocrx_word' id='word_1_634' title='bbox 1086 1646 1158 1674; x_wconf 82' lang='lat' dir='ltr'><strong>facta</strong></span> <span class='ocrx_word' id='word_1_635' title='bbox 1184 1651 1250 1674; x_wconf 82' lang='lat' dir='ltr'><strong>sunt</strong></span> <span class='ocrx_word' id='word_1_636' title='bbox 1267 1655 1274 1673; x_wconf 87' lang='lat'><strong>:</strong></span> <span class='ocrx_word' id='word_1_637' title='bbox 1290 1650 1473 1673; x_wconf 73' lang='lat' dir='ltr'><strong>lcrrzemolum</strong></span> <span class='ocrx_word' id='word_1_638' title='bbox 1500 1650 1527 1673; x_wconf 85' lang='lat' dir='ltr'><strong>ct</strong></span> <span class='ocrx_word' id='word_1_639' title='bbox 1548 1646 1755 1680; x_wconf 87' lang='lat' dir='ltr'><strong>quassationcm</strong></span> <span class='ocrx_word' id='word_1_640' title='bbox 1786 1648 1876 1677; x_wconf 70' lang='lat' dir='ltr'><strong>terrm,</strong></span> 
     </span>
    </p>
   </div>
   <div class='ocr_carea' id='block_1_92' title="bbox 1088 1690 1878 1725">
    <p class='ocr_par' dir='ltr' id='par_1_92' title="bbox 1088 1690 1878 1725">
     <span class='ocr_line' id='line_1_92' title="bbox 1088 1690 1878 1725; baseline -0.004 -5"><span class='ocrx_word' id='word_1_641' title='bbox 1088 1693 1154 1720; x_wconf 87' lang='lat' dir='ltr'><strong>solis</strong></span> <span class='ocrx_word' id='word_1_642' title='bbox 1180 1693 1318 1725; x_wconf 81' lang='lat' dir='ltr'><strong>tenebras,</strong></span> <span class='ocrx_word' id='word_1_643' title='bbox 1336 1697 1363 1720; x_wconf 89' lang='lat' dir='ltr'><strong>ct</strong></span> <span class='ocrx_word' id='word_1_644' title='bbox 1380 1692 1464 1719; x_wconf 90' lang='lat' dir='ltr'><strong>totius</strong></span> <span class='ocrx_word' id='word_1_645' title='bbox 1488 1694 1558 1719; x_wconf 66' lang='lat' dir='ltr'><strong>luna:</strong></span> <span class='ocrx_word' id='word_1_646' title='bbox 1573 1692 1753 1719; x_wconf 83' lang='lat' dir='ltr'><strong>mutationem</strong></span> <span class='ocrx_word' id='word_1_647' title='bbox 1770 1690 1796 1718; x_wconf 91' lang='lat' dir='ltr'><strong>in</strong></span> <span class='ocrx_word' id='word_1_648' title='bbox 1813 1698 1878 1718; x_wconf 89' lang='lat' dir='ltr'><strong>san-</strong></span> 
     </span>
    </p>
   </div>
   <div class='ocr_carea' id='block_1_93' title="bbox 1087 1738 1875 1776">
    <p class='ocr_par' dir='ltr' id='par_1_93' title="bbox 1087 1738 1875 1776">
     <span class='ocr_line' id='line_1_93' title="bbox 1087 1738 1875 1776; baseline -0.003 -9"><span class='ocrx_word' id='word_1_649' title='bbox 1087 1741 1208 1776; x_wconf 74' lang='lat' dir='ltr'><strong>guinem.</strong></span> <span class='ocrx_word' id='word_1_650' title='bbox 1226 1740 1264 1767; x_wconf 85' lang='lat' dir='ltr'><strong>Ex</strong></span> <span class='ocrx_word' id='word_1_651' title='bbox 1280 1740 1397 1767; x_wconf 80' lang='lat' dir='ltr'><strong>maxima</strong></span> <span class='ocrx_word' id='word_1_652' title='bbox 1419 1744 1512 1767; x_wconf 79' lang='lat' dir='ltr'><strong>autent</strong></span> <span class='ocrx_word' id='word_1_653' title='bbox 1531 1739 1674 1774; x_wconf 77' lang='lat' dir='ltr'><strong>diligentia</strong></span> <span class='ocrx_word' id='word_1_654' title='bbox 1690 1738 1875 1774; x_wconf 79' lang='lat' dir='ltr'><strong>significatum</strong></span> 
     </span>
    </p>
   </div>
   <div class='ocr_carea' id='block_1_94' title="bbox 1085 1784 1876 1820">
    <p class='ocr_par' dir='ltr' id='par_1_94' title="bbox 1085 1784 1876 1820">
     <span class='ocr_line' id='line_1_94' title="bbox 1085 1784 1876 1820; baseline -0.003 -8"><span class='ocrx_word' id='word_1_655' title='bbox 1085 1790 1129 1814; x_wconf 87' lang='lat' dir='ltr'><strong>est</strong></span> <span class='ocrx_word' id='word_1_656' title='bbox 1143 1785 1170 1812; x_wconf 90' lang='lat' dir='ltr'><strong>in</strong></span> <span class='ocrx_word' id='word_1_657' title='bbox 1184 1786 1249 1813; x_wconf 84' lang='lat' dir='ltr'><strong>luna</strong></span> <span class='ocrx_word' id='word_1_658' title='bbox 1271 1785 1344 1820; x_wconf 87' lang='lat' dir='ltr'><strong>quod</strong></span> <span class='ocrx_word' id='word_1_659' title='bbox 1359 1790 1415 1813; x_wconf 85' lang='lat' dir='ltr'><strong>tota</strong></span> <span class='ocrx_word' id='word_1_660' title='bbox 1433 1790 1536 1812; x_wconf 86' lang='lat' dir='ltr'><strong>mutata</strong></span> <span class='ocrx_word' id='word_1_661' title='bbox 1556 1784 1639 1812; x_wconf 84' lang='lat' dir='ltr'><strong>fuerit</strong></span> <span class='ocrx_word' id='word_1_662' title='bbox 1658 1785 1685 1812; x_wconf 93' lang='lat' dir='ltr'><strong>in</strong></span> <span class='ocrx_word' id='word_1_663' title='bbox 1703 1784 1876 1819; x_wconf 80' lang='lat' dir='ltr'><strong>sanguinem.</strong></span> 
     </span>
    </p>
   </div>
   <div class='ocr_carea' id='block_1_95' title="bbox 1087 1829 1878 1866">
    <p class='ocr_par' dir='ltr' id='par_1_95' title="bbox 1087 1829 1878 1866">
     <span class='ocr_line' id='line_1_95' title="bbox 1087 1829 1878 1866; baseline -0.003 -8"><span class='ocrx_word' id='word_1_664' title='bbox 1087 1830 1156 1858; x_wconf 85' lang='lat' dir='ltr'><strong>Cum</strong></span> <span class='ocrx_word' id='word_1_665' title='bbox 1171 1831 1244 1858; x_wconf 86' lang='lat' dir='ltr'><strong>enim</strong></span> <span class='ocrx_word' id='word_1_666' title='bbox 1259 1835 1331 1859; x_wconf 88' lang='lat' dir='ltr'><strong>esset</strong></span> <span class='ocrx_word' id='word_1_667' title='bbox 1343 1831 1423 1866; x_wconf 74' lang='lat' dir='ltr'><strong>pleno</strong></span> <span class='ocrx_word' id='word_1_668' title='bbox 1435 1831 1545 1862; x_wconf 87' lang='lat' dir='ltr'><strong>lumine,</strong></span> <span class='ocrx_word' id='word_1_669' title='bbox 1561 1836 1653 1866; x_wconf 83' lang='lat' dir='ltr'><strong>utpote</strong></span> <span class='ocrx_word' id='word_1_670' title='bbox 1669 1829 1878 1865; x_wconf 87' lang='lat' dir='ltr'><strong>decimoquarto</strong></span> 
     </span>
    </p>
   </div>
   <div class='ocr_carea' id='block_1_96' title="bbox 1087 1875 1880 1910">
    <p class='ocr_par' dir='ltr' id='par_1_96' title="bbox 1087 1875 1880 1910">
     <span class='ocr_line' id='line_1_96' title="bbox 1087 1875 1880 1910; baseline -0.004 -7"><span class='ocrx_word' id='word_1_671' title='bbox 1087 1877 1142 1908; x_wconf 84' lang='lat' dir='ltr'><strong>die,</strong></span> <span class='ocrx_word' id='word_1_672' title='bbox 1156 1881 1183 1904; x_wconf 90' lang='lat' dir='ltr'><strong>ct</strong></span> <span class='ocrx_word' id='word_1_673' title='bbox 1196 1884 1229 1904; x_wconf 77' lang='lat' dir='ltr'><strong>ex</strong></span> <span class='ocrx_word' id='word_1_674' title='bbox 1244 1875 1378 1904; x_wconf 86' lang='lat' dir='ltr'><strong>diametro</strong></span> <span class='ocrx_word' id='word_1_675' title='bbox 1393 1875 1507 1903; x_wconf 85' lang='lat' dir='ltr'><strong>distaret</strong></span> <span class='ocrx_word' id='word_1_676' title='bbox 1523 1883 1539 1902; x_wconf 74' lang='grc' dir='ltr'><strong>ιι</strong></span> <span class='ocrx_word' id='word_1_677' title='bbox 1554 1875 1621 1907; x_wconf 82' lang='lat' dir='ltr'><strong>sole,</strong></span> <span class='ocrx_word' id='word_1_678' title='bbox 1639 1875 1777 1910; x_wconf 88' lang='lat' dir='ltr'><strong>quomodo</strong></span> <span class='ocrx_word' id='word_1_679' title='bbox 1791 1875 1880 1909; x_wconf 82' lang='lat' dir='ltr'><strong>possi-</strong></span> 
     </span>
    </p>
   </div>
   <div class='ocr_carea' id='block_1_97' title="bbox 1088 1920 1879 1957">
    <p class='ocr_par' dir='ltr' id='par_1_97' title="bbox 1088 1920 1879 1957">
     <span class='ocr_line' id='line_1_97' title="bbox 1088 1920 1879 1957; baseline -0.005 -7"><span class='ocrx_word' id='word_1_680' title='bbox 1088 1923 1143 1951; x_wconf 84' lang='lat' dir='ltr'><strong>bile</strong></span> <span class='ocrx_word' id='word_1_681' title='bbox 1157 1923 1210 1950; x_wconf 85' lang='lat' dir='ltr'><strong>l&#39;uit</strong></span> <span class='ocrx_word' id='word_1_682' title='bbox 1225 1928 1254 1950; x_wconf 90' lang='lat' dir='ltr'><strong>ut</strong></span> <span class='ocrx_word' id='word_1_683' title='bbox 1268 1922 1353 1950; x_wconf 88' lang='lat' dir='ltr'><strong>solem</strong></span> <span class='ocrx_word' id='word_1_684' title='bbox 1372 1922 1517 1957; x_wconf 86' lang='lat' dir='ltr'><strong>repentino</strong></span> <span class='ocrx_word' id='word_1_685' title='bbox 1541 1928 1592 1948; x_wconf 90' lang='lat' dir='ltr'><strong>suo</strong></span> <span class='ocrx_word' id='word_1_686' title='bbox 1612 1921 1729 1949; x_wconf 75' lang='lat' dir='ltr'><strong>adventu</strong></span> <span class='ocrx_word' id='word_1_687' title='bbox 1745 1920 1879 1947; x_wconf 79' lang='lat' dir='ltr'><strong>obscura-</strong></span> 
     </span>
    </p>
   </div>
   <div class='ocr_carea' id='block_1_98' title="bbox 1088 1966 1879 2005">
    <p class='ocr_par' dir='ltr' id='par_1_98' title="bbox 1088 1966 1879 2005">
     <span class='ocr_line' id='line_1_98' title="bbox 1088 1966 1879 2005; baseline -0.008 -7"><span class='ocrx_word' id='word_1_688' title='bbox 1088 1970 1147 1998; x_wconf 77' lang='lat' dir='ltr'><strong>ret?</strong></span> <span class='ocrx_word' id='word_1_689' title='bbox 1163 1969 1246 2005; x_wconf 78' lang='lat'><strong>709</strong></span> <span class='ocrx_word' id='word_1_690' title='bbox 1258 1968 1325 1996; x_wconf 84' lang='lat' dir='ltr'><strong>Nam</strong></span> <span class='ocrx_word' id='word_1_691' title='bbox 1346 1969 1383 1996; x_wconf 88' lang='lat' dir='ltr'><strong>ita</strong></span> <span class='ocrx_word' id='word_1_692' title='bbox 1404 1968 1523 1995; x_wconf 84' lang='lat' dir='ltr'><strong>solarem</strong></span> <span class='ocrx_word' id='word_1_693' title='bbox 1547 1967 1672 2002; x_wconf 90' lang='lat' dir='ltr'><strong>eclipsim</strong></span> <span class='ocrx_word' id='word_1_694' title='bbox 1699 1966 1757 1994; x_wconf 83' lang='lat' dir='ltr'><strong>ﬁeri</strong></span> <span class='ocrx_word' id='word_1_695' title='bbox 1784 1967 1879 1993; x_wconf 89' lang='lat' dir='ltr'><strong>dicunt</strong></span> 
     </span>
    </p>
   </div>
   <div class='ocr_carea' id='block_1_99' title="bbox 1087 2013 1877 2050">
    <p class='ocr_par' dir='ltr' id='par_1_99' title="bbox 1087 2013 1877 2050">
     <span class='ocr_line' id='line_1_99' title="bbox 1087 2013 1877 2050; baseline -0.005 -7"><span class='ocrx_word' id='word_1_696' title='bbox 1087 2017 1134 2050; x_wconf 91' lang='lat' dir='ltr'><strong>qui</strong></span> <span class='ocrx_word' id='word_1_697' title='bbox 1155 2015 1228 2043; x_wconf 88' lang='lat' dir='ltr'><strong>circa</strong></span> <span class='ocrx_word' id='word_1_698' title='bbox 1242 2022 1302 2042; x_wconf 90' lang='lat' dir='ltr'><strong>eam</strong></span> <span class='ocrx_word' id='word_1_699' title='bbox 1322 2014 1539 2048; x_wconf 78' lang='lat' dir='ltr'><strong>investigandam</strong></span> <span class='ocrx_word' id='word_1_700' title='bbox 1558 2021 1619 2040; x_wconf 84' lang='lat' dir='ltr'><strong>sese</strong></span> <span class='ocrx_word' id='word_1_701' title='bbox 1635 2017 1780 2048; x_wconf 83' lang='lat' dir='ltr'><strong>occupant.</strong></span> <span class='ocrx_word' id='word_1_702' title='bbox 1803 2013 1877 2040; x_wconf 79' lang='lat' dir='ltr'><strong>Rur-</strong></span> 
     </span>
    </p>
   </div>
   <div class='ocr_carea' id='block_1_100' title="bbox 1088 2058 1880 2096">
    <p class='ocr_par' dir='ltr' id='par_1_100' title="bbox 1088 2058 1880 2096">
     <span class='ocr_line' id='line_1_100' title="bbox 1088 2058 1880 2096; baseline -0.003 -8"><span class='ocrx_word' id='word_1_703' title='bbox 1088 2069 1150 2089; x_wconf 92' lang='lat' dir='ltr'><strong>sum</strong></span> <span class='ocrx_word' id='word_1_704' title='bbox 1166 2061 1305 2096; x_wconf 88' lang='lat' dir='ltr'><strong>quomodo</strong></span> <span class='ocrx_word' id='word_1_705' title='bbox 1330 2059 1464 2095; x_wconf 85' lang='lat' dir='ltr'><strong>possibile</strong></span> <span class='ocrx_word' id='word_1_706' title='bbox 1487 2059 1539 2087; x_wconf 86' lang='lat' dir='ltr'><strong>fuit</strong></span> <span class='ocrx_word' id='word_1_707' title='bbox 1553 2064 1582 2086; x_wconf 86' lang='lat' dir='ltr'><strong>ut</strong></span> <span class='ocrx_word' id='word_1_708' title='bbox 1601 2059 1664 2086; x_wconf 89' lang='lat' dir='ltr'><strong>luna</strong></span> <span class='ocrx_word' id='word_1_709' title='bbox 1682 2059 1709 2085; x_wconf 93' lang='lat' dir='ltr'><strong>in</strong></span> <span class='ocrx_word' id='word_1_710' title='bbox 1730 2058 1820 2086; x_wconf 78' lang='lat' dir='ltr'><strong>medio</strong></span> <span class='ocrx_word' id='word_1_711' title='bbox 1834 2058 1880 2086; x_wconf 89' lang='lat' dir='ltr'><strong>die</strong></span> 
     </span>
    </p>
   </div>
   <div class='ocr_carea' id='block_1_101' title="bbox 1088 2104 1875 2141">
    <p class='ocr_par' dir='ltr' id='par_1_101' title="bbox 1088 2104 1875 2141">
     <span class='ocr_line' id='line_1_101' title="bbox 1088 2104 1875 2141; baseline -0.006 -6"><span class='ocrx_word' id='word_1_712' title='bbox 1088 2107 1238 2135; x_wconf 86' lang='lat' dir='ltr'><strong>constituta</strong></span> <span class='ocrx_word' id='word_1_713' title='bbox 1263 2106 1325 2134; x_wconf 87' lang='lat' dir='ltr'><strong>talis</strong></span> <span class='ocrx_word' id='word_1_714' title='bbox 1348 2106 1511 2141; x_wconf 82' lang='lat' dir='ltr'><strong>appareret?</strong></span> <span class='ocrx_word' id='word_1_715' title='bbox 1526 2104 1604 2132; x_wconf 89' lang='lat' dir='ltr'><strong>Unde</strong></span> <span class='ocrx_word' id='word_1_716' title='bbox 1621 2104 1705 2132; x_wconf 87' lang='lat' dir='ltr'><strong>etiam</strong></span> <span class='ocrx_word' id='word_1_717' title='bbox 1726 2104 1875 2140; x_wconf 77' lang='lat' dir='ltr'><strong>Dionysius</strong></span> 
     </span>
    </p>
   </div>
   <div class='ocr_carea' id='block_1_102' title="bbox 1089 2150 1880 2188">
    <p class='ocr_par' dir='ltr' id='par_1_102' title="bbox 1089 2150 1880 2188">
     <span class='ocr_line' id='line_1_102' title="bbox 1089 2150 1880 2188; baseline -0.006 -7"><span class='ocrx_word' id='word_1_718' title='bbox 1089 2154 1251 2188; x_wconf 76' lang='lat' dir='ltr'><strong>Areopagita</strong></span> <span class='ocrx_word' id='word_1_719' title='bbox 1269 2153 1302 2180; x_wconf 87' lang='lat' dir='ltr'><strong>ad</strong></span> <span class='ocrx_word' id='word_1_720' title='bbox 1315 2152 1437 2179; x_wconf 84' lang='lat' dir='ltr'><strong>divinum</strong></span> <span class='ocrx_word' id='word_1_721' title='bbox 1451 2151 1535 2179; x_wconf 79' lang='lat' dir='ltr'><strong>refert</strong></span> <span class='ocrx_word' id='word_1_722' title='bbox 1550 2150 1712 2178; x_wconf 83' lang='lat' dir='ltr'><strong>miraculum</strong></span> <span class='ocrx_word' id='word_1_723' title='bbox 1728 2150 1799 2185; x_wconf 88' lang='lat' dir='ltr'><strong>quod</strong></span> <span class='ocrx_word' id='word_1_724' title='bbox 1810 2155 1863 2177; x_wconf 86' lang='lat' dir='ltr'><strong>tem</strong></span> <span class='ocrx_word' id='word_1_725' title='bbox 1873 2165 1880 2170; x_wconf 94' lang='lat'><strong>-</strong></span> 
     </span>
    </p>
   </div>
   <div class='ocr_carea' id='block_1_103' title="bbox 1089 2197 1880 2234">
    <p class='ocr_par' dir='ltr' id='par_1_103' title="bbox 1089 2197 1880 2234">
     <span class='ocr_line' id='line_1_103' title="bbox 1089 2197 1880 2234; baseline -0.005 -6"><span class='ocrx_word' id='word_1_726' title='bbox 1089 2208 1155 2234; x_wconf 85' lang='lat' dir='ltr'><strong>pore</strong></span> <span class='ocrx_word' id='word_1_727' title='bbox 1164 2200 1300 2234; x_wconf 85' lang='lat' dir='ltr'><strong>passionis</strong></span> <span class='ocrx_word' id='word_1_728' title='bbox 1312 2199 1339 2227; x_wconf 89' lang='lat' dir='ltr'><strong>in</strong></span> <span class='ocrx_word' id='word_1_729' title='bbox 1352 2199 1408 2227; x_wconf 87' lang='lat' dir='ltr'><strong>sole</strong></span> <span class='ocrx_word' id='word_1_730' title='bbox 1422 2198 1548 2234; x_wconf 75' lang='lat' dir='ltr'><strong>contigit,</strong></span> <span class='ocrx_word' id='word_1_731' title='bbox 1560 2205 1614 2225; x_wconf 90' lang='lat' dir='ltr'><strong>non</strong></span> <span class='ocrx_word' id='word_1_732' title='bbox 1624 2198 1703 2232; x_wconf 77' lang='lat' dir='ltr'><strong>juxta</strong></span> <span class='ocrx_word' id='word_1_733' title='bbox 1719 2197 1880 2224; x_wconf 70' lang='lat' dir='ltr'><strong>affectiones</strong></span> 
     </span>
    </p>
   </div>
   <div class='ocr_carea' id='block_1_104' title="bbox 1090 2244 1878 2282">
    <p class='ocr_par' dir='ltr' id='par_1_104' title="bbox 1090 2244 1878 2282">
     <span class='ocr_line' id='line_1_104' title="bbox 1090 2244 1878 2282; baseline -0.005 -8"><span class='ocrx_word' id='word_1_734' title='bbox 1090 2247 1116 2273; x_wconf 93' lang='lat' dir='ltr'><strong>in</strong></span> <span class='ocrx_word' id='word_1_735' title='bbox 1136 2246 1300 2282; x_wconf 85' lang='lat' dir='ltr'><strong>corporibus</strong></span> <span class='ocrx_word' id='word_1_736' title='bbox 1318 2246 1479 2273; x_wconf 74' lang='lat' dir='ltr'><strong>cwlestibus</strong></span> <span class='ocrx_word' id='word_1_737' title='bbox 1499 2245 1556 2273; x_wconf 85' lang='lat' dir='ltr'><strong>fieri</strong></span> <span class='ocrx_word' id='word_1_738' title='bbox 1571 2245 1679 2272; x_wconf 86' lang='lat' dir='ltr'><strong>solitas.</strong></span> <span class='ocrx_word' id='word_1_739' title='bbox 1696 2244 1812 2278; x_wconf 78' lang='lat' dir='ltr'><strong>Quidam</strong></span> <span class='ocrx_word' id='word_1_740' title='bbox 1827 2251 1878 2271; x_wconf 86' lang='lat' dir='ltr'><strong>au—</strong></span> 
     </span>
    </p>
   </div>
   <div class='ocr_carea' id='block_1_105' title="bbox 1054 2290 1882 2335">
    <p class='ocr_par' dir='ltr' id='par_1_105' title="bbox 1054 2290 1882 2335">
     <span class='ocr_line' id='line_1_105' title="bbox 1054 2290 1882 2335; baseline -0.007 -14"><span class='ocrx_word' id='word_1_741' title='bbox 1054 2308 1075 2335; x_wconf 79' lang='lat' dir='ltr'><strong>D</strong></span> <span class='ocrx_word' id='word_1_742' title='bbox 1091 2298 1144 2321; x_wconf 91' lang='lat' dir='ltr'><strong>tem</strong></span> <span class='ocrx_word' id='word_1_743' title='bbox 1161 2293 1290 2328; x_wconf 73' lang='lat' dir='ltr'><strong>przedicta</strong></span> <span class='ocrx_word' id='word_1_744' title='bbox 1303 2292 1395 2320; x_wconf 85' lang='lat' dir='ltr'><strong>omnia</strong></span> <span class='ocrx_word' id='word_1_745' title='bbox 1410 2292 1550 2319; x_wconf 86' lang='lat' dir='ltr'><strong>moraliter</strong></span> <span class='ocrx_word' id='word_1_746' title='bbox 1565 2291 1752 2326; x_wconf 73' lang='lat' dir='ltr'><strong>intelligendo,</strong></span> <span class='ocrx_word' id='word_1_747' title='bbox 1764 2290 1797 2318; x_wconf 85' lang='lat' dir='ltr'><strong>ad</strong></span> <span class='ocrx_word' id='word_1_748' title='bbox 1813 2290 1882 2317; x_wconf 79' lang='lat' dir='ltr'><strong>civi-</strong></span> 
     </span>
    </p>
   </div>
   <div class='ocr_carea' id='block_1_106' title="bbox 1091 2335 1880 2373">
    <p class='ocr_par' dir='ltr' id='par_1_106' title="bbox 1091 2335 1880 2373">
     <span class='ocr_line' id='line_1_106' title="bbox 1091 2335 1880 2373; baseline -0.004 -8"><span class='ocrx_word' id='word_1_749' title='bbox 1091 2338 1154 2366; x_wconf 85' lang='lat' dir='ltr'><strong>tatis</strong></span> <span class='ocrx_word' id='word_1_750' title='bbox 1179 2338 1352 2365; x_wconf 88' lang='lat' dir='ltr'><strong>obsidionem</strong></span> <span class='ocrx_word' id='word_1_751' title='bbox 1376 2345 1437 2373; x_wconf 80' lang='lat' dir='ltr'><strong>quae</strong></span> <span class='ocrx_word' id='word_1_752' title='bbox 1463 2337 1515 2365; x_wconf 85' lang='lat' dir='ltr'><strong>sub</strong></span> <span class='ocrx_word' id='word_1_753' title='bbox 1538 2337 1710 2372; x_wconf 81' lang='lat' dir='ltr'><strong>Vespasiano</strong></span> <span class='ocrx_word' id='word_1_754' title='bbox 1736 2335 1809 2364; x_wconf 86' lang='lat' dir='ltr'><strong>facta</strong></span> <span class='ocrx_word' id='word_1_755' title='bbox 1827 2339 1880 2368; x_wconf 82' lang='lat' dir='ltr'><strong>est,</strong></span> 
     </span>
    </p>
   </div>
   <div class='ocr_carea' id='block_1_107' title="bbox 1089 2383 1878 2419">
    <p class='ocr_par' dir='ltr' id='par_1_107' title="bbox 1089 2383 1878 2419">
     <span class='ocr_line' id='line_1_107' title="bbox 1089 2383 1878 2419; baseline -0.003 -8"><span class='ocrx_word' id='word_1_756' title='bbox 1089 2384 1252 2411; x_wconf 89' lang='lat' dir='ltr'><strong>retulerunt.</strong></span> <span class='ocrx_word' id='word_1_757' title='bbox 1269 2383 1386 2412; x_wconf 86' lang='lat' dir='ltr'><strong>Plurimi</strong></span> <span class='ocrx_word' id='word_1_758' title='bbox 1401 2391 1465 2411; x_wconf 83' lang='lat' dir='ltr'><strong>vero</strong></span> <span class='ocrx_word' id='word_1_759' title='bbox 1490 2383 1672 2419; x_wconf 79' lang='lat' dir='ltr'><strong>interpretum</strong></span> <span class='ocrx_word' id='word_1_760' title='bbox 1692 2387 1878 2410; x_wconf 61' lang='lat' dir='ltr'><strong>teri-amotum</strong></span> 
     </span>
    </p>
   </div>
   <div class='ocr_carea' id='block_1_108' title="bbox 1090 2429 1883 2464">
    <p class='ocr_par' dir='ltr' id='par_1_108' title="bbox 1090 2429 1883 2464">
     <span class='ocr_line' id='line_1_108' title="bbox 1090 2429 1883 2464; baseline -0.004 -7"><span class='ocrx_word' id='word_1_761' title='bbox 1090 2429 1142 2457; x_wconf 87' lang='lat' dir='ltr'><strong>hoc</strong></span> <span class='ocrx_word' id='word_1_762' title='bbox 1153 2430 1213 2457; x_wconf 89' lang='lat' dir='ltr'><strong>loco</strong></span> <span class='ocrx_word' id='word_1_763' title='bbox 1223 2430 1353 2457; x_wconf 83' lang='lat' dir='ltr'><strong>dixerunt</strong></span> <span class='ocrx_word' id='word_1_764' title='bbox 1367 2429 1513 2458; x_wconf 85' lang='lat' dir='ltr'><strong>transitum</strong></span> <span class='ocrx_word' id='word_1_765' title='bbox 1525 2437 1557 2457; x_wconf 89' lang='lat' dir='ltr'><strong>ex</strong></span> <span class='ocrx_word' id='word_1_766' title='bbox 1568 2429 1808 2464; x_wconf 81' lang='lat' dir='ltr'><strong>persecutionibus</strong></span> <span class='ocrx_word' id='word_1_767' title='bbox 1820 2436 1883 2463; x_wconf 72' lang='lat' dir='ltr'><strong>qua:</strong></span> 
     </span>
    </p>
   </div>
   <div class='ocr_carea' id='block_1_109' title="bbox 1092 2473 1883 2509">
    <p class='ocr_par' dir='ltr' id='par_1_109' title="bbox 1092 2473 1883 2509">
     <span class='ocr_line' id='line_1_109' title="bbox 1092 2473 1883 2509; baseline -0.001 -9"><span class='ocrx_word' id='word_1_768' title='bbox 1092 2478 1202 2509; x_wconf 88' lang='lat' dir='ltr'><strong>propter</strong></span> <span class='ocrx_word' id='word_1_769' title='bbox 1219 2473 1360 2501; x_wconf 82' lang='lat' dir='ltr'><strong>Christum</strong></span> <span class='ocrx_word' id='word_1_770' title='bbox 1389 2474 1506 2502; x_wconf 74' lang='lat' dir='ltr'><strong>inducta:</strong></span> <span class='ocrx_word' id='word_1_771' title='bbox 1531 2479 1609 2506; x_wconf 84' lang='lat' dir='ltr'><strong>sunt,</strong></span> <span class='ocrx_word' id='word_1_772' title='bbox 1627 2474 1660 2500; x_wconf 90' lang='lat' dir='ltr'><strong>ad</strong></span> <span class='ocrx_word' id='word_1_773' title='bbox 1676 2478 1783 2507; x_wconf 77' lang='lat' dir='ltr'><strong>tempus</strong></span> <span class='ocrx_word' id='word_1_774' title='bbox 1803 2473 1883 2499; x_wconf 79' lang='lat' dir='ltr'><strong>Anti-</strong></span> 
     </span>
    </p>
   </div>
   <div class='ocr_carea' id='block_1_110' title="bbox 1092 2518 1884 2553">
    <p class='ocr_par' dir='ltr' id='par_1_110' title="bbox 1092 2518 1884 2553">
     <span class='ocr_line' id='line_1_110' title="bbox 1092 2518 1884 2553; baseline -0.003 -7"><span class='ocrx_word' id='word_1_775' title='bbox 1092 2519 1190 2547; x_wconf 88' lang='lat' dir='ltr'><strong>christi</strong></span> <span class='ocrx_word' id='word_1_776' title='bbox 1208 2527 1215 2546; x_wconf 89' lang='lat'><strong>:</strong></span> <span class='ocrx_word' id='word_1_777' title='bbox 1229 2526 1261 2546; x_wconf 84' lang='lat' dir='ltr'><strong>ex</strong></span> <span class='ocrx_word' id='word_1_778' title='bbox 1275 2519 1474 2546; x_wconf 82' lang='lat' dir='ltr'><strong>consuetudine</strong></span> <span class='ocrx_word' id='word_1_779' title='bbox 1488 2518 1637 2553; x_wconf 57' lang='lat' dir='ltr'><strong>Scriptura</strong></span> <span class='ocrx_word' id='word_1_780' title='bbox 1654 2518 1776 2545; x_wconf 83' lang='lat' dir='ltr'><strong>dicentes</strong></span> <span class='ocrx_word' id='word_1_781' title='bbox 1790 2522 1884 2545; x_wconf 60' lang='lat' dir='ltr'><strong>terra!-</strong></span> 
     </span>
    </p>
   </div>
   <div class='ocr_carea' id='block_1_111' title="bbox 1092 2564 1880 2600">
    <p class='ocr_par' dir='ltr' id='par_1_111' title="bbox 1092 2564 1880 2600">
     <span class='ocr_line' id='line_1_111' title="bbox 1092 2564 1880 2600; baseline -0.003 -7"><span class='ocrx_word' id='word_1_782' title='bbox 1092 2571 1196 2594; x_wconf 87' lang='lat' dir='ltr'><strong>motum</strong></span> <span class='ocrx_word' id='word_1_783' title='bbox 1209 2565 1301 2593; x_wconf 88' lang='lat' dir='ltr'><strong>vocari</strong></span> <span class='ocrx_word' id='word_1_784' title='bbox 1318 2566 1496 2593; x_wconf 86' lang='lat' dir='ltr'><strong>mutationem</strong></span> <span class='ocrx_word' id='word_1_785' title='bbox 1512 2573 1603 2592; x_wconf 86' lang='lat' dir='ltr'><strong>rerum</strong></span> <span class='ocrx_word' id='word_1_786' title='bbox 1614 2585 1621 2596; x_wconf 87' lang='lat'><strong>,</strong></span> <span class='ocrx_word' id='word_1_787' title='bbox 1647 2564 1880 2600; x_wconf 84' lang='lat' dir='ltr'><strong>quemadmodum</strong></span> 
     </span>
    </p>
   </div>
   <div class='ocr_carea' id='block_1_112' title="bbox 1092 2609 1883 2647">
    <p class='ocr_par' dir='ltr' id='par_1_112' title="bbox 1092 2609 1883 2647">
     <span class='ocr_line' id='line_1_112' title="bbox 1092 2609 1883 2647; baseline -0.004 -7"><span class='ocrx_word' id='word_1_788' title='bbox 1092 2613 1137 2640; x_wconf 92' lang='lat' dir='ltr'><strong>ubi</strong></span> <span class='ocrx_word' id='word_1_789' title='bbox 1155 2612 1274 2640; x_wconf 88' lang='lat' dir='ltr'><strong>dicitur:</strong></span> <span class='ocrx_word' id='word_1_790' title='bbox 1292 2621 1301 2638; x_wconf 90' lang='grc'><em>‹</em></span> <span class='ocrx_word' id='word_1_791' title='bbox 1317 2613 1414 2640; x_wconf 82' lang='lat' dir='ltr'><strong>Adhuc</strong></span> <span class='ocrx_word' id='word_1_792' title='bbox 1429 2612 1523 2643; x_wconf 87' lang='lat' dir='ltr'><strong>semel,</strong></span> <span class='ocrx_word' id='word_1_793' title='bbox 1541 2619 1591 2647; x_wconf 76' lang='lat' dir='ltr'><strong>ego</strong></span> <span class='ocrx_word' id='word_1_794' title='bbox 1608 2611 1765 2638; x_wconf 80' lang='lat' dir='ltr'><strong>concutiam</strong></span> <span class='ocrx_word' id='word_1_795' title='bbox 1784 2610 1816 2638; x_wconf 88' lang='grc'><strong>³⁵.</strong></span> <span class='ocrx_word' id='word_1_796' title='bbox 1840 2609 1883 2637; x_wconf 90' lang='lat' dir='ltr'><strong>Si-</strong></span> 
     </span>
    </p>
   </div>
   <div class='ocr_carea' id='block_1_113' title="bbox 1091 2658 1881 2694">
    <p class='ocr_par' dir='ltr' id='par_1_113' title="bbox 1091 2658 1881 2694">
     <span class='ocr_line' id='line_1_113' title="bbox 1091 2658 1881 2694; baseline -0.003 -9"><span class='ocrx_word' id='word_1_797' title='bbox 1091 2659 1203 2694; x_wconf 77' lang='lat' dir='ltr'><strong>gnificat</strong></span> <span class='ocrx_word' id='word_1_798' title='bbox 1217 2658 1289 2685; x_wconf 90' lang='lat' dir='ltr'><strong>enim</strong></span> <span class='ocrx_word' id='word_1_799' title='bbox 1321 2658 1529 2685; x_wconf 86' lang='lat' dir='ltr'><strong>translationem</strong></span> <span class='ocrx_word' id='word_1_800' title='bbox 1555 2664 1651 2684; x_wconf 86' lang='lat' dir='ltr'><strong>eorum</strong></span> <span class='ocrx_word' id='word_1_801' title='bbox 1675 2664 1735 2691; x_wconf 67' lang='lat' dir='ltr'><strong>quae</strong></span> <span class='ocrx_word' id='word_1_802' title='bbox 1755 2663 1881 2683; x_wconf 85' lang='lat' dir='ltr'><strong>commo-</strong></span> 
     </span>
    </p>
   </div>
   <div class='ocr_carea' id='block_1_114' title="bbox 1092 2700 1882 2738">
    <p class='ocr_par' dir='ltr' id='par_1_114' title="bbox 1092 2700 1882 2738">
     <span class='ocr_line' id='line_1_114' title="bbox 1092 2700 1882 2738; baseline -0.006 -6"><span class='ocrx_word' id='word_1_803' title='bbox 1092 2709 1202 2738; x_wconf 87' lang='lat' dir='ltr'><strong>ventur,</strong></span> <span class='ocrx_word' id='word_1_804' title='bbox 1218 2703 1302 2732; x_wconf 85' lang='lat' dir='ltr'><strong>veluti</strong></span> <span class='ocrx_word' id='word_1_805' title='bbox 1318 2704 1441 2732; x_wconf 87' lang='lat' dir='ltr'><strong>declarat</strong></span> <span class='ocrx_word' id='word_1_806' title='bbox 1463 2703 1544 2730; x_wconf 87' lang='lat' dir='ltr'><strong>divus</strong></span> <span class='ocrx_word' id='word_1_807' title='bbox 1567 2702 1680 2729; x_wconf 85' lang='lat' dir='ltr'><strong>Paulus.</strong></span> <span class='ocrx_word' id='word_1_808' title='bbox 1698 2701 1731 2729; x_wconf 89' lang='lat' dir='ltr'><strong>Et</strong></span> <span class='ocrx_word' id='word_1_809' title='bbox 1746 2701 1773 2728; x_wconf 91' lang='lat' dir='ltr'><strong>in</strong></span> <span class='ocrx_word' id='word_1_810' title='bbox 1792 2700 1882 2728; x_wconf 84' lang='lat' dir='ltr'><strong>Veteri</strong></span> 
     </span>
    </p>
   </div>
   <div class='ocr_carea' id='block_1_115' title="bbox 1094 2745 1884 2786">
    <p class='ocr_par' dir='ltr' id='par_1_115' title="bbox 1094 2745 1884 2786">
     <span class='ocr_line' id='line_1_115' title="bbox 1094 2745 1884 2786; baseline -0.003 -9"><span class='ocrx_word' id='word_1_811' title='bbox 1094 2750 1272 2778; x_wconf 86' lang='lat' dir='ltr'><strong>Testamento</strong></span> <span class='ocrx_word' id='word_1_812' title='bbox 1282 2757 1412 2786; x_wconf 80' lang='lat' dir='ltr'><strong>egressus</strong></span> <span class='ocrx_word' id='word_1_813' title='bbox 1423 2749 1609 2778; x_wconf 80' lang='lat' dir='ltr'><strong>lsraelitarum</strong></span> <span class='ocrx_word' id='word_1_814' title='bbox 1621 2755 1652 2776; x_wconf 79' lang='lat' dir='ltr'><strong>ex</strong></span> <span class='ocrx_word' id='word_1_815' title='bbox 1665 2747 1783 2783; x_wconf 68' lang='lat' dir='ltr'><strong>JEgypto</strong></span> <span class='ocrx_word' id='word_1_816' title='bbox 1793 2745 1884 2775; x_wconf 88' lang='lat' dir='ltr'><strong>dictus</strong></span> 
     </span>
    </p>
   </div>
   <div class='ocr_carea' id='block_1_116' title="bbox 1092 2790 1883 2831">
    <p class='ocr_par' dir='ltr' id='par_1_116' title="bbox 1092 2790 1883 2831">
     <span class='ocr_line' id='line_1_116' title="bbox 1092 2790 1883 2831; baseline -0.008 -7"><span class='ocrx_word' id='word_1_817' title='bbox 1092 2800 1134 2824; x_wconf 89' lang='lat' dir='ltr'><strong>est</strong></span> <span class='ocrx_word' id='word_1_818' title='bbox 1161 2800 1342 2831; x_wconf 74' lang='lat' dir='ltr'><strong>terrzemotus,</strong></span> <span class='ocrx_word' id='word_1_819' title='bbox 1382 2793 1613 2831; x_wconf 87' lang='lat' dir='ltr'><strong>quemadmodum</strong></span> <span class='ocrx_word' id='word_1_820' title='bbox 1657 2793 1695 2820; x_wconf 86' lang='lat' dir='ltr'><strong>ait</strong></span> <span class='ocrx_word' id='word_1_821' title='bbox 1720 2796 1746 2820; x_wconf 92' lang='lat' dir='ltr'><strong>ct</strong></span> <span class='ocrx_word' id='word_1_822' title='bbox 1772 2790 1883 2818; x_wconf 70' lang='lat' dir='ltr'><strong>David:</strong></span> 
     </span>
    </p>
   </div>
  </div>
