2095 3160
176 247 262 282 γέλων
271 245 361 282 ἡμῶν,
374 247 402 273 αἳ
416 246 495 281 φύσει
509 245 560 281 μὲν
577 247 645 272 εἰσὶν
657 246 780 279 εὗώδξις,
793 247 970 282 εὐωδέστεροι
986 251 1008 278 Α

174 293 204 320 δὲ
220 292 342 326 γίνονται
357 293 391 328 τῇ
411 291 458 318 τοῦ
481 291 718 327 μεταχειρίζοντος
741 292 842 323 ταύτας
855 292 973 326 ἀγγέλου

176 338 320 373 συνεργίᾳ.
345 338 473 374 ᾙτοῦντο
500 338 528 364 δὲ
552 338 596 364 διὰ
612 338 662 372 τῆς
686 338 860 372 παγκοσμίου
881 346 974 365 συντε-

176 384 262 415 λείας.
275 385 336 415 ταῖς
350 383 399 418 μὲν
409 385 612 418 τιμωρητικαϊς
629 384 741 418 μάστιξι
756 385 817 415 ταῖς
833 384 905 411 κατὰ
919 384 973 410 τῶν

175 431 314 459 duo-:56th
326 433 372 458 καὶ
384 431 552 466 παρανόμων
561 430 643 463 seru);
656 427 882 465 ήτοιιὶασμέναις,
898 429 974 463 λῆξιν

175 478 208 512 τῇ
223 475 357 511 συντομία
370 476 420 510 τῆς
435 476 572 511 ἐπιφορᾶς
591 475 641 510 τῆς
655 475 805 506 κακώσεως
819 483 973 509 πρυτανευ-

176 522 266 557 θῆναι,
279 523 325 549 καὶ
338 522 369 548 τὺ
385 521 424 556 μὴ
440 522 508 557 πρὸς
523 521 650 553 πλείονας
669 521 831 555 ἀνθρώπους
849 521 973 556 διαδοοῆ-

176 574 231 594 ναι·
246 567 352 598 ἑαυτοῖς
366 567 394 593 δὲ
408 567 455 593 τὸν
468 567 513 593 διὰ
534 567 584 601 τῆς
598 567 751 602 παρουσίας
767 567 813 593 τοῦ
832 566 974 599 ἁξιονίκως

176 612 211 638 τὰ
227 612 332 639 ἔπαθλα
346 612 486 648 διανέμειν
502 613 603 644 εἰδότος
619 614 675 644 τοῖς
690 614 719 639 ὲν
735 612 775 648 τῷ
788 613 902 648 παρόντι
923 612 974 648 βίῳ

177 659 246 693 ὑπὲρ
260 659 362 694 ἀρετῆς
375 660 615 694 παγκρατιασταῖς
631 659 737 694 μισθὸν,
749 659 849 691 οἵτινες
863 659 913 685 οὐκ
925 659 973 686 ἀλ-

175 705 226 737 λοι,
248 705 263 740 ἧ
286 702 360 731 οὗτοι
375 705 399 731 οί
417 705 464 731 τὸν
483 705 633 741 ἀθλοθέτην
650 706 679 731 ὲν
696 707 753 737 τοῖς
772 706 878 733 ἑαυτῶν
892 707 972 739 δοξά-

177 759 273 782 σαντες
290 749 420 786 σώμασι.Δ

211 843 266 871 Kal
281 844 375 877 ἄλλος
397 844 526 879 ἅγγελος
548 842 633 879 ἦλθε,
651 845 700 872 καί
720 844 833 878 ἐστάθη
855 844 905 871 ἐπὶ
920 844 972 871 τοῦ

712 192 908 223 COMMENT.
934 193 973 222 IN
994 193 1256 224 APOCALYPSIN.

1024 247 1103 274 nobis
1130 251 1260 282 praesunt,
1285 247 1368 282 719
1392 251 1522 282 tanquam
1543 249 1668 283 pretiosa!
1693 251 1820 284 primiti:e

1024 291 1082 318 sive
1096 291 1207 327 fruges:
1226 299 1288 326 quae
1306 297 1404 327 suapte
1423 293 1535 327 quidem
1555 300 1652 322 natura
1673 301 1737 323 sunt
1752 296 1820 324 οιίιι-

1024 337 1132 370 τὶίθτίῐε,
1151 338 1240 373 magis
1265 343 1356 365 tamen
1372 338 1526 373 fragrantes
1551 341 1705 368 redduntur
1732 343 1821 377 anguli

1024 383 1071 416 qui
1084 390 1132 410 eas
1149 387 1246 409 tractat
1260 383 1374 410 auxilio.
1393 383 1526 411 Petebant
1540 390 1632 411 autem
1650 391 1679 412 ut
1694 394 1741 420 por
1757 388 1821 414 uui-

1023 428 1159 454 versalem
1173 428 1267 455 mundi
1282 430 1563 461 consummationem,
1582 432 1712 465 puuitivis
1726 433 1820 468 ﬂagel-

1024 473 1058 501 lis
1078 474 1210 501 adversus
1227 474 1325 509 impios
1344 479 1371 502 et
1395 480 1615 509 transgressores
1637 478 1736 504 met-ito
1755 486 1823 512 pra:-

1024 520 1146 554 paratis,
1188 519 1251 547 linis
1284 520 1467 548 adduceretur
1496 522 1703 550 altbreviatioue
1740 524 1822 551 illata:

1024 565 1193 598 at'ﬂictiouis,
1207 574 1296 601 neque
1310 567 1342 593 ad
1359 567 1451 601 plures
1461 562 1593 594 homines
1600 569 1798 602 pertransireut
1813 579 1820 596 :

1024 611 1148 646 sibiipsis
1166 618 1256 638 autem
1278 613 1431 639 mercedem
1449 613 1625 647 postulabant
1650 622 1698 648 per
1717 615 1823 642 adven-

1025 662 1081 685 lum
1099 658 1188 690 illius,
1205 658 1251 693 qui
1269 659 1339 685 solet
1361 659 1535 686 certantibus
1563 660 1589 686 in
1619 661 1746 694 prteseuti
1765 662 1820 689 vita

1024 711 1073 738 pro
1088 704 1189 731 virtute
1203 704 1316 738 prteutia
1330 703 1409 738 jtuta
1433 703 1554 731 vit-toria:
1573 704 1734 738 dignitatem
1752 705 1824 732 ιίὶιίο

1023 749 1108 777 dere:
1124 757 1208 784 porro
1220 749 1357 777 luctantes
1371 758 1426 776 ttutt
1441 750 1486 776 alii
1496 754 1651 784 suntquattt
1668 751 1684 778 ii
1699 751 1746 786 qui
1756 759 1822 786 atto-

1024 795 1154 822 nothelen
1170 795 1229 823 suis
1243 795 1434 830 giorilicaruut
1448 796 1625 830 corporibus.

1062 839 1129 872 Vill.
1153 841 1215 868 5-6.
1241 840 1276 867 Et
1293 841 1364 867 alius
1380 841 1490 877 angelus
1508 842 1578 868 venit
1605 846 1631 868 et
1650 843 1723 869 stetit
1745 850 1825 876 super

175 891 414 925 θυσιαστηρίου,
444 890 523 925 ἔχων
550 891 717 917 λιϐανωτὸν
743 891 895 924 χρυσοῦν,
923 890 971 917 καὶ

1025 888 1112 914 altare
1126 887 1224 914 habens
1246 888 1410 914 tltut'ibttlunt
1426 895 1536 914 aureum
1553 896 1562 914 :
1576 892 1600 914 et
1616 888 1681 914 data
1699 893 1759 914 sunt
1782 888 1824 915 illi

174 935 263 967 ἐδόθη
290 934 371 968 αὐτῷ
396 934 565 970 θυμιάματα
591 935 710 970 πολλὰ,
733 936 783 962 ἵνα
804 935 889 970 δώσῃ
905 936 971 968 ταῖς

1023 935 1132 961 incensa
1147 933 1243 964 multa.
1265 938 1294 960 ut
1317 934 1391 960 duret
1405 933 1571 960 orationibus
1592 938 1746 961 sanctorum
1767 942 1826 960 ottt-

175 980 362 1015 προσευχαῖς
377 980 436 1007 τῶν
451 981 544 1016 ἁγίων
558 980 680 1008 πάντων
693 981 743 1008 ἐπὶ
759 982 791 1008 τὸ
809 981 973 1015 θυσιαστή-

1026 982 1110 1013 nium,
1124 989 1202 1015 super
1211 980 1298 1007 altare
1310 989 1420 1007 aureum
1433 1001 1439 1013 ,
1452 981 1521 1016 quod
1537 985 1594 1007 erat
1610 986 1671 1007 ante
1688 981 1824 1007 thronum.

172 1036 240 1061 ριον
265 1027 298 1053 τὸ
323 1027 461 1062 χρυσοῦν
484 1023 666 1055 τὸ’ὲνώπιον
689 1028 743 1055 τοῦ
767 1029 887 1062 θρόνου.
915 1028 973 1056 Καὶ

1025 1026 1061 1052 Et
1076 1026 1193 1053 ascendit
1207 1027 1295 1061 fumus
1309 1027 1475 1053 incensurum
1497 1035 1557 1053 cum
1578 1027 1700 1061 precibus
1716 1032 1823 1054 suntta-

175 1072 266 1107 ἀνέϐη
277 1075 294 1100 d
303 1074 421 1108 καπνὸς
434 1073 493 1101 τῶν
503 1075 695 1109 θυμιαμάτων
706 1073 772 1107 ταῖς
784 1075 971 1110 προσευχαῖς

1024 1079 1094 1102 rum,
1111 1071 1143 1099 de
1156 1080 1236 1098 manu
1251 1072 1338 1106 angeli
1356 1080 1446 1099 coram
1462 1071 1528 1098 Deu.
1549 1071 1582 1098 Et
1598 1073 1699 1107 accepit
1715 1072 1823 1107 angelus

175 1118 235 1145 τῶν
246 1119 349 1154 ἁγίων,
367 1121 402 1147 ἐκ
423 1121 522 1155 χειρὸς
538 1121 591 1148 τοῦ
617 1121 747 1156 ἀγγέλου
767 1121 896 1148 ἐνώπιον
916 1121 970 1148 τοῦ

1023 1117 1187 1145 tlturibulum
1205 1125 1215 1145 .·
1230 1123 1254 1145 et
1267 1118 1384 1152 implevit
1399 1118 1467 1145 illud
1480 1118 1512 1144 de
1527 1118 1586 1153 igne
1601 1118 1708 1150 altaris,
1724 1123 1748 1145 et
1763 1126 1824 1153 pro-

176 1163 260 1192 Θεοῦ.
279 1164 334 1192 Kal
349 1165 476 1200 διληφεν
497 1168 513 1192 d
524 1164 652 1200 ἅγγελος
663 1165 717 1192 τὸν
730 1166 907 1198 λιϐανωτὸν,
918 1164 969 1192 καὶ.

1023 1164 1082 1197 iecit
1099 1165 1126 1190 in
1142 1169 1239 1191 terram
1257 1172 1266 1190 :
1282 1164 1406 1199 factuque
1432 1169 1492 1191 sunt
1519 1165 1639 1191 tonitrua
1661 1169 1686 1191 et
1704 1165 1824 1199 fulgura.

173 1209 314 1243 ἐγέμισεν
327 1210 420 1238 αὐτὸν
432 1210 466 1237 ἐκ
482 1210 536 1238 τοῦ
552 1211 649 1244 πυρὸς
664 1210 718 1237 τοῦ
733 1210 969 1244 θυσιαστηρίου,

173 1255 224 1280 καί
248 1254 357 1283 ἔϐαλεν
372 1257 418 1288 είς
433 1255 492 1290 τὴν
505 1255 580 1290 γῆν,
603 1256 652 1283 καὶ
683 1255 823 1291 ἐγένοντο
845 1255 973 1290 βρονταὶ

1024 1210 1058 1237 Et
1076 1215 1173 1245 septem
1192 1209 1279 1245 angeli
1296 1210 1419 1237 habentes
1443 1214 1541 1245 septem
1565 1211 1642 1237 tubas
1658 1218 1825 1246 prrparave-

1026 1260 1087 1282 runt
1101 1263 1127 1281 se
1139 1259 1168 1281 ιιι
1185 1255 1248 1281 tuba
1261 1259 1395 1282 canerent.

175 1301 223 1328 καί
237 1301 398 1338 ἀστραπαί.
411 1304 464 1330 Kal
479 1305 505 1330 οὶ
518 1303 594 1330 ἑπτὰ
605 1303 727 1339 ἄγγελοι
742 1305 770 1331 οι
783 1305 908 1339 ἔχοντες
931 1303 985 1336 τὰς
1005 1301 1081 1329 ἑπτὰ
1106 1301 1282 1337 σάλπιγγας
1295 1322 1303 1334 ,
1319 1302 1491 1337 ἡτοίμασαν
1523 1302 1650 1335 ἑαυτοὺς
1667 1302 1718 1329 ἵνα
1742 1303 1825 1329 σαλ-

174 1349 299 1377 allatum.

211 1396 248 1422 Τὸ
274 1396 467 1431 θυσιαστήριον
492 1396 572 1423 τοῦτο
592 1397 606 1422 ὁ
624 1397 744 1432 Χριστός
775 1399 867 1430 ἐστιν,
893 1398 922 1424 ἰν
949 1393 971 1430 ᾧ

176 1443 252 1470 πᾶσα
268 1442 444 1477 λειτουργικὴ
461 1444 509 1470 καὶ
525 1443 591 1477 ἁγία
613 1444 763 1478 συνέστηκε
779 1443 899 1476 σύνοδος,
924 1444 972 1470 καὶ

178 1488 348 1523 μαρτυρικαὶ
372 1488 464 1514 θυσίαι
481 1489 684 1524 προσάγονται,
712 1485 743 1515 οὗ
771 1487 806 1524 ἦν
833 1488 918 1520 τύπος
940 1489 971 1515 τὸ

176 1534 282 1569 δειχθὲν
309 1535 338 1561 ἐν
357 1535 391 1570 τῇ
419 1535 507 1569 σκηνῇ
533 1534 727 1569 θυσιαστήριον
746 1535 775 1561 ἑν
794 1535 834 1570 τῷ
852 1534 910 1569 δρει
931 1535 970 1571 τῷ

177 1579 293 1614 ﬂuitat].
309 1579 350 1606 Τὰ
361 1579 389 1606 δὲ
404 1579 577 1614 θυμιάματα,
589 1580 617 1606 αἱ
632 1581 785 1615 προσευχαὶ
801 1580 856 1606 τῶν
872 1580 969 1614 ἁγίων,

176 1619 217 1654 oi;
233 1623 360 1650 εὐκταῖον
375 1624 401 1651 εἰ
419 1632 446 1650 τι
463 1623 510 1651 καὶ
531 1624 596 1651 ἄλλο
611 1623 651 1658 τῷ
669 1624 730 1658 Θεῷ
747 1624 927 1660 προσαχθείη,
943 1625 971 1650 ἐν

178 1668 263 1704 μοίρᾳ
280 1669 461 1704 θυμιαμάτων
477 1670 555 1704 αὺτῷ
573 1670 752 1706 λογισθῆναι,
768 1671 816 1698 τοῦ
833 1671 972 1706 μοχθηροῦ

176 1714 272 1741 τούτου
289 1716 336 1741 καὶ
354 1714 489 1746 δυσώδους
512 1715 571 1750 βίου
596 1715 635 1750 τῷ
659 1716 725 1751 πυρὶ
749 1716 800 1751 τῆς
825 1717 864 1748 εἰς
890 1717 973 1744 αὑτὸν

176 1761 288 1796 ἀγάπης
316 1761 538 1796 ἐξατμισθέντος.
564 1762 690 1797 Τοσαύτη
713 1762 768 1797 γὰρ
794 1764 810 1798 ἠ
837 1763 903 1797 περὶ
926 1763 972 1789 τὸν

177 1806 296 1841 Χριστὸν
308 1807 403 1842 ἀγάπη
417 1806 448 1833 τὸ
464 1806 525 1838 ζέον
538 1805 595 1842 εἶχε
609 1807 657 1834 καὶ
671 1807 813 1844 διάπυρον,
828 1808 866 1839 ὡς
883 1809 972 1836 πάντα

178 1851 335 1886 ἡγήσασθαι
347 1852 380 1879 τὰ
389 1852 436 1878 τοῦ
447 1853 581 1887 παρόντος
595 1853 693 1885 αίῶνος
706 1854 821 1888 τερπνὰ,
837 1854 970 1887 σκύϐαλα,

179 1898 260 1933 μόνον
277 1898 320 1924 ἵνα
334 1898 445 1933 Χριστῷ
460 1898 497 1933 τῷ
514 1897 574 1933 Θεῷ
588 1899 742 1925 ἀποδοΟώσι
766 1901 894 1927 συνεῖναι.
912 1900 969 1926 Κα-

179 1943 245 1969 πνὸν
257 1943 285 1969 δὲ
296 1944 431 1979 ἁναὸἧναι
443 1944 498 1970 ἀπὸ
510 1944 560 1978 τῆς
571 1944 626 1970 τῶν
641 1944 822 1979 θυμιαμάτων
833 1946 971 1979 ἐντυχίας,

178 1989 219 2015 ὅτι
232 1989 344 2021 καπνὸς,
356 1990 441 2025 ὀργῆς
455 1991 619 2026 τεκμήριον,
632 1991 670 2022 ὡς
682 1991 730 2017 καὶ
739 1991 769 2018 ὲν
782 1991 831 2026 τῷ,
844 2001 853 2017 ι
875 1991 971 2027 Ἀνέϐη

180 2034 284 2065 καπνὸς
298 2036 328 2061 ὲν
347 2035 416 2070 ὀργῇ
432 2034 525 2062 αὑτοῦ.
546 2044 556 2061 ι
575 2035 660 2062 Τοῦτο
671 2034 717 2063 οὖν
729 2036 760 2063 οὑ
776 2036 810 2063 δι’
823 2036 889 2063 ἄλλο
903 2045 972 2071 συμ-

179 2080 260 2116 ϐῆναι
284 2081 502 2116 ἐσχημάτισται,
526 2081 542 2116 ἢ
569 2082 616 2109 τοῦ
647 2082 786 2118 δειχθῆναι
813 2083 893 2118 χάριν
924 2083 972 2109 καὶ

180 2127 373 2162 νανερωθῆναι
389 2128 419 2154 τὸ
432 2129 481 2163 τῆς
496 2129 608 2164 ἀγάπης
622 2129 755 2163 διάπυρον
771 2129 826 2156 τῶν
842 2131 927 2163 ἁγίων
941 2130 972 2157 τὸ

180 2172 244 2207 περ).
265 2172 311 2198 τὸν
328 2172 446 2207 Χριστὸν
462 2173 499 2205 ὡς
514 2173 570 2209 πῦρ
592 2174 608 2210 ἢ
625 2174 671 2201 τὸν
690 2175 787 2210 Θυμδν,
806 2175 844 2206 ὡς
868 2177 972 2203 καπνὸν

177 2218 215 2249 dt;
230 2219 277 2245 καὶ
290 2217 380 2245 αὐτῶν
393 2219 442 2254 τῆς
451 2220 537 2254 αὐτῆς
547 2221 603 2251 τοῖς
618 2221 745 2256 ἀγγέλοις
757 2222 865 2255 φύσεως
876 2223 972 2258 λαχόν-

177 2273 244 2298 των,
259 2265 289 2292 οὑ
303 2265 371 2301 πρὸς
384 2266 481 2300 ὁμοίαν
495 2266 524 2293 δὲ
540 2266 645 2299 τούτοις
665 2267 847 2303 εὐαρέστησιν
861 2268 909 2296 τοῦ
924 2277 972 2295 πε-
989 2285 1011 2312 ι)

178 2312 322 2347 ποιηχὸτος
335 2313 603 2341 κατεσπουδακότων.

219 2445 268 2472 Ἐκ
294 2446 394 2480 χειρὸς
414 2446 467 2474 τοῦ
488 2447 630 2482 ἀγγέλου.
661 2449 744 2486 ὐρᾷς
763 2450 804 2477 ὅτι
823 2451 900 2487 παρὰ
922 2453 969 2481 τοῦ

177 2492 294 2526 ἀγγέλου
307 2493 411 2529 ὑπῆρξε
423 2494 453 2520 τὸ
464 2494 650 2530 εὑωδεστέρας
662 2496 710 2528 τὰς
721 2497 805 2533 εὐχὰς
817 2499 871 2525 τῶν
884 2499 970 2534 ἁγίων

177 2538 317 2571 γενέσθαι,
334 2539 382 2566 καὶ
393 2539 472 2571 ἀξίας
487 2538 535 2566 τοῦ
551 2541 785 2576 προσκομίζεσθαι
794 2542 910 2572 ἐνώπιον
920 2545 969 2573 τοῦ

177 2583 244 2612 Θεοῦ
259 2593 267 2618 ;

212 2630 268 2658 Kal
294 2631 421 2664 εἴληφεν
444 2632 461 2658 d
487 2630 616 2666 ἄγγελος
639 2633 692 2659 τὸν
714 2634 889 2663 λιϐανωτόν.
919 2635 971 2662 Τδν

175 2676 325 2703 λιῆανωτὸν
344 2677 386 2703 ὃτι
412 2677 592 2713 θυμιατήριον
610 2678 735 2713 βούλεται
750 2680 857 2715 δηλοῦν,
874 2682 921 2708 καὶ
939 2681 970 2709 τὸ

177 2723 370 2759 θυσιαστήριον
379 2723 424 2751 τὸν
437 2723 566 2759 Χριστὸν,
579 2725 628 2751 καὶ
636 2725 681 2751 τὸν
693 2726 806 2760 καπνὸν,
818 2729 863 2754 τὸν
873 2728 968 2764 θυμὸν,

177 2770 223 2796 καὶ
236 2769 268 2796 τὸ
283 2769 340 2805 πῦρ
353 2769 385 2795 τὸ
397 2769 452 2796 ἀπὸ
466 2769 513 2796 τοῦ
529 2769 734 2806 θυσιαστηρίου,
750 2772 780 2798 τὸ
794 2772 926 2807 διάπυρον
941 2773 971 2800 τδ

176 2816 242 2853 περὶ
262 2815 309 2842 τὸν
325 2814 392 2842 Θεὸν
412 2815 468 2842 τῶν
487 2815 573 2850 ἁγίων
597 2815 814 2852 προεξετασθὲν,
831 2818 970 2853 ἐχομένως

212 2905 235 2923 δ’
257 2905 330 2933 Psal.
349 2914 414 2938 xvu.
431 2908 457 2934 9.

1061 1394 1155 1421 Altare
1174 1394 1226 1422 hoc
1245 1395 1374 1423 Christus
1400 1401 1441 1423 est
1466 1396 1494 1423 in
1519 1404 1574 1431 qun
1599 1397 1651 1424 sita
1670 1401 1712 1423 est
1732 1398 1824 1424 omnis

1025 1446 1119 1468 sancta
1136 1448 1169 1468 ac
1192 1441 1384 1468 ministerialis
1406 1442 1531 1476 syttodus
1544 1461 1551 1474 ,
1570 1448 1597 1469 et
1611 1443 1644 1468 ad
1661 1443 1735 1477 quod
1750 1451 1824 1469 tuar-

1025 1490 1115 1521 tyrum
1134 1487 1253 1514 victimae
1268 1487 1455 1520 adducuntur,
1472 1487 1554 1522 cujus
1568 1493 1646 1522 typus
1655 1493 1715 1515 erat
1729 1494 1824 1516 osten-

1024 1539 1085 1559 sum
1103 1531 1172 1559 Mosi
1191 1532 1219 1559 iu
1232 1536 1325 1559 monte
1339 1532 1424 1559 altare
1434 1533 1506 1566 qttod
1519 1537 1578 1559 erat
1590 1532 1617 1559 in
1631 1532 1821 1560 tabernaculo.

1023 1577 1109 1605 Porro
1140 1578 1252 1605 incensa
1285 1578 1343 1606 sive
1372 1579 1551 1614 tltymiamata
1585 1583 1651 1607 sunt
1682 1579 1823 1606 orationes

1024 1629 1194 1657 sanctorum,
1210 1625 1312 1660 quibus
1328 1625 1354 1652 in
1374 1625 1445 1653 votis
1462 1629 1503 1653 est
1522 1626 1545 1653 si
1560 1625 1625 1661 quid
1649 1625 1732 1653 etiam
1748 1625 1823 1653 aliud

1024 1671 1060 1697 sit
1082 1671 1155 1706 quod
1181 1671 1235 1698 Deo
1253 1671 1346 1698 oﬂ‘erri
1364 1673 1462 1706 possit,
1489 1673 1516 1699 in
1543 1677 1622 1707 parte
1647 1673 1821 1700 iucensorunt

1024 1715 1075 1750 ipsi
1102 1724 1245 1744 recensere
1270 1726 1277 1744 τ
1301 1717 1437 1752 ﬂagitiosa
1461 1717 1512 1744 hac
1528 1722 1556 1745 et
1578 1718 1746 1752 graveoleuti
1767 1719 1821 1745 vita

1024 1759 1086 1794 igne
1111 1761 1213 1788 amoris
1242 1768 1305 1796 erga
1333 1762 1422 1796 ipsqu
1449 1767 1599 1797 eraporala
1622 1771 1629 1789 :
1649 1767 1725 1790 tanta
1746 1763 1820 1790 cuitu

1023 1805 1134 1833 dilectio
1148 1814 1212 1841 erga
1228 1807 1368 1834 Christum
1383 1807 1478 1835 habuit
1491 1807 1628 1835 fervorem
1642 1813 1668 1834 et
1679 1809 1820 1839 ardorem,

1023 1853 1092 1879 adeo
1119 1857 1150 1880 ut
1167 1853 1311 1880 universas
1336 1853 1482 1888 prtesentis
1497 1854 1561 1880 vita:
1579 1853 1695 1881 delicias
1718 1854 1819 1881 rudera

1023 1906 1084 1926 esse
1098 1899 1242 1930 (lucum-nl,
1258 1899 1348 1925 solum
1368 1907 1421 1933 prus
1433 1907 1466 1926 eo
1478 1904 1507 1925 ut.
1524 1899 1563 1926 eis
1577 1900 1750 1933 contingeret
1767 1907 1821 1926 una

1022 1951 1085 1971 cum
1100 1943 1212 1970 Christo
1230 1944 1284 1970 Deo
1297 1944 1379 1971 vitam
1395 1951 1484 1978 agere.
1497 1944 1603 1970 Fumus
1618 1948 1709 1970 autem
1726 1952 1822 1971 ascen-

1023 1989 1093 2016 dita
1108 1990 1308 2024 supplicatione
1331 1989 1526 2023 incensurum,
1550 1990 1615 2024 quia
1638 1988 1731 2017 fumus
1750 1990 1820 2016 iram

1022 2036 1163 2071 designat.
1179 2036 1250 2063 sicut
1271 2036 1297 2063 in
1319 2043 1352 2063 eo
1367 2036 1427 2063 loco
1447 2036 1492 2062 ubi
1520 2036 1639 2063 dicitur:
1661 2045 1669 2061 ι
1691 2036 1822 2063 Ascendit

1023 2081 1117 2108 l'utnus
1141 2082 1168 2108 iu
1195 2081 1234 2108 ira
1260 2082 1320 2115 eius
1333 2081 1367 2108 ".
1390 2092 1400 2108 ι
1419 2081 1476 2108 lloc
1496 2082 1579 2116 igitur
1606 2089 1660 2109 non
1682 2084 1717 2108 ob
1744 2082 1819 2109 aliud

1022 2127 1172 2161 contigisse
1192 2127 1338 2161 ﬁguratum
1358 2132 1412 2159 est.
1431 2127 1484 2154 nisi
1500 2133 1529 2154 ut
1545 2128 1735 2155 ostenderetur
1756 2136 1821 2162 gra-

1024 2173 1072 2206 tia,
1090 2177 1116 2200 et
1132 2173 1354 2200 ntanifestaretur
1384 2173 1466 2200 ardor
1487 2173 1644 2201 dilcrtionis
1659 2180 1818 2201 sanctorum

1023 2217 1050 2244 in
1067 2218 1178 2245 modum
1192 2217 1263 2253 ignis
1278 2226 1342 2254 erga
1354 2218 1508 2252 Christum,
1525 2219 1607 2254 720
1622 2224 1669 2246 aut
1683 2219 1757 2255 quod
1776 2221 1817 2248 ira

1025 2272 1120 2292 eorum
1145 2270 1274 2300 tauquam
1299 2265 1390 2292 fumus
1403 2266 1534 2292 ascendat
1551 2275 1557 2292 :
1574 2266 1653 2300 quasi
1670 2267 1739 2301 ipsi,
1755 2275 1819 2294 cum

1024 2312 1148 2338 eamdem
1163 2320 1224 2339 cum
1241 2312 1346 2347 angelis
1359 2312 1449 2339 sortiti
1467 2312 1524 2339 sint
1546 2317 1687 2344 naturam.
1704 2321 1757 2339 non
1770 2321 1819 2339 eo—

1026 2358 1083 2384 nati
1099 2358 1154 2385 sint
1170 2363 1303 2393 prmstare
1320 2359 1444 2385 eamdem
1462 2366 1524 2386 cunt
1539 2359 1583 2386 his
1598 2359 1683 2386 animi
1698 2359 1819 2394 placabi-

1023 2404 1138 2432 lilatent.

1062 2450 1100 2477 De
1114 2459 1194 2478 manu
1209 2451 1307 2486 angeli.
1321 2450 1402 2479 Vides
1413 2452 1485 2486 quod
1497 2452 1532 2479 ab
1547 2452 1644 2487 angelo
1657 2452 1820 2487 proveniant

1024 2502 1055 2524 ut
1074 2498 1210 2524 suavioris
1229 2498 1284 2525 sint
1300 2498 1456 2532 fragrantia:
1473 2506 1567 2532 preces
1593 2503 1768 2530 sanctorum,
1786 2505 1819 2526 ac

1024 2544 1113 2579 digna:
1127 2545 1183 2571 sint
1200 2549 1230 2571 ut
1245 2544 1405 2572 deferantur
1421 2552 1514 2571 coram
1532 2544 1605 2572 Deo?

1027 2638 1032 2648 '
1061 2633 1096 2661 Et
1108 2635 1207 2668 accepit
1220 2633 1327 2669 angelus
1343 2633 1517 2661 "turibulum.
1526 2632 1578 2660 Per
1592 2633 1741 2661 λιϐανωτὸν
1753 2641 1816 2660 cum

1025 2689 1075 2716 pro
1088 2681 1228 2708 tlturibulu
1238 2682 1372 2716 capiatur,
1389 2685 1417 2708 et
1428 2681 1492 2708 item
1509 2688 1556 2715 per
1568 2681 1654 2707 altare
1666 2680 1816 2715 signiﬁcari

1024 2728 1164 2755 Christum
1182 2737 1190 2754 :
1207 2735 1254 2763 per
1264 2727 1369 2754 fumum
1385 2735 1449 2754 vero
1466 2727 1544 2757 iram.
1561 2735 1609 2762 per
1623 2727 1712 2762 ignem
1725 2732 1816 2754 autent

1024 2774 1072 2809 qui
1094 2775 1129 2802 ab
1143 2773 1224 2802 altari
1237 2774 1368 2806 sumitur,
1384 2773 1511 2801 ardorem
1534 2773 1581 2808 qui
1602 2777 1645 2800 est
1668 2773 1694 2800 iu
1711 2775 1817 2802 sanctis

1024 2828 1088 2855 erga
1105 2820 1202 2853 Deum,
1219 2819 1301 2855 paulo
1319 2825 1381 2848 ante
1397 2819 1561 2855 inquirendo
1577 2819 1748 2855 propositum
1763 2826 1815 2848 est.
