2095 3160
206 166 259 198 617

745 162 819 194 (ἙοΜ
825 164 940 194 ΜΕΝΤ.
965 163 1006 193 ΙΝ
1025 163 1249 194 APOCALYPSI
1257 165 1290 195 N.

1785 166 1838 198 (illi

205 230 280 249 usatv
292 221 435 257 ἀγριαῖνον
453 220 616 257 παραδηλοῖ.
634 220 672 247 Τδ
689 220 718 247 δὲ
732 221 823 256 τρίτον
834 221 883 255 τῆς
898 220 999 248 θαλάσ-

1056 221 1107 247 rios
1124 228 1206 248 casus
1219 221 1287 247 mari
1306 220 1422 248 ferocior
1439 219 1564 248 efﬁcitur.
1579 221 1713 248 Caeterum
1732 223 1836 250 tertiam

205 275 266 301 σης,
286 264 357 302 αἷμα
373 267 514 301 γενέσθαι,
529 267 583 294 τῶν
600 267 646 294 διά
661 266 813 302 μαρτυρίου
829 266 997 298 τελειώσεως

205 312 421 347 ὲρυθρωτάντων
448 313 499 348 τὴν
530 313 670 348 περίγειον
702 314 802 340 κτίσιν.
835 313 912 340 Ἐπεὶ
933 313 962 340 δὲ
984 314 998 339 ὁ

204 357 268 393 τρία
285 358 401 393 ἀριθμὸς
414 359 486 394 ἀρχὴ
501 358 622 394 πλήθους
650 359 724 386 ἐστὶν
736 359 773 390 ὡς
798 359 815 394 ἡ
829 358 998 394 ἀριθμητικὴ

206 403 331 435 βούλεται
352 403 475 438 μέθοδος,
490 404 522 430 τὸ
544 404 627 430 πλέον
644 404 698 430 τῶν
712 404 906 440 ἀπολλυμένων
920 404 951 430 οὗ
968 405 999 430 τὸ

206 449 271 480 πᾶν,
290 449 327 480 ὡς
342 449 389 475 καὶ
404 450 457 483 πρὸ
474 449 572 484 μικροῦ
588 449 777 485 παρεθέμεθα,
788 449 833 476 διὰ
843 451 891 476 τοῦ
906 450 998 485 τρίτου

206 494 353 530 εδήλωσεν.

244 585 339 612 Καίτὸ
355 585 456 619 τρίτον
471 584 532 612 τῶν
547 586 663 612 πλοίων
683 585 838 620 διεφθάρη.
851 585 935 612 Πλοῖα
949 585 998 616 τὰς

205 632 260 658 τῶν
273 631 360 666 ἁγίων
377 631 466 667 ψυχὰς
493 631 632 667 τροπικῶς
647 631 777 667 ὀνομάζει
793 639 801 647 ·
813 630 831 658 ἃ
843 631 892 657 καὶ
916 639 1001 658 κατα-

207 678 301 710 παίζει
318 677 382 709 τοὺς
393 678 423 704 ἐν
436 678 470 713 τῇ
484 677 606 713 θαλάσσῃ
624 678 786 712 δράκοντας,
795 677 833 708 ὡς
845 677 874 702 ὲν
885 677 924 712 τῷ
935 677 1000 703 ἐκα-

206 724 293 759 τοστῷ
307 724 391 759 τρίτῳ
404 723 503 759 ψαλμῷ
527 723 718 759 ἀλληγορικῶς
739 723 920 758 τεθεώρηται.
941 723 1001 749 Ἐν-

207 768 295 796 ταῦθα
311 769 340 795 δὲ
366 769 485 804 μάλιστα
513 769 600 801 οὔτως
630 768 788 804 ἐκδέχεσθαι
810 768 850 795 δεῖ
877 768 1000 804 σύμϐολα

208 814 384 850 πράγματος,
397 814 447 840 οὐκ
474 814 617 850 ἐνέργειαν
641 815 692 849 τῆς
719 813 906 850 προκειμένης
934 814 1002 840 ἀπο-

210 860 354 896 καλύψεως
376 860 566 896 παριστὼσης.
585 861 662 887 Ἐπεὶ
680 860 726 888 οὖν
740 861 788 887 καὶ
807 860 861 887 ἀπὸ
877 859 932 886 τῶν
953 859 1003 894 τῆς

1049 267 1133 293 maris
1147 270 1251 300 partem
1267 265 1324 293 lleri
1334 266 1494 302 sanguinem
1508 267 1597 294 innuit
1614 272 1748 294 terrenam
1761 276 1837 296 crcu-

1050 315 1139 338 turam
1156 311 1311 346 expletione
1325 311 1449 347 martyrii
1471 312 1615 339 rubricari.
1640 312 1774 346 Quoniam
1788 321 1839 340 au-

1050 362 1103 384 tem
1128 365 1260 385 numerus
1287 358 1423 385 ternarias
1441 358 1548 385 initium
1573 364 1615 386 est
1643 359 1839 392 multitudinis.

1050 403 1132 430 veluti
1146 404 1227 430 tradit
1241 403 1414 431 arithmetica
1427 404 1581 440 disciplina,
1598 412 1645 439 per
1659 406 1766 432 tertiam
1776 413 1839 441 par-

1051 455 1103 476 tem
1121 449 1285 484 signiﬁcavit
1309 450 1460 477 maximum
1489 458 1549 478 esse
1566 458 1709 478 numermn
1742 460 1838 479 eorum

1050 495 1096 529 qni
1108 489 1233 529 pereunt.
1251 502 1305 522 non
1325 500 1414 523 tamen
1432 496 1587 529 universos.
1605 497 1837 531 quemadmodum

1052 541 1134 575 paulo
1153 546 1217 568 ante
1229 542 1434 576 proposuimus.

1086 586 1122 613 Et
1138 587 1217 613 tertia
1228 595 1289 621 pars
1301 588 1466 622 navigiorum
1479 588 1589 614 interiit.
1604 587 1765 616 Sanctorum
1781 590 1841 616 ani-

1053 640 1112 659 mus
1124 633 1227 667 tropice
1240 633 1345 667 navigia
1355 633 1483 668 appellat,
1497 641 1558 668 qua:
1568 634 1651 661 etiam
1665 634 1800 663 dracones
1813 636 1839 663 iu

1054 678 1122 705 mari
1141 678 1221 713 722
1238 684 1378 706 versantes
1397 679 1525 710 illuduut,
1540 679 1622 706 veluti
1647 680 1752 714 psalmo
1778 689 1843 708 cen-

1053 723 1151 750 tesimo
1167 724 1245 750 tertio
1261 723 1407 758 allegorice
1437 724 1517 751 datur
1541 724 1652 751 intueri.
1668 723 1725 752 Hoc
1751 730 1843 752 autem

1053 770 1114 797 loco
1133 770 1169 797 ita
1183 770 1357 804 potissimum
1371 770 1510 805 suscipere
1521 775 1629 805 oportet
1641 771 1719 806 signa
1738 779 1842 804 rerum,

1053 821 1080 843 et
1094 823 1146 843 non
1158 816 1282 844 etl'ectum
1293 817 1383 852 ipsum
1410 817 1537 852 praesenti
1558 817 1726 845 revelationc
1757 819 1844 846 addu-

1054 867 1139 889 ctum.
1156 861 1291 894 Quoniam
1304 863 1388 898 igitur
1402 863 1550 890 verisimile
1578 869 1637 890 erat
1651 866 1784 898 quosdam
1803 872 1846 892 se-

211 907 349 942 σωτηρίας
371 906 529 941 δεξαμένων
549 906 720 941 πλανηθῆναι
734 914 809 938 τινας
826 906 909 938 εἰκὸς,
927 904 1002 940 φόϐῳ

1056 908 1116 935 duci
1128 916 1161 936 ex
1175 908 1217 935 his
1232 909 1279 944 qui
1291 897 1324 936 ad
1336 909 1452 936 salutem
1463 897 1679 944 assumptisunt;
1695 917 1744 944 per
1762 910 1843 938 timo-

209 952 257 978 τοῦ
267 953 306 987 μὴ
313 952 393 978 τοῦτο
407 952 504 979 παθεῖν
515 952 611 987 ἄρδην,
621 953 654 987 τῇ
666 952 714 978 τοῦ
731 952 823 986 τρίτου
834 951 1003 986 προαγγελία

209 997 260 1033 τὴν
272 998 477 1025 παντοπάθειαν
494 998 675 1033 ἠσφαλίσατο.

505 1065 630 1091 ΚΕΦΛΛ.
644 1065 705 1091 KA'.

216 1134 250 1160 '0
262 1133 361 1167 τρίτος
380 1132 510 1168 ἄγγελος
531 1133 585 1190 τρι,ρ
598 1132 659 1159 τῶν
684 1134 825 1168 ποταμῶν
855 1133 1002 1166 πικραίνει

547 1177 565 1190 1}
577 1188 580 1190 .
587 1177 655 1190 (till.

547 1177 655 1195 υοατα.

247 1234 300 1261 Kal
312 1234 330 1261 δ
342 1234 441 1268 τρίτος
455 1232 582 1268 ἄγγελος
594 1233 755 1266 ἐσάλπισε,
771 1233 819 1260 καὶ
839 1233 950 1260 ἔπεσεν
968 1234 1002 1260 ἐκ

211 1279 266 1306 τοῦ
280 1277 410 1312 οὐρανοῦ
422 1277 520 1312 ἀστὴρ
535 1278 627 1313 μέγας
644 1279 802 1312 καιόμενος
813 1278 852 1310 ὠς
860 1277 982 1312 λαμπάς
994 1285 1001 1293 ·

212 1325 262 1351 καὶ
284 1324 396 1351 ἔπεσεν
423 1324 473 1351 ἐπὶ
503 1325 537 1350 τὸ
567 1324 668 1358 τρίτον
693 1323 753 1351 τῶν
774 1324 930 1359 ποταμῶν,
953 1325 1002 1352 καὶ

212 1372 261 1398 ἐπὶ
279 1371 333 1405 τὰς
355 1369 453 1406 πηγὰς
476 1368 538 1396 τῶν
553 1369 680 1397 ὑδάτων.
692 1370 746 1397 Kal
771 1370 803 1397 τὸ
829 1370 924 1406 ὄνομα
949 1371 1003 1398 τοῦ

213 1416 340 1451 ἀστέρος
367 1416 486 1450 λέγεται
518 1417 535 1443 ό
560 1415 699 1449 ᾶψινθος.
731 1416 787 1443 Kul
811 1416 931 1450 ἐπένετο
968 1418 1002 1443 τὸ

213 1464 314 1497 τριτον
327 1462 387 1489 τῶν
401 1461 518 1489 ὑδάτων
536 1462 579 1494 εὶς
593 1461 746 1496 ἀψίνθιον,
757 1461 806 1488 καὶ
821 1462 931 1489 πολλοὶ
944 1461 1005 1488 τῶν

214 1507 377 1542 ανθρώπων
402 1508 556 1536 ἀπέθανον
584 1507 619 1534 ἐκ
645 1507 705 1534 τῶν
726 1507 855 1540 ὑδάτων,
869 1507 915 1534 ὅτι
941 1508 1004 1534 ἑπι-

214 1555 282 1589 apd;
291 1557 401 1589 θησαν.

251 1600 291 1635 Τῇ
308 1600 433 1626 σαλπίσει
446 1599 493 1626 τοῦ
506 1599 609 1634 ,τρίτου
623 1599 740 1633 ἀγγέλου
754 1599 799 1625 τὴν
815 1600 919 1634 ἀστέρα
935 1602 1002 1635 φησὶ
1024 1592 1042 1600 ”

215 1647 308 1672 πεσεῖν
323 1645 369 1672 τὸν
384 1645 472 1680 μέγαν
487 1645 525 1676 ὡς
539 1644 671 1679 λαμπάδα
698 1644 854 1679 καιόμενον,
868 1646 963 1672 τοῦτον
976 1647 1004 1673 δὲ

215 1693 319 1719 ἐκεῖνον
338 1689 409 1718 εἶναι
429 1692 475 1717 τὸν
495 1691 619 1717 διάϐολον
644 1690 795 1726 ἡγούμεθα.
816 1691 958 1727 Ποταμοὺς
976 1692 1004 1718 δὲ

214 1740 250 1765 τὰ
282 1738 345 1773 ἔθνη
368 1737 505 1773 τροπικῶς
527 1737 674 1772 ὀνομάζει·
705 1739 796 1772 πηγὰς
821 1738 859 1771 δὲ,
872 1739 922 1770 τὰς
946 1739 1006 1766 τού-

215 1792 271 1810 των
285 1784 404 1819 φατρίας
420 1791 426 1798 ·
442 1784 459 1818 ὴ
474 1783 577 1814 πτῶσις
596 1784 624 1809 δὲ
639 1784 735 1810 τούτου
749 1784 798 1819 τὴν
822 1785 868 1811 ὲπὶ
881 1787 939 1817 τοῖς
959 1786 1005 1812 ὑπ’

217 1831 301 1857 αὐτοῦ
320 1830 535 1865 πλανησομένοις
553 1829 706 1864 παραδηλοῖ
720 1829 866 1865 ἐπιφορὰν,
885 1830 946 1865 μεθ’
968 1829 1006 1858 ὧν

216 1877 255 1911 τῷ
268 1875 380 1911 γεέννης
391 1875 558 1910 παραδοθείη
573 1876 640 1910 πυρὶ
658 1876 697 1907 εἰς
714 1876 812 1903 καῦσιν
825 1877 934 1904 αἰώνιον
958 1879 1005 1905 καὶ

218 1921 407 1956 ἀτελεύτητον.

253 1967 307 1994 Kal
319 1967 353 1993 τὸ
370 1966 463 2001 ὄνομα
479 1966 532 1993 τοῦ
548 1966 677 2000 ἀστέρος
694 1966 813 2001 λέγεται
829 1969 845 1994 ὸ
866 1967 1005 2002 ἄψιν-θος.

218 2014 320 2049 [intpr
333 2013 382 2047 μὲν
396 2014 426 2039 τὸ
441 2012 564 2047 ἀψίνθιον
580 2013 596 2048 ἡ
613 2012 724 2047 βοτάνη.
749 2013 901 2045 Ὀξυωπὶαν
912 2014 940 2040 δὲ
958 2016 1005 2041 αὺ-

217 2060 266 2094 τὴν
277 2059 408 2094 παρέχειν
418 2060 474 2090 τοῖς
487 2059 622 2085 ἐσθίουσιν
638 2058 740 2093 ἰατρῶν
755 2059 849 2091 παῖδες
865 2060 1006 2087 διδάσκου-

218 2114 271 2132 σιν.
291 2105 504 2137 Ἐπιτευκτικῶς
526 2103 572 2132 οὖν
588 2105 635 2132 καὶ
647 2105 693 2131 τὸν
712 2105 882 2140 παντολμίαν
903 2106 1005 2142 ἀστέρα

218 2153 287 2186 ἄγαν
308 2152 432 2187 ἀψίνθιον
450 2152 574 2178 ἐκάλεσε.
595 2151 710 2186 Πικρίαν
724 2151 778 2187 γὰρ
793 2152 826 2179 δι’
846 2152 942 2188 ἡδονῆς
957 2162 1006 2180 πο-

217 2198 299 2229 τίζων
314 2197 376 2228 τοὺς
399 2196 560 2231 ἀνθρώπους
572 2196 620 2223 καὶ
639 2197 795 2232 ἀνατροπὴν
816 2197 941 2232 θολεράν,
957 2199 1006 2225 καὶ

1055 961 1111 980 rem
1132 962 1166 981 ne
1181 962 1296 989 prorsus
1310 957 1362 982 hoc
1376 956 1522 990 patiantur,
1536 956 1704 991 tertiiangeli
1720 964 1844 991 praetium

1056 999 1168 1026 tiatione
1179 1001 1213 1027 ab
1224 1000 1382 1028 otnnimoda
1397 1001 1541 1030 alllictione
1552 1003 1738 1038 praemunivit.

1316 1067 1432 1096 CAPUT
1447 1068 1542 1096 XXIV.

1057 1130 1161 1158 Tertius
1177 1133 1285 1167 angelus
1301 1141 1384 1168 aquas
1399 1134 1542 1167 ﬂuminum
1557 1136 1642 1163 reddit
1656 1145 1775 1164 amaras.

1091 1229 1272 1264 νιιι,ιο,ιι.
1292 1231 1325 1258 Et
1339 1233 1432 1259 tertius
1450 1234 1558 1269 angelus
1588 1234 1650 1262 tuba
1675 1236 1768 1263 cecinit
1794 1245 1804 1265 :
1821 1243 1846 1265 et

1055 1277 1149 1303 cecidit
1160 1276 1191 1304 de
1204 1277 1267 1304 cwlo
1278 1278 1354 1305 stella
1370 1287 1468 1314 magna
1482 1280 1578 1307 ardens
1594 1286 1720 1316 tanquam
1733 1282 1824 1317 facula
1837 1292 1846 1311 .'

1054 1328 1078 1349 et
1095 1323 1189 1350 cecidit
1217 1324 1244 1350 in
1259 1327 1365 1351 tertiam
1391 1330 1491 1359 partem
1513 1326 1654 1360 [luminum
1676 1332 1699 1354 et
1715 1328 1742 1355 in
1762 1329 1846 1364 fontes

1055 1375 1194 1402 aquarum.
1223 1367 1257 1394 Et
1274 1377 1367 1396 nomen
1379 1370 1463 1396 stella:
1491 1371 1591 1397 dicitur
1622 1372 1793 1401 absint/tium.
1812 1373 1846 1401 Et

1056 1421 1128 1439 terra
1142 1418 1180 1439 est
1197 1414 1276 1440 tertia
1291 1423 1353 1448 pars
1362 1423 1493 1448 aquarum
1504 1415 1533 1442 in
1544 1415 1718 1449 absim/tium,
1733 1422 1757 1444 et
1769 1418 1846 1445 multi

1057 1457 1192 1484 hominum
1212 1461 1312 1485 niormi
1328 1464 1388 1486 sunt
1400 1468 1431 1486 ex
1447 1460 1533 1494 aquis,
1559 1461 1622 1495 quia
1638 1470 1738 1489 amarw
1768 1464 1847 1497 facta;

1057 1509 1144 1529 erant.

1097 1597 1180 1625 Tertii
1196 1598 1285 1633 angeli
1301 1597 1493 1626 buccinationc
1516 1599 1622 1627 stt-llam
1652 1602 1784 1631 cecidisse
1812 1604 1849 1632 ait

1060 1651 1185 1677 magnam
1204 1649 1333 1679 tauquam
1351 1644 1467 1672 faculam
1486 1646 1625 1674 ardentem
1645 1657 1652 1674 :
1669 1648 1740 1676 hanc
1758 1655 1847 1678 autem

1060 1690 1149 1724 ipsum
1176 1697 1237 1717 esse
1257 1690 1395 1717 diabolum
1416 1691 1593 1719 arbitramur.
1614 1691 1740 1721 Flumina
1768 1703 1832 1722 vero

1061 1736 1165 1770 tropice
1190 1735 1310 1771 appellat
1329 1741 1446 1771 gentes:
1479 1737 1568 1766 fontes
1599 1744 1700 1773 autent,
1727 1741 1847 1776 ipsarum

1060 1782 1189 1810 familias.
1210 1782 1297 1809 Porro
1321 1782 1401 1817 hujus
1421 1791 1502 1811 casus
1529 1785 1659 1820 impetum
1692 1788 1849 1816 mauilestat

1060 1828 1192 1855 adversus
1208 1836 1256 1856 eos
1267 1828 1313 1864 qui
1329 1829 1363 1856 ab
1380 1829 1427 1856 illo
1444 1829 1592 1857 scduceudi
1610 1835 1686 1864 sunt,
1706 1839 1768 1860 cum
1785 1834 1848 1868 qui.

1061 1875 1111 1902 bus
1128 1875 1155 1901 in
1174 1874 1263 1908 ignem
1276 1877 1406 1910 gehennae
1422 1875 1554 1909 tradatur,
1582 1873 1622 1903 ad'
1646 1885 1790 1912 perennem
1821 1885 1848 1907 et

1061 1928 1199 1955 nunquam
1209 1921 1352 1948 ﬁniendam
1367 1922 1547 1949 exustioncm.

1097 1965 1132 1992 Et
1149 1974 1242 1993 nomen
1254 1967 1335 1993 stella:
1357 1967 1457 1994 dicitur
1486 1967 1658 1995 absint/tium.
1673 1969 1848 1996 Absintliiun.

1060 2012 1143 2039 herba
1163 2020 1255 2039 amara
1267 2017 1309 2040 est
1327 2020 1334 2039 :
1351 2021 1432 2047 porro
1455 2013 1599 2041 edentibus
1625 2015 1714 2042 visum
1748 2023 1847 2043 acuere

1061 2057 1172 2085 tradunt
1190 2057 1297 2084 medici.
1316 2057 1514 2085 Convenienter
1540 2059 1624 2093 igitur
1652 2059 1758 2088 Stellam
1787 2068 1848 2095 qua:

1061 2111 1169 2131 onmem
1195 2103 1303 2131 adducit
1322 2103 1502 2138 perditionem
1531 2105 1638 2131 vocavit
1657 2105 1822 2133 absinthium
1839 2114 1846 2132 :

1062 2158 1125 2177 nam
1140 2158 1187 2185 per
1198 2150 1363 2185 voluptatem
1376 2150 1422 2177 dat
1436 2150 1595 2179 horninibus
1612 2151 1759 2186 potandam
1772 2160 1848 2179 ama-

1062 2195 1206 2223 ritudinem
1224 2203 1257 2222 ac
1270 2195 1393 2222 dolosam
1406 2195 1613 2222 subversionem
1633 2204 1639 2222 :
1657 2200 1683 2222 ct
1694 2197 1728 2223 ob
1739 2197 1764 2223 id
1779 2206 1846 2232 pra:-

217 2244 260 2270 διὰ
286 2243 365 2270 τοῦτο
385 2244 621 2279 συγχωρούμενος,
636 2244 686 2275 τὰς
700 2245 889 2280 τιμωρητικὰς
914 2245 1005 2278 αὐτοῖς

1061 2240 1179 2268 mittitur
1196 2240 1242 2267 hic
1266 2247 1361 2267 severa
1393 2238 1497 2275 ﬂagella
1518 2240 1544 2267 in
1572 2248 1620 2268 eos
1649 2240 1777 2269 inducere
1795 2252 1802 2270 :
1818 2249 1845 2270 ut

219 2290 316 2324 ἐπάγει
334 2290 450 2317 ἐνταῦθα
478 2291 624 2325 μάστιγας,
638 2290 676 2322 ὠς
689 2291 722 2317 ἂν
736 2291 761 2316 οἱ
783 2290 928 2326 δυνάμενοι
948 2292 1006 2319 δια-

219 2336 327 2370 βλέψαι,
355 2336 388 2362 δι’
418 2336 557 2371 ὑπομονῆς
582 2336 629 2362 καὶ
652 2336 801 2371 καρτερίας
829 2338 1008 2373 χαριστήριον

219 2382 376 2417 ἀναφέρωσι
399 2381 438 2417 τῷ
455 2381 648 2417 συμφερόντως
667 2383 727 2413 ταῖς
756 2382 861 2416 Θλίψεσι
877 2392 1007 2418 παραχω-

220 2428 313 2463 ροῦντι
323 2427 527 2463 δοκιμάζεσθαι.
545 2427 576 2453 οι
594 2427 680 2458 οὕτως
693 2426 739 2453 οὖν
753 2427 888 2460 ὀξυωπείν
899 2428 1007 2464 ἔχοντες

219 2476 253 2508 τῇ
271 2473 363 2508 ἀδοξίᾳ
380 2472 435 2499 τῶν
450 2472 578 2506 θλίψεων,
597 2472 642 2498 διὰ
657 2472 766 2504 ἀδοξίας
789 2473 837 2499 καὶ
851 2473 1008 2509 δυσφημίας

220 2521 252 2545 ἐκ
269 2519 322 2545 τῶν
334 2518 484 2545 δοκούντων
499 2518 644 2553 ζημιωδῶν
665 2518 765 2553 μᾶλλον
787 2519 942 2554 ἐκέρδαινον
968 2521 1009 2546 δό-

220 2565 268 2597 ξαν
279 2565 328 2590 καὶ
342 2563 492 2598 εὐφημίαν,
506 2563 554 2590 καὶ
569 2563 615 2590 ἐπὶ
629 2564 717 2598 τούτῳ
738 2563 788 2598 τὴν
804 2565 913 2591 αἰώνιον
931 2564 1008 2600 βασι-
1023 2598 1027 2602 .

220 2611 305 2643 λείαν,
316 2610 350 2636 δι’
372 2610 406 2645 ἢν
429 2610 475 2636 καὶ
488 2609 540 2636 ὑπὸ
553 2608 600 2636 τοῦ
615 2609 784 2643 ἀγωνοθέτου
810 2609 1009 2646 δοκιμασθῆναι

221 2657 471 2691 παρεχωρήθησαν.

256 2702 311 2728 Καὶ
321 2701 440 2737 ἐγένετο
455 2703 486 2728 τι)
497 2703 597 2736 τρίτον
605 2700 665 2727 τῶν
675 2701 792 2728 ὑδάτων
800 2703 844 2735 εὶς
856 2702 1009 2736 ἁψίνθιον.

222 2748 275 2775 Τοῦ
291 2747 440 2784 πειραστοΰ
455 2748 504 2783 τῆς
527 2747 675 2778 διαθέσεως
696 2748 901 2782 μεταλαμῦάνει
916 2749 963 2775 καὶ
977 2749 1013 2775 τά

223 2795 461 2830 περιστατούμενά
472 2803 501 2821 τε
521 2795 570 2821 καὶ
584 2793 781 2829 πειραζόμενα.
799 2793 1011 2829 Μεταλαμϐάνει

222 2841 262 2874 δὲ,
275 2841 305 2867 οὐ
322 2840 394 2868 κατά
407 2840 438 2866 τὸ
451 2840 617 2875 πικραίνειν,
633 2840 702 2867 ἀλλὰ
710 2839 757 2866 τοῦ
772 2840 816 2866 διὰ
831 2840 880 2875 τῆς
898 2841 1011 2876 πικρίας

222 2887 253 2914 τὸ
269 2886 382 2914 ὀπτικὸν
400 2885 550 2922 ρωννύντος
565 2886 671 2917 ἑαυτοῖς
695 2887 847 2921 σωτηρίως.
866 2884 932 2913 Εἶτα
953 2888 1014 2914 ἑπι-

345 2933 483 2964 ΡΑτιιοι..
499 2933 558 2963 (in.
575 2931 654 2963 CVI.

1060 2287 1106 2321 qui
1121 2285 1275 2322 perspicere
1295 2291 1420 2321 possunt,
1438 2294 1484 2321 per
1500 2286 1659 2320 patientiam
1681 2295 1712 2314 ac
1731 2288 1847 2316 toleran-

1061 2333 1124 2360 tiam
1145 2333 1247 2368 gratias
1262 2332 1300 2359 illi
1313 2337 1394 2368 agant
1422 2332 1469 2367 qui
1498 2333 1531 2359 ad
1552 2333 1673 2367 ipsorum
1703 2334 1846 2362 utilitatem

1060 2379 1184 2413 permisit
1194 2383 1223 2405 ut
1233 2378 1426 2406 alliictiouibus
1441 2378 1632 2413 probarentur.
1644 2379 1790 2415 ltaqucqni
1801 2389 1849 2415 per

1060 2424 1236 2452 amictionum
1251 2424 1427 2459 ignominiam
1441 2425 1509 2451 adeo
1518 2429 1596 2452 acute
1612 2423 1704 2452 videre
1720 2433 1846 2460 possunt.

1061 2472 1086 2498 hi
1104 2478 1151 2506 per
1169 2476 1355 2506 contemptum
1373 2475 1400 2498 et
1418 2470 1559 2498 infamiam
1576 2472 1647 2498 unde
1662 2473 1792 2499 damnum
1805 2480 1847 2499 re-

1061 2516 1134 2544 ferre
1148 2516 1319 2549 videbantur,
1330 2515 1410 2551 723
1428 2516 1514 2551 magis
1531 2517 1720 2544 lucrileccrunt
1734 2517 1847 2551 gloriam

1061 2567 1089 2590 ct
1107 2563 1206 2590 bonam
1236 2561 1349 2595 famam,
1374 2562 1486 2596 insuper
1511 2567 1538 2589 et
1561 2571 1673 2598 regnum
1704 2567 1847 2596 internum,

1061 2614 1172 2644 propter
1185 2608 1258 2644 quod
1275 2609 1357 2635 etiam
1373 2608 1407 2636 ab
1423 2609 1586 2643 agonotlieta
1605 2609 1713 2644 probari
1724 2609 1849 2644 permissi

1062 2661 1136 2684 sunt.

1102 2702 1134 2729 Et
1156 2709 1229 2728 versa
1245 2705 1284 2728 est
1308 2701 1385 2728 tertia
1400 2709 1463 2736 pars
1478 2709 1607 2735 aquarum
1623 2701 1652 2727 in
1677 2700 1848 2727 absinthium.

1063 2749 1220 2776 Commutat
1234 2755 1265 2775 ea
1280 2755 1343 2783 qua;
1354 2755 1387 2775 ex
1402 2747 1499 2774 alfcctu
1511 2747 1655 2774 tentatoris
1670 2747 1792 2782 allligunt
1819 2755 1850 2774 an

1065 2800 1170 2822 tentant
1184 2803 1191 2821 :
1209 2798 1376 2821 transmutat
1390 2797 1480 2820 autem
1496 2801 1549 2820 non
1567 2793 1594 2820 in
1619 2801 1651 2820 eo
1667 2793 1738 2828 quod
1758 2801 1850 2821 amara

1065 2842 1131 2874 sint,
1147 2840 1193 2868 sed
1206 2841 1233 2868 in
1251 2847 1285 2867 co
1299 2840 1371 2875 quod
1397 2840 1508 2867 salutari
1525 2832 1605 2867 modo
1617 2847 1665 2875 per
1691 2841 1851 2868 amaritudi-

1067 2894 1127 2914 nem
1143 2885 1231 2913 visum
1247 2884 1299 2912 sibi
1315 2884 1502 2913 corroborent.
1515 2884 1617 2913 Deinde
1628 2885 1766 2921 subiungit
1777 2886 1851 2921 quod
