2095 3160
256 155 306 188 621

536 208 662 235 ΚΕΦΛΛ.
691 209 758 236 κη’.

255 265 323 298 Περὶ
346 263 400 291 τοῦ
435 263 572 298 πέμπτου
596 264 746 298 ἀγγέλου,
771 265 819 291 καὶ
839 265 900 292 τῶν
932 266 966 292 ἐκ
986 264 1043 299 γῆς

288 300 427 327 ἀϐύσσου
449 298 796 334 ἀνερχομένωνγνοητῶν
812 301 944 334 ἀκρίδων
957 320 965 332 ,
990 298 1043 326 καί

291 334 344 361 τοῦ
363 334 503 360 ποικίλου
512 333 567 367 τῆς
579 333 700 368 μορφῆς
717 335 829 362 αὐτῶν.

289 389 344 416 Καὶ
363 390 379 416 ὁ
405 388 539 423 πέμπτος
568 389 696 424 ἅγγελος
707 389 858 417 ἐσάλπισε
870 399 878 406 ⁸
898 390 946 417 καὶ
961 388 1044 417 εῖδον

253 435 365 468 ἀστέρα
376 435 410 461 ὲκ
422 435 475 462 τοῦ
495 435 624 468 οὐρανοῦ
639 436 816 462 πεπτωκότα
827 437 871 469 εἰς
886 436 944 469 τὴν
963 436 1022 470 γῆν
1036 444 1043 450 ·

255 481 303 507 καὶ
319 480 409 514 ἐδόοη
424 480 505 512 αὐτῷ
519 480 538 514 ὴ
555 481 640 513 κλεὶς
662 481 714 507 τοῦ
726 481 853 515 φρέατος
870 481 926 516 τῆς
948 482 1043 509 ἀϐύσ-

256 534 315 553 σου
330 534 338 542 ο
350 526 400 552 καί
416 526 508 559 ἀνέϐη
528 526 644 558 καπνὸς
662 526 696 553 ἐκ
712 526 765 553 τοῦ
779 526 917 561 φρέατος,
930 527 970 558 ὡς
992 535 1045 553 κα-

255 572 332 604 πνὸς
346 572 473 606 καμίνου
490 571 650 606 καιομένης
665 580 672 587 ·
694 572 742 599 καί
758 572 920 606 ἐσκοτίσθη
931 573 947 599 ὁ
958 572 1046 606 ἥλιος

255 617 305 643 καί
319 618 336 643 ό
349 617 408 651 ἀὴρ
421 616 455 643 ἐκ
465 616 518 643 τοῦ
533 617 649 643 καπνοῦ
661 617 714 644 τοῦ
725 617 853 652 φρέατος
868 625 876 633 ·
887 617 936 644 καί
950 617 983 644 ἐκ
992 617 1046 644 τοῦ

256 662 375 689 καπνοῦ
394 661 526 696 ἐξῆλθον
544 663 664 697 ἀκρίδες
677 664 721 696 εις
742 663 798 697 τὴν
810 663 877 698 γῆν,
893 663 942 690 καί
958 663 1046 697 ἐδόθη

254 707 361 741 αὑταῖς
372 707 498 739 ἐξουσία
513 708 553 741 ὼς
563 708 693 742 ἔχουσιν
705 708 852 741 ἐξουσίαν
867 710 894 736 ol
906 709 1047 743 σκορπίοι

255 753 312 788 τῆς
332 753 398 789 γῆς.

298 801 346 827 Ἐκ
372 799 421 826 τοῦ
449 799 568 834 οὐρανοῦ
593 799 685 826 πεσὼν
706 800 806 835 ἀστὴρ,
823 801 836 826 ὁ
853 799 977 831 διάϐολός
1001 799 1047 825 ὲσ-

257 855 299 872 τιν
311 853 319 862 ’
342 846 359 881 ἡ
373 845 448 877 κλεὶς
467 845 495 872 δὲ
511 845 557 872 τοῦ
571 845 698 881 φρέατος,
711 846 728 881 ἡ
744 846 851 872 δοθεῖσα
874 845 948 881 αὐτῷ
961 845 1048 881 τούτῳ

257 891 391 926 ἀσφάλεια
407 900 414 907 ·
444 891 645 926 ἀνεκφεύκτους
663 889 733 918 εἶναι
762 892 824 922 τοὺς
839 892 1046 926 κατεχομένους,

260 937 377 972 μάλιστα
395 937 420 963 εί
436 937 594 972 ἁμαρτω).οὶ
619 935 673 963 εἷεν
689 945 696 953 ·
714 937 804 973 φρέαρ
829 937 868 969 δὲ,
885 937 915 963 τὺ
943 939 972 963 ὲν
989 939 1025 972 γῇ
1040 945 1046 951 ·

258 983 289 1008 οὺ
305 983 360 1017 γὰρ
376 982 464 1014 ἄλλως
479 983 510 1008 τὸ
524 983 729 1017 ἁναπόδραστον
743 983 759 1018 ἢ
776 983 819 1009 διὰ
835 983 951 1018 φρέατος
966 983 1050 1017 δηλω-

258 1028 329 1063 θείη.
346 1028 481 1060 Ἀῦυσσος
496 1028 525 1055 δὲ
540 1029 586 1055 καὶ
602 1030 631 1054 ἐν
646 1030 682 1064 γῇ
701 1035 707 1043 ·
724 1029 770 1055 ἐπὶ
786 1028 839 1063 γῆς
855 1028 908 1063 γὰρ
921 1029 938 1064 ἡ
960 1037 1048 1063 τιμω-

259 1074 307 1109 ρία
321 1073 369 1101 καὶ
385 1074 413 1100 ὲν
431 1073 544 1109 ἀΰύσσῳ
574 1074 683 1109 φρέατι.
705 1075 842 1101 Ἀὃυσσον
857 1075 913 1109 γὰρ
936 1074 1050 1101 καλοῦσι

259 1118 290 1145 τὺ
304 1119 372 1145 πολὺ
389 1118 472 1154 βάθος
483 1119 531 1146 τοῦ
547 1119 656 1154 πρώτου
675 1119 819 1154 στοιχείου,
833 1119 850 1154 ἢ
863 1119 936 1146 κατὰ
950 1121 1050 1155 στέρη-

260 1172 303 1190 σιν
332 1163 379 1189 τοῦ
406 1163 538 1198 βιὸύσθαι
561 1163 591 1190 τὸ
620 1164 746 1199 ἀειχανὲς
772 1163 1009 1199 ὑποϐαλλομένου,
1028 1163 1046 1199 ἢ

261 1209 334 1236 κατὰ
358 1209 484 1236 ἐπίτασιν
513 1209 545 1236 τὸ
567 1208 720 1241 πολυὸαθὲς
747 1209 968 1245 παριστάνοντος.
989 1210 1050 1236 Ὅτι

260 1254 289 1280 δὲ
304 1255 332 1281 ὲν
347 1256 382 1290 γῇ
394 1256 410 1290 ἡ
424 1254 526 1290 κρίσις,
539 1254 595 1282 τῶν
610 1255 696 1289 ἁγίων
712 1263 754 1286 τις
778 1255 925 1290 προφητῶν
940 1255 983 1281 διὰ
1001 1256 1051 1289 τῆς

260 1300 383 1332 κοιλάδος
397 1300 508 1336 ᾐνίξατο
522 1300 569 1327 τοῦ
587 1301 732 1335 Ἰωσαφὰτ,
745 1302 774 1327 ὲν
820 1301 992 1328 καθεδεῖσθαι
1005 1301 1051 1328 τὸν

261 1345 328 1372 Θεδν
350 1347 390 1377 εἰς
415 1346 508 1382 κρίσιν
529 1346 778 1382 ὲχρησμοδὸτησεν,
793 1346 833 1380 τῷ
857 1346 972 1378 πολλοὺς
993 1346 1052 1372 ἐκεῖ

262 1392 396 1427 πολέμους
423 1393 573 1427 συμπεσεῖν
593 1393 640 1419 καὶ
663 1392 864 1428 συγχωσθῆναι.
888 1392 998 1418 Καπνὸν
1022 1392 1052 1418 δὲ

262 1440 427 1474 ἀναδοθῆναι
440 1440 495 1466 ἀπὸ
506 1439 554 1466 τοῦ
572 1440 701 1475 φρέατος,
715 1440 764 1474 τῆς
783 1439 838 1466 τῶν
852 1440 910 1465 ἐκεῖ
929 1447 1050 1474 περιειρ-

262 1485 372 1520 γμένων
380 1485 487 1512 ἀσεϐῶν
500 1485 610 1520 μνήμης
618 1494 647 1511 τε
657 1486 704 1512 καὶ
716 1485 874 1519 ὲκφάνσεως
882 1484 1053 1519 όργιλώτατα

790 156 984 186 COMMENT.
1003 155 1044 186 IN
1064 156 1330 187 APOCALYPSIN.

1387 201 1424 208 ψ
1829 157 1885 189 622

1347 209 1463 237 CAPUT
1479 210 1600 238 XXVIII.

1097 265 1134 292 De
1146 267 1237 300 quinto
1250 266 1343 301 angelo
1355 272 1379 293 et
1392 268 1576 302 apiriluulibns
1600 268 1708 294 locustis
1719 267 1886 294 ascendenti-

1131 302 1178 327 bus
1197 309 1230 328 ex
1241 302 1335 337 abysso
1353 307 1440 335 ιρι-ναξ,
1465 303 1546 337 deque
1571 303 1645 330 varia
1656 303 1739 338 specie
1756 303 1884 336 ipsarum.

1139 388 1172 415 Et
1187 389 1295 424 quintus
1309 389 1416 424 angelus
1437 390 1501 417 tuba
1528 390 1664 423 cecinit,et
1674 390 1841 417 vidisletlam
1856 391 1887 417 de

1096 435 1159 462 ιωίο
1174 435 1299 462 cecidisse
1310 435 1336 462 in
1347 440 1444 462 terram
1459 444 1468 462 :
1484 441 1509 463 et
1520 437 1587 463 data
1604 441 1643 463 est
1672 436 1724 470 ipsi
1735 435 1815 463 clavis
1839 445 1888 470 pu-

1097 482 1132 507 lci
1143 481 1242 515 abyssi,
1252 486 1277 507 et
1297 481 1401 513 aperuit
1420 486 1526 515 puteum
1538 481 1680 516 abyssimt
1699 481 1816 509 ascendit
1842 485 1887 516 ιιι-

1096 534 1154 552 mus
1163 527 1194 552 de
1204 529 1292 560 puteo,
1309 526 1376 553 sicut
1390 526 1479 560 fumus
1489 526 1608 561 fornacis
1621 527 1750 559 ardentis,
1759 532 1783 554 et
1793 527 1887 554 obscu-

1098 579 1172 598 ralus
1180 572 1267 598 estsot
1281 577 1306 599 et
1318 580 1363 599 aer
1375 581 1390 599 a
1402 573 1474 607 fumo
1491 573 1563 607 putei
1575 580 1583 599 :
1598 577 1623 599 et
1637 573 1668 600 de
1684 573 1756 607 fumo
1768 574 1889 600 exierunt

1098 617 1206 644 locusta
1215 618 1241 644 iu
1252 621 1361 648 terram,
1368 623 1392 644 et
1401 618 1464 645 data
1475 623 1513 645 est
1522 619 1586 654 ipsis
1594 624 1708 653 potestas
1716 619 1783 646 sicut
1794 619 1890 646 habent

1097 668 1250 697 potestatem
1262 664 1410 698 εεοτρίοιιεδ
1430 669 1516 692 εει-ηε.

1135 797 1216 833 725
1226 798 1386 832 Stella,quas
1394 805 1409 824 e
1418 798 1486 825 caelo
1495 798 1603 829 cecidit,
1611 802 1652 825 est
1662 798 1797 832 diabolus;
1805 798 1890 826 clavis

1100 849 1190 871 autem
1201 843 1285 878 pulei,
1293 851 1354 878 quae
1361 843 1424 870 huic
1436 843 1486 878 ipsi
1499 843 1560 870 data
1568 847 1619 875 est,
1631 844 1732 870 dicitur
1740 843 1888 870 certitudo:

1099 889 1174 925 quod
1203 889 1242 916 illi
1262 897 1316 916 non
1344 889 1474 924 etfugient
1500 891 1548 924 qui
1563 890 1596 916 ab
1616 889 1676 923 ipso
1705 889 1888 923 possidentur,

1099 936 1217 962 maxime
1227 935 1249 962 si
1259 940 1416 969 peccatores
1429 935 1500 967 sint;
1518 939 1614 969 puteus
1626 941 1690 961 vero
1705 934 1731 960 in
1748 938 1818 960 terra
1830 938 1891 962 est:

1100 988 1189 1016 neque
1203 981 1276 1008 enim
1292 981 1346 1008 alio
1360 980 1441 1007 modo
1454 979 1658 1015 signiﬁcaretur
1683 979 1888 1012 incvitabilitas.

1100 1026 1153 1053 nisi
1170 1033 1219 1060 per
1233 1030 1345 1059 puteum
1360 1033 1367 1052 :
1384 1026 1501 1059 abyssus
1516 1033 1625 1060 quoque
1639 1025 1666 1052 in
1680 1029 1752 1052 terra
1767 1033 1828 1052 esse
1850 1025 1890 1052 di-

1100 1073 1171 1100 citur
1187 1081 1194 1099 :
1208 1080 1270 1099 nam
1293 1072 1321 1099 in
1341 1076 1413 1099 terra
1438 1076 1480 1099 est
1498 1072 1660 1107 supplicium
1688 1077 1713 1100 et
1741 1073 1767 1100 in
1792 1073 1891 1108 abysso

1100 1123 1193 1153 puteo.
1207 1117 1347 1152 Siquidem
1361 1117 1490 1152 abyssum
1516 1123 1616 1145 vocant
1628 1118 1816 1146 vehementem
1837 1119 1891 1153 pri-

1100 1163 1138 1190 mi
1155 1163 1284 1190 elementi
1297 1162 1521 1197 profunditatem,
1537 1166 1585 1189 aut
1598 1170 1646 1196 per
1654 1163 1833 1198 privationem
1843 1162 1891 1189 τοῦ

1102 1207 1242 1243 βεὸύσθαι,
1254 1208 1282 1235 id
1302 1213 1346 1235 est
1358 1208 1561 1240 occultationis,
1582 1208 1656 1243 quod
1669 1216 1778 1244 semper
1790 1209 1892 1236 biando

1102 1262 1156 1282 non
1173 1254 1292 1282 occultet
1310 1254 1336 1281 id
1353 1254 1425 1288 quod
1440 1255 1612 1289 suppositum
1629 1259 1677 1282 aut
1696 1255 1825 1290 injeclum
1838 1261 1890 1288 est,

1101 1306 1148 1328 aut
1165 1309 1212 1336 per
1238 1301 1420 1329 intensionem
1438 1302 1516 1338 (nam
1531 1311 1548 1328 α
1572 1306 1599 1329 et
1612 1303 1793 1337 privationem
1806 1303 1893 1338 signi-

1102 1347 1164 1373 ﬁcat
1179 1351 1206 1373 et
1221 1345 1425 1380 intensionem)
1449 1347 1522 1381 quod
1546 1346 1737 1374 vehementem
1768 1348 1893 1374 ostendat

1101 1391 1326 1427 profunditatem.
1341 1392 1418 1425 Quod
1431 1398 1521 1419 autem
1538 1393 1564 1419 in
1579 1397 1649 1419 terra
1664 1392 1788 1419 futurum
1801 1393 1891 1427 sitju-

1103 1438 1216 1469 dicium,
1232 1438 1343 1472 quidam
1356 1441 1514 1464 sanctorum
1527 1437 1721 1472 prophetarum
1734 1446 1782 1472 per
1794 1438 1890 1465 vallem

1102 1483 1233 1517 Josapbat
1251 1482 1411 1515 insinuavit,
1429 1483 1455 1509 in
1471 1490 1525 1517 qua
1552 1490 1692 1510 sessurum
1721 1491 1782 1510 esse
1807 1482 1892 1510 Deum

265 1530 495 1566 παραστησάσης,
518 1531 565 1557 καὶ
582 1530 729 1565 τοσαύτην,
744 1530 811 1564 ὅσην
834 1529 907 1560 εἰκὸς
925 1530 972 1556 καὶ
1000 1529 1052 1556 ἀπὸ

1104 1527 1138 1554 ad
1152 1527 1286 1562 judicium
1302 1526 1467 1554 vaticinatus
1483 1531 1544 1553 est:
1570 1527 1643 1561 quod
1662 1526 1745 1554 multa
1761 1527 1798 1554 ibi
1824 1527 1893 1555 bella

263 1576 379 1611 καμίνου
397 1576 581 1604 ἀναδίδοσθαι.
597 1575 653 1602 Καὶ
669 1575 765 1610 ὥσπερ
788 1576 891 1606 ἐκεῖνος
906 1575 919 1601 ὁ
946 1574 1049 1606 καπνὸς

263 1622 343 1657 ἁχλύῐ
371 1623 420 1649 καὶ
451 1622 540 1658 σκότῳ
567 1622 598 1649 τὸ
625 1621 754 1657 περιέχον
778 1621 995 1656 ἅναμπιμπλῶν,
1022 1620 1052 1646 τὸ

263 1667 376 1702 ἡλιακὸν
399 1667 458 1701 φῶς
482 1667 621 1702 ἀμαυροῖ·
644 1666 690 1692 τὸν
720 1665 801 1692 αὑτὸν
827 1665 927 1701 τρόπον
962 1664 1009 1691 καὶ
1035 1665 1052 1699 ὴ

264 1712 319 1738 τῶν
334 1711 440 1747 ἀσεϐῶν
456 1711 552 1747 μνήμη
567 1710 802 1740 ἁνακαινισθεῖσα.
820 1710 885 1741 πᾶν,
907 1709 960 1736 εἴτι
981 1718 1052 1744 συμ-

265 1758 381 1789 παθείας
403 1757 471 1791 φῶς,
488 1757 618 1784 ἐσϐέσθαι
631 1756 776 1792 ἐνεποίησε
790 1756 829 1791 τῷ
845 1755 984 1790 μεγαλείῳ
997 1755 1050 1782 τῶν

265 1801 455 1836 Ιπολεμηθέντων
473 1802 576 1832 αὐτοῖς.

1103 1572 1276 1607 contigerint,
1297 1571 1431 1606 mullique
1447 1572 1586 1599 exercitus
1603 1572 1657 1600 fusi
1677 1573 1744 1600 sint.
1774 1572 1892 1600 Fumum

1103 1623 1221 1646 autema
1244 1622 1326 1652 puteo
1350 1618 1463 1652 produci
1481 1618 1593 1649 dicitur.
1618 1618 1690 1652 quod
1713 1619 1844 1645 memoria
1862 1627 1894 1645 ac

1104 1663 1227 1692 narratio
1249 1663 1282 1690 de
1307 1663 1400 1698 impiis
1426 1664 1472 1698 qui
1498 1663 1534 1690 ibi
1550 1664 1717 1695 detinentur,
1730 1664 1849 1698 proferat
1862 1672 1894 1691 ea

1103 1717 1166 1744 qua:
1182 1708 1331 1736 maximam
1352 1709 1493 1736 continent
1518 1709 1599 1741 iram,
1627 1713 1654 1736 et
1671 1714 1776 1736 tantum
1804 1709 1895 1737 luctus

1104 1760 1237 1790 quantum
1253 1754 1321 1781 fumi
1335 1754 1483 1781 verisimile
1500 1759 1542 1782 est
1557 1762 1572 1781 a
1586 1754 1695 1782 camino
1709 1755 1834 1790 produci.
1863 1756 1896 1784 Et

1104 1801 1336 1836 quemadmodum
1367 1801 1413 1828 ille
1428 1801 1518 1828 fumus
1531 1801 1647 1836 caligine
1664 1808 1697 1828 ac
1713 1802 1832 1829 tenebris
1846 1810 1893 1829 re-

267 1847 342 1882 plens
357 1848 470 1883 quiquid
487 1847 713 1882 circumadjacet,
749 1847 840 1875 solare
857 1847 948 1875 lumen
973 1848 1127 1876 obscurat:
1154 1849 1187 1876 ad
1204 1849 1329 1877 eumdem
1362 1856 1473 1883 quoque
1499 1849 1609 1876 modum
1635 1856 1768 1878 renovata
1797 1850 1896 1884 impio-

266 1901 327 1920 rum
346 1895 488 1925 memoria,
519 1893 541 1920 si
564 1894 636 1928 quod
655 1897 698 1920 est
727 1893 925 1927 compassionis
947 1893 1050 1926 lumen,
1070 1901 1151 1921 omne
1167 1894 1232 1921 illud
1263 1893 1399 1929 exstingui
1410 1894 1498 1928 coegit
1513 1894 1548 1922 ob
1561 1901 1656 1923 eorum
1674 1895 1892 1931 magnitudinem

265 1950 328 1977 quae
342 1942 393 1976 ipsi
406 1947 513 1976 patrare
526 1942 585 1969 ausi
602 1947 675 1969 sunt.

302 1989 355 2016 Kal
368 1989 402 2015 ἐκ
417 1989 470 2015 τοῦ
487 1989 604 2016 καπνοῦ
617 1988 749 2022 ἐξῆλθον
762 1988 892 2021 ἀκρίδες.
919 1987 950 2014 Ἦ
965 1988 1058 2024 μνήμη

267 2033 321 2062 τῶν
348 2034 486 2069 ἀκρίδων,
517 2033 715 2068 ὑποσημαίνειν
744 2032 834 2059 ἔοικεν
868 2033 1057 2068 ἀπηνεστέραν

265 2081 315 2115 τὴν
333 2080 443 2116 μνήμην
456 2080 505 2114 τῆς
522 2079 577 2106 τῶν
595 2078 766 2115 ἁμαρτωλῶν
786 2079 815 2105 ἐν
832 2079 864 2113 τῇ
896 2078 1057 2114 προσκαίρῳ

267 2126 350 2152 αὑτοῦ
373 2126 429 2161 ζωῇ
444 2127 638 2160 ὲκτοπωτάτης
652 2125 803 2160 διαγωγῆς.
826 2124 871 2151 Διὸ
892 2125 939 2151 καὶ
958 2125 991 2151 ὲκ
1007 2125 1056 2151 τοῦ

268 2171 374 2199 καπνοῦ
386 2172 436 2207 τὴν
453 2172 561 2206 γένεσίν
585 2179 668 2207 φησιν
694 2170 858 2206 ἐσχηκέναι,
875 2170 990 2205 ἐπείπερ
1009 2170 1056 2197 καὶΙ

1148 1989 1182 2016 Et
1196 1989 1228 2016 de
1240 1989 1313 2023 [ωηο
1327 1989 1448 2016 exierunt
1471 1989 1590 2016 locusta.
1607 1989 1708 2017 Mentio
1727 1989 1755 2016 lit
1775 1990 1896 2020 locusta-

1110 2042 1171 2062 rum
1187 2034 1220 2061 ad
1238 2034 1434 2069 designandum
1460 2034 1685 2061 violentissimam
1723 2041 1895 2069 peccatorum

1109 2080 1344 2108 conversationem
1365 2081 1392 2106 in
1409 2080 1459 2107 hac
1473 2080 1614 2114 temporali
1629 2080 1696 2112 vita,
1713 2081 1752 2108 sic
1765 2085 1895 2109 uteorum

1110 2132 1221 2160 quoque
1236 2125 1368 2152 memoria
1381 2125 1418 2152 sit
1437 2124 1599 2159 gravissima
1617 2133 1624 2151 :
1645 2125 1706 2152 ideo
1729 2133 1838 2162 qquue
1858 2129 1898 2155 ait

1110 2178 1143 2198 ex
1157 2171 1231 2198 fumo
1245 2178 1292 2198 eas
1303 2175 1394 2197 ortum
1404 2170 1546 2201 habuisse,
1564 2171 1786 2206 (piatidoquidem
1797 2177 1824 2200 et
1836 2181 1898 2201 cor-

266 2217 322 2243 τῶν
343 2217 481 2253 αίσθητῶν
511 2217 630 2252 ἀκρίδων
659 2217 676 2252 ὴ
703 2216 810 2250 γένεσις
836 2217 869 2242 ἐκ
892 2215 1052 2252 φθοροποιΟῦ

1111 2218 1247 2253 poralium
1264 2218 1433 2245 locustarum
1450 2217 1591 2252 generatio
1618 2219 1791 2246 occasionem
1813 2222 1898 2247 sumit

267 2263 440 2298 περιέχοντος
464 2262 599 2297 λαμϐάνει
614 2262 663 2297 τὴν
689 2262 831 2296 ἀφορμήν.
854 2260 935 2287 Ἀλλὰ
957 2261 1005 2287 καὶ
1026 2260 1057 2287 τὸ

268 2307 389 2341 ἀκρίδες
401 2308 498 2342 ὕνομα,
518 2308 568 2334 οὐκ
581 2308 633 2340 ἔξω
655 2307 702 2333 τοῦ
727 2307 787 2334 κατ’
804 2307 892 2341 ἄκρας
911 2307 960 2338 τὰς
972 2315 1058 2341 τιμω-

270 2353 330 2387 ρίας
347 2353 500 2388 ἐπαχθῆναι
515 2353 583 2388 πρὸς
605 2353 723 2388 δήλωσιν
738 2352 912 2388 παρελήφθη.
927 2351 1057 2379 Δεθόσθαι

269 2399 298 2425 δὲ
316 2399 441 2435 ὲξρυσίαν
453 2399 492 2430 ὡς
509 2400 557 2426 ἐπὶ
570 2398 701 2434 ἐμψύχων
717 2399 812 2430 αὐταῖς
827 2397 1009 2432 διεσκευάσθη
1022 2397 1055 2431 τῇ

270 2445 491 2480 προσωποποιίᾳ,
515 2445 553 2479 τῷ
579 2443 770 2475 ἀνυποστόλως
795 2443 843 2469 καὶ
866 2441 1059 2477 ἀπαρεμποδί-

272 2499 342 2522 στως
358 2491 407 2522 τὰς
426 2491 562 2526 τιμωρίας
587 2489 736 2516 ἀνύεσθαι·
749 2489 807 2515 ἀλλ’
834 2489 878 2515 ἵνα
899 2488 937 2523 μή
962 2496 1004 2519 τις
1025 2487 1059 2513 τὰ

269 2538 326 2563 τῶν
349 2537 469 2572 ἀκρίδων
489 2537 618 2572 δήγματα
636 2535 712 2567 εἰδὼς
735 2535 765 2562 οὺ
794 2534 930 2569 τοσαύτην
961 2532 1059 2568 ὀδύνην

273 2583 440 2619 παρέχοντα,
458 2583 579 2618 φορητὴν
591 2582 722 2608 ὑπολάϐοι
735 2581 785 2616 τὴν
801 2579 948 2614 ἀλγηδόνα,
960 2578 991 2604 τὸ
1005 2578 1060 2604 τῶν

272 2630 412 2665 σκορπίων
444 2629 572 2663 ἐπιφέρει
602 2628 765 2662 ὑπόδειγμα,
791 2626 982 2660 ἀλγεινοτέραν
1010 2624 1059 2657 τὴν

274 2676 399 2710 αἴσθησιν
413 2677 446 2711 τῇ
461 2676 575 2710 κέντρου
591 2674 739 2710 ὲγχρίμψει
753 2674 937 2708 παρεχόντων.
949 2670 996 2696 Διὸ
1013 2670 1061 2697 καὶ

272 2723 372 2758 ὲρῤέθη
387 2723 417 2748 οὺ
444 2723 500 2754 τοῖς
521 2722 649 2757 καρποῖς,
665 2720 733 2747 ἀλλὰ
749 2720 808 2750 ταῖς
824 2718 930 2752 ἀκρίσι,
944 2718 977 2752 τῇ
994 2725 1061 2751 προ·

274 2769 426 2794 σωποποιία
450 2768 588 2803 ἐπιμένων
607 2765 758 2796 κάνταῦοα,
772 2765 816 2791 ἴνα
838 2764 875 2799 μὴ
895 2763 1061 2796 ἀδικήσωσιν

272 2814 303 2840 οὐ
315 2815 377 2844 τοὺς
392 2814 563 2849 ἀνθρώπους.
580 2812 648 2839 ἀλλὰ
660 2812 694 2838 τὰ
710 2811 764 2837 ἀπὸ
773 2811 825 2845 γῆς
841 2809 972 2844 φυόμενα.
983 2807 1061 2840 Τινὲς

273 2859 302 2886 δὲ
320 2859 373 2887 τῶν
384 2860 515 2895 Πατέρων
523 2859 572 2892 τὰς
591 2858 705 2894 ἀκρίδας
719 2858 758 2900 εἰς
780 2856 925 2900 σκωληκας
950 2854 1062 2890 μετέλα-

1109 2271 1142 2292 ex
1161 2267 1353 2297 corrumpente
1373 2263 1464 2298 aliqua
1489 2263 1737 2298 circumadjacente
1769 2266 1896 2293 materia.

1108 2309 1161 2337 Sed
1170 2313 1197 2336 et
1211 2316 1308 2336 nomen
1323 2308 1453 2343 ἀκρίδων,
1463 2307 1491 2334 id
1500 2311 1542 2335 est
1553 2307 1731 2340 locustarum,
1742 2316 1796 2335 non
1807 2309 1856 2336 abs
1870 2317 1899 2337 re

1110 2359 1281 2388 assumptum
1293 2358 1344 2386 est,
1358 2352 1405 2380 sed
1421 2353 1453 2379 ad
1469 2352 1676 2387 signiﬁcandum
1697 2354 1830 2388 supplicia
1855 2355 1897 2381 iu-

1108 2401 1170 2427 duci
1181 2399 1240 2426 κατ’
1251 2400 1339 2434 ἄκρας
1350 2398 1376 2425 id
1386 2402 1428 2426 est
1441 2398 1467 2425 in
1480 2406 1589 2426 summo
1598 2400 1655 2427 sive
1663 2399 1738 2434 juxta
1748 2406 1897 2427 extremam

1109 2447 1296 2473 acerbitatem.
1327 2444 1412 2471 Porro
1439 2445 1529 2471 datam
1550 2445 1616 2480 ipsis
1643 2452 1704 2472 esse
1732 2449 1894 2480 potestatem

1110 2496 1238 2526 tanquam
1249 2490 1318 2517 vivis
1329 2490 1505 2521 animalibus,
1515 2497 1563 2524 per
1577 2491 1794 2524 prosopopoeiam
1805 2490 1898 2524 dispu-

1110 2537 1192 2564 situm
1219 2542 1273 2569 est,
1309 2536 1381 2571 quod
1418 2537 1496 2563 nullo
1521 2540 1594 2562 metu
1624 2536 1751 2570 nulloque
1783 2537 1897 2570 impedi-

1111 2588 1202 2609 mento
1214 2581 1346 2616 supplicia
1361 2585 1539 2615 exsequatur.
1552 2580 1604 2607 Sed
1616 2581 1717 2615 nequis
1729 2581 1819 2608 sciens
1830 2589 1898 2615 qna-

1111 2627 1150 2655 les
1170 2628 1224 2654 sint
1239 2627 1407 2654 locustarum
1426 2633 1544 2659 morsus.
1569 2631 1597 2652 ut
1613 2626 1658 2660 qui
1681 2633 1736 2653 non
1768 2634 1897 2660 magnum

1111 2672 1225 2700 aﬂ‘erant
1242 2673 1404 2705 cruciatum,
1426 2671 1591 2699 tolerabilem
1604 2671 1758 2706 suspicetur
1766 2672 1898 2706 dolorem,

1111 2718 1285 2751 scorpionum
1319 2717 1459 2752 subjungit
1495 2716 1661 2750 exemplum,
1688 2716 1734 2750 qui
1769 2717 1898 2750 majorem

1112 2762 1214 2796 praebet
1233 2761 1320 2789 aculei
1337 2761 1484 2796 punctione
1500 2760 1658 2787 scnsibilcm
1674 2760 1808 2787 dolorem.
1836 2760 1899 2788 ldeo

1111 2815 1220 2842 quoque
1244 2807 1346 2834 dictum
1369 2813 1411 2834 est
1442 2815 1495 2833 non
1523 2806 1668 2838 fructibus,
1699 2805 1745 2833 sed
1776 2806 1900 2841 locustis,

1113 2854 1195 2882 etiam
1212 2853 1255 2881 hic
1267 2854 1294 2881 in
1326 2852 1515 2889 prosopopoeia
1537 2852 1681 2886 manendo,
1699 2859 1732 2880 ne
1758 2859 1899 2888 nocerent,
