2095 3160
195 176 250 208 1Ὶ23

608 178 771 208 ΑΠΕΤΗᾸΞ
792 176 981 206 CfliSAllEzE
1002 175 1246 207 CAPPADOCI/E
1264 176 1436 208 EPISCOPI

1774 173 1829 208 (9.4

191 238 244 258 non
258 231 368 266 quidem
387 232 555 265 hominibus,
569 232 652 267 726
666 232 713 259 sed
729 233 771 260 his
785 240 846 267 qua:
858 239 890 258 ex
910 236 983 259 terra
1001 259 1003 263 Α

1044 232 1094 265 5ου,
1109 229 1175 269 ἵναῇ
1190 232 1336 267 σύμφωνος
1351 232 1421 264 αὕτη
1435 233 1451 267 ἡ
1464 232 1577 268 ἐκληψις
1589 232 1637 268 τῆς
1647 231 1694 259 τοῦ
1715 232 1829 258 Ίὶσαῒου

190 276 388 309 producuntur.
401 277 518 310 Quidam
535 284 600 303 vero
617 276 729 303 [‘atrnm
746 276 866 304 locustas
881 277 908 303 in
920 284 979 304 ver-

1033 278 1225 313 ἀποφάνσεως,
1243 278 1284 305 ὅτι
1299 287 1308 303 ι
1325 278 1355 304 '0
1367 278 1475 313 σκώληξ
1486 279 1576 305 αὐτῶν
1590 279 1621 305 οὐ
1633 278 1802 312 τελευτήσει.
1817 287 1825 302 ι

192 330 249 349 mes
268 327 493 355 lransmularunt,
508 326 538 349 ut
561 322 597 349 sit
616 321 769 350 conformis
785 322 845 358 haec
879 322 1031 358 assumptio
1066 331 1130 351 cum
1153 323 1230 351 lsaim
1249 324 1391 359 prophetae
1411 324 1558 358 sententia,
1584 332 1638 359 qua
1663 323 1731 351 dicit
1757 321 1832 358 quod

196 380 205 396 ι
227 369 331 398 Vermis
345 377 441 396 eorum
457 376 510 395 non
524 369 658 396 morietur
669 369 703 395 ⁵⁸.
726 378 735 393 ι

228 427 274 459 1x,
296 425 401 453 4-6.1“
427 426 527 453 dictum
539 432 578 453 est
594 427 668 460 ipsis,
698 434 728 452 ne
750 426 874 453 lwderent
896 426 984 459 fcitum

192 477 279 503 terrw,
295 479 375 506 neque
390 479 465 498 omne
479 471 574 503 viride,
587 480 668 506 neque
686 479 789 498 omnem
802 471 986 503 arborent,sed

191 518 306 544 homines
323 521 425 543 (aulum
438 517 482 551 qui
499 524 550 543 non
563 516 657 542 [tabent
668 517 773 551 signant
794 515 842 543 Dei
858 516 886 542 in
911 516 986 550 {ron-

193 564 260 590 tibus
275 564 340 590 suis.
361 563 393 590 Et
403 563 498 590 datum
509 568 545 589 est
562 562 616 589 illis
634 571 665 589 ne
695 562 842 589 occiderent
860 570 913 593 eos,
943 562 987 589 sed

191 616 218 636 ut
238 610 422 635 cruciarentur
436 608 568 635 mensibus
581 608 704 642 quinque.
734 606 767 634 Et
795 607 932 634 cruciatus
949 615 990 633 ea-

191 663 250 681 rnm
264 659 292 681 ιιι
307 655 440 681 cruciatui
451 654 562 688 scorpii,
586 661 645 679 cum
669 653 825 686 percusserit
848 652 989 679 hominem.

194 701 226 727 Et
240 702 267 727 in
279 701 370 727 diebus
386 700 441 726 illis
467 705 583 734 quwrent
610 699 729 726 homines
752 703 872 732 mortem,
888 704 912 725 et
938 706 990 725 non

191 748 323 774 invenient
339 747 423 780 ipsum
438 751 481 773 ιρι
495 746 681 773 desiderabant
692 746 770 779 mori,
784 750 808 773 et
826 753 895 772 mors
910 745 991 780 fugiet

193 793 225 821 ab
239 795 286 820 eis.

1074 422 1129 450 Καὶ
1141 422 1246 456 ἐρῤἐθη
1262 421 1367 455 αὐταῖς
1379 422 1428 448 ἵνα
1443 422 1487 456 μὴ
1501 421 1668 456 ἀδικήσωσι
1689 423 1742 450 τὸν
1762 426 1807 458 χόι
1819 438 1832 444 -

1038 478 1092 497 τον
1115 468 1170 502 τῆς
1187 468 1253 504 τῆς,
1278 468 1350 495 οὐδὲ
1375 467 1437 495 πᾶν
1457 468 1668 503 χλωρὸν,οὺδὲ
1684 468 1746 497 πᾶν
1766 470 1834 497 δέν-

1038 516 1111 550 δρον
1125 523 1132 530 ί
1144 516 1171 542 εὶ
1185 515 1227 549 μὴ
1243 515 1315 548 τοὺς
1327 514 1506 548 ἀνθρώπους·
1518 515 1630 548 οἵτινες
1646 516 1703 542 vim
1721 516 1832 550 ἔχουσι

1039 562 1097 596 τὴν
1106 561 1258 597 σφραγῖδα
1271 561 1324 588 τοῦ
1342 561 1417 588 Θεοῦ
1431 561 1550 587 ἐπὶτῶν
1561 561 1708 595 μετώπων
1723 563 1797 589 αῠτᾱ
1804 571 1833 590 r.

1040 608 1094 636 Καὶ
1106 608 1196 642 ἐδόθη
1218 607 1323 640 αὑταῖς
1334 608 1384 634 ἵνα
1397 607 1441 642 μὴ
1464 607 1686 634 ἀποκτείνωσιν
1707 609 1831 641 αὐτοὺς,

1040 654 1108 681 ἀλλ’
1143 654 1194 680 ἵνα
1224 653 1438 685 ,βίισανισθώσι
1464 653 1567 688 μῆνας
1598 654 1699 681 πέντε.
1733 655 1787 681 Καὶ
1819 657 1835 681 ό

1039 700 1236 735 βασανισμὸς
1266 699 1376 733 αὐτῶν,
1392 700 1433 734 ὼς
1445 701 1645 736 ,βασανισμὸς
1667 702 1830 736 σκορπίου.

1042 745 1115 773 ὅταν
1140 747 1237 779 παίσῃ
1269 745 1438 779 ἄνθρωπον.
1458 746 1512 774 Καὶ
1537 747 1572 773 ἐν
1606 747 1672 780 ταῖς
1707 747 1832 781 ἡμέραις

1040 791 1173 824 ἐκείναις
1203 790 1391 825 ζητήσουσιν
1410 792 1437 818 οὶ
1458 791 1610 825 ἅνθρωποι
1623 793 1676 818 τὸν
1689 791 1835 824 θάνατον,

193 841 241 868 καὶ
253 842 288 867 οὺ
305 841 348 875 μὴ
365 840 553 875 εὑρήσουσιν
564 840 667 867 αὐτόν.
689 839 743 867 Καὶ
758 838 1006 874 ἐπιθυμήσουσιν
1013 839 1188 872 ἀποθανεῖν,
1206 839 1255 866 καὶ
1268 838 1467 874 φεύξεταιὰπ¹
1482 839 1583 866 αὐτῶν
1597 840 1613 866 ό
1625 839 1765 872 θάνατος.

223 905 251 930 Si
265 905 342 939 juxta
357 905 514 940 praedictam
532 905 707 941 allegoricam
724 906 913 941 aeceptionem
927 906 988 934 velit

192 952 254 986 quis
270 951 398 979 ordinare
412 960 473 986 quae
487 956 617 986 tanquam
634 951 726 979 divina
758 953 927 987 aznigmatice
958 961 990 980 ac

193 995 306 1031 mystice
322 996 483 1028 eli'eruutur,
504 1002 612 1032 oportet
628 997 751 1032 accipere
789 998 880 1026 fenum
911 1003 991 1026 terra:

192 1049 219 1069 et
231 1042 304 1077 quod
322 1042 408 1069 viride
421 1043 545 1070 exoritur
558 1047 585 1069 ct
599 1051 708 1070 omnem
721 1044 859 1077 arborem,
875 1048 905 1071 ul
920 1044 991 1071 reie-

193 1092 289 1115 rantur
304 1089 337 1116 ad
350 1088 487 1121 homines,
504 1089 550 1123 qui
567 1094 700 1124 tanquam
721 1089 808 1124 paleis
836 1090 942 1118 similes
963 1094 991 1117 et

193 1135 277 1162 veluti
292 1135 405 1163 arbores
420 1135 631 1163 irrationalitate
645 1136 858 1171 degenerarunt,
872 1141 898 1163 et
909 1137 992 1172 quasi

195 1181 228 1207 ad
239 1180 384 1208 arboream
415 1182 564 1216 quamdam
594 1181 835 1210 iusensibilitatem
865 1190 991 1210 accesse-

195 1232 260 1254 runt
282 1234 374 1262 :quos
390 1227 534 1254 hominum
551 1231 659 1254 amator
695 1227 768 1256 Deus
788 1228 868 1256 venia
893 1229 992 1263 dignos

196 1274 311 1306 habens,
324 1273 448 1308 praecipit
461 1280 494 1300 ne
502 1273 596 1300 eadem
610 1273 766 1301 sustineant
777 1274 913 1309 supplicia
928 1282 991 1302 cum

203 1321 238 1349 iis
274 1320 438 1348 facinorosis
468 1320 514 1354 qui
542 1320 670 1348 consulto
687 1325 713 1348 et
734 1328 767 1347 ex
798 1320 994 1349 deliberatione

197 1371 358 1401 peccarunt,
385 1366 418 1393 de
445 1365 546 1401 quibus
570 1365 627 1400 jam
657 1366 819 1393 conclusum
846 1370 889 1394 est
920 1367 993 1402 quod

197 1413 268 1440 hanc
285 1412 452 1447 repulerunt.
466 1410 544 1445 Quod
555 1411 578 1439 si
591 1413 654 1446 quis
673 1417 788 1438 conetur
804 1412 881 1447 juxta
904 1413 992 1447 ipsam

196 1458 314 1485 litteram
330 1457 491 1492 intelligere,
513 1461 539 1484 et
551 1456 643 1484 fenum
657 1464 689 1484 ac
701 1464 764 1484 vere
774 1458 887 1484 arbores
899 1457 994 1485 vatici-

197 1505 242 1531 nio
253 1504 400 1539 signiﬁcari
416 1508 502 1538 putet,
520 1502 602 1530 L‘avid
616 1502 727 1530 citando
751 1507 848 1530 testem
867 1504 914 1538 qui
925 1503 964 1530 ait
986 1511 993 1530 :

200 1560 209 1575 ι
229 1549 383 1577 Renuvabis
399 1549 495 1576 l‘aciem
524 1549 636 1576 terrae"
653 1557 660 1575 :
680 1557 689 1574 ι
708 1552 785 1576 certe
812 1553 906 1583 posset
933 1548 996 1583 quis

199 1597 268 1623 ferre
284 1595 463 1628 intellectum,
481 1594 589 1622 nisiille
616 1595 823 1621 renovationem
846 1594 997 1628 accepisset

199 1649 248 1676 pro
263 1641 315 1668 vita
332 1640 500 1668 renovationi
521 1643 654 1666 creaturae
666 1639 851 1666 convenienti.
871 1639 965 1673 Itaque
975 1639 999 1666 si

200 1692 228 1714 et
261 1686 450 1720 jumentorum
485 1685 655 1712 renovationi
697 1685 837 1712 intendere
875 1688 998 1718 oportet,

204 1733 263 1759 ﬁeri
298 1731 399 1766 poterit
427 1736 456 1759 ut
483 1735 511 1758 et
544 1730 637 1758 fenum
663 1735 691 1757 et
715 1730 829 1757 arbores
855 1730 999 1758 aeternitati

200 1777 387 1812 respondeant
419 1785 425 1802 :
458 1777 532 1811 quod
563 1777 585 1804 si
611 1777 709 1803 horum
738 1775 809 1802 nihil
841 1781 903 1808 est,
925 1776 998 1803 litte-

201 1824 267 1850 rulis
286 1823 439 1850 intellectus
451 1822 484 1849 de
496 1827 568 1849 terra
605 1822 675 1849 facie
701 1826 831 1849 renovata
858 1822 999 1850 habendus

200 1874 241 1896 est
258 1877 307 1904 pro
325 1868 526 1896 inconsiderata
539 1876 571 1895 ac
597 1868 743 1896 temeraria
773 1867 944 1902 acceptione,
973 1873 1000 1896 et

201 1916 255 1943 illis
270 1915 402 1942 conformi
422 1915 468 1948 qui
487 1919 551 1950 post
564 1916 627 1942 vita:
638 1915 786 1942 decursum
805 1914 832 1942 in
856 1915 930 1942 mille
947 1923 998 1942 an-

201 1969 299 1989 norum
317 1961 421 1989 Christi
442 1968 537 1996 regno,
552 1961 579 1988 in
592 1961 728 1989 conviviis
745 1967 777 1988 ac
786 1960 892 1988 deliciis
905 1961 998 1988 hilari-

203 2013 244 2036 ter
263 2016 293 2035 se
309 2008 431 2035 victuros
445 2009 606 2042 opinantur.

236 2054 287 2081 Sed
297 2054 413 2081 homines
428 2043 651 2081 tantum.ExTioc
667 2052 847 2080 manifestum
859 2057 914 2085 est,
925 2054 997 2088 quod

201 2109 255 2128 non
270 2101 302 2128 de
317 2100 380 2128 leno
408 2105 435 2127 et
455 2100 604 2128 arboribus
620 2101 657 2128 sit
685 2099 818 2127 eohibitio
831 2107 846 2126 a
876 2100 997 2132 laesione,

200 2148 271 2175 sicut
296 2155 398 2176 sonare
421 2147 529 2174 videtur
554 2150 733 2181 praeceptum,
755 2146 802 2174 sed
825 2147 859 2174 de
880 2146 924 2174 bis
950 2147 998 2181 qui

203 2195 264 2221 I'eno
283 2197 487 2228 comparantur,
503 2200 535 2220 eo
548 2193 620 2227 quod
643 2193 677 2220 ad
696 2193 825 2220 virtutem
837 2200 891 2220 non
919 2200 998 2220 aere-

202 2240 278 2266 dant.

1075 907 1108 934 Ει
1123 906 1174 942 μὶν
1187 906 1258 934 κατὰ.
1268 907 1320 942 τὴν
1336 906 1546 942 προειρημένην
1559 906 1746 942 ἁλληγορικὴν
1756 906 1835 941 ἔκλη-

1042 953 1091 988 ψιν
1104 953 1175 979 ϐέλει
1191 961 1233 984 τις
1251 953 1377 987 στοιχεῖν,
1392 951 1427 978 τὰ
1454 952 1627 987 συμδολικῶς
1648 952 1696 979 ἇτε
1713 952 1773 979 θεῖα
1791 953 1838 978 καὶ

1041 998 1181 1034 μυστικῶς
1191 997 1366 1033 ἐκφερόμενα
1378 998 1476 1033 χόρτον
1491 997 1541 1033 τῆς
1551 998 1604 1033 γῆς
1615 998 1662 1024 καὶ
1672 997 1787 1033 χλοερὰν
1795 998 1826 1025 ἐκ

1042 1053 1134 1079 φυσιν,
1146 1044 1194 1071 καὶ
1211 1044 1266 1071 πᾶν
1283 1043 1403 1079 δένδρον,
1418 1045 1458 1075 είς
1471 1044 1536 1076 τοὺς
1559 1043 1713 1079 ἀχυρώδεις
1729 1044 1838 1079 ἀνθρώ-

1042 1099 1121 1122 πους,
1148 1090 1195 1116 καὶ
1226 1089 1274 1116 ἁτε
1303 1089 1422 1124 δένδρα,
1451 1088 1548 1124 ἀλογίᾳ
1573 1088 1838 1123 ἀποδενδρωθέντας,

1041 1136 1123 1163 οἱονεὶ
1139 1137 1179 1167 εἰς
1199 1134 1334 1170 δινδρώδη
1349 1135 1410 1161 τινὰ
1427 1134 1586 1169 ἠλιθιότητα
1604 1134 1774 1169 προδάντας,
1792 1134 1839 1161 Θε-

1042 1182 1112 1209 τέον.
1130 1181 1183 1212 Οὓς
1193 1182 1209 1216 ή
1221 1181 1415 1216 φιλάνθρωπος
1435 1180 1552 1215 Θειότης
1566 1180 1674 1214 φειδοῦς
1686 1180 1778 1213 ἀξίους
1795 1180 1840 1207 85—

1045 1229 1124 1264 μένη,
1138 1229 1169 1255 οὐ
1180 1229 1230 1262 τὴν
1241 1227 1327 1263 αὐτὴν
1339 1228 1440 1259 αὐτοὺς
1455 1230 1591 1262 τιμωρίαν
1605 1227 1717 1262 ὑπέχειν
1730 1229 1788 1260 τοῖς
1804 1229 1836 1255 ὲκ

1043 1274 1172 1308 προνοίας
1188 1274 1236 1300 καὶ
1258 1273 1381 1308 σκέψεως
1403 1273 1572 1308 κακούργοις
1588 1273 1627 1308 τῷ
1653 1274 1839 1308 ὲσφραγῖσθαι

1043 1319 1154 1355 ταύτηψ
1168 1320 1380 1354 ἀπωσαμένους.
1397 1319 1563 1347 ἐντέλλεται.
1580 1319 1611 1346 Et
1636 1319 1664 1346 δὲ
1683 1318 1728 1345 ἐπ’
1755 1320 1839 1347 αὑτοῦ

1043 1366 1091 1393 τοῦ
1109 1366 1274 1401 γράμματος
1294 1366 1334 1402 τῷ
1352 1367 1423 1392 νοεῖν
1444 1365 1661 1401 ἀπασχοληϐείη,
1679 1367 1727 1394 καὶ
1745 1367 1841 1403 χόρτον

1045 1411 1084 1447 τῷ
1100 1412 1158 1439 ὄντι
1185 1412 1234 1438 καὶ
1259 1410 1355 1447 δένδρα
1379 1411 1418 1446 τῷ
1447 1411 1637 1447 χρηματισμῷ
1664 1413 1840 1449 ἐκφερόμενα

1044 1458 1161 1494 οἰηθείη,
1177 1458 1223 1485 τὸν
1239 1457 1320 1485 Δαυῒδ
1331 1458 1400 1492 ἔχων
1411 1457 1568 1493 obviat-09a,
1583 1467 1594 1484 ‹
1613 1458 1807 1490 Ἀνακαινιεῖς,
1829 1470 1837 1484 ι

1046 1505 1195 1538 φάσκοντα,
1213 1513 1223 1530 ι
1243 1504 1273 1530 τὸ
1282 1504 1429 1539 πρόσωπον
1445 1503 1495 1538 τῆς
1514 1503 1578 1538 γῆς,
1599 1513 1608 1529 ι
1626 1504 1744 1539 ὑπέσχεν
1756 1505 1789 1532 ἄν
1799 1514 1841 1535 τις

1045 1551 1095 1586 τὴν
1105 1549 1239 1585 ὑπακοὴν,
1255 1550 1278 1576 εί
1296 1549 1332 1585 μὴ
1343 1549 1390 1576 τὸν
1402 1549 1605 1584 ἁνακαινισμὺν
1618 1550 1658 1581 είς
1672 1550 1841 1586 κατάλληλον

1048 1597 1088 1632 τῷ
1109 1596 1301 1631 ἀνακαινισμῷ
1322 1596 1373 1630 τῆς
1398 1596 1514 1627 κτίσεως
1538 1595 1610 1630 ζωὴν
1638 1596 1840 1631 ὑπελάμϐανεν.

1012 1622 1035 1651 c
1051 1640 1083 1666 Εἰ
1094 1640 1143 1674 μὲν
1154 1639 1200 1666 οὖν
1213 1641 1260 1667 καὶ
1273 1641 1357 1676 κτήνη
1368 1640 1408 1675 τῷ
1426 1640 1618 1676 ἀνακαινισμῷ
1631 1641 1837 1677 ὲνοεωρηθῆναι

1051 1685 1114 1721 χρὴ.
1130 1685 1160 1712 εὖ
1177 1685 1210 1712 ἂν
1221 1686 1278 1721 ἔχοι
1295 1687 1343 1714 καὶ
1356 1688 1454 1724 χόρτον
1472 1687 1518 1714 καὶ
1535 1687 1631 1722 δένδρα
1643 1689 1677 1724 τῇ
1705 1689 1840 1724 ἀῖδιότητι

1051 1731 1258 1767 ὑπολειφθῆναι.
1269 1733 1300 1759 Εἰ
1311 1733 1340 1759 δὲ
1350 1733 1454 1759 τούτων
1464 1733 1550 1767 οὐδὲν,
1566 1735 1600 1769 τῇ
1611 1735 1842 1773 ἀνακαινιζιομένῃ

1051 1776 1080 1802 τὸ
1098 1777 1244 1812 πρόσωπον
1260 1779 1295 1813 γῇ
1310 1779 1350 1810 είς
1366 1779 1536 1814 ἀπρονόητον
1551 1779 1667 1815 ἓκληψιν
1681 1782 1710 1807 τὸ
1729 1782 1798 1816 πρὸς
1810 1784 1842 1809 τὸ

1051 1822 1170 1858 γράμμα
1185 1823 1286 1856 θετέον,
1303 1825 1351 1851 καὶ
1363 1825 1510 1859 σύμφωνον
1526 1827 1584 1858 τοῖς
1591 1826 1641 1862 τὴν
1656 1827 1760 1862 χιλιετῆ
1776 1829 1842 1864 Χρι⁹

1051 1868 1116 1894 στοῦ
1142 1868 1282 1903 βασιλείαν
1308 1870 1379 1904 μετά
1394 1870 1444 1904 τὴν
1459 1871 1537 1897 τοῦδε
1553 1871 1600 1898 τοῦ
1631 1872 1691 1908 βίου
1706 1875 1843 1911 παραδρο-

1052 1913 1106 1949 μὴν
1120 1914 1213 1946 πότοις
1229 1914 1275 1942 καὶ
1290 1914 1416 1943 ἁνέσεσιν
1430 1916 1685 1953 ἐνευθηνουμένοις,

1083 2060 1117 2085 El
1131 2059 1174 2094 μὴ
1187 2059 1259 2092 τοὺς
1273 2059 1461 2094 ἀνθρώπους.
1483 2061 1531 2087 Ἐκ
1546 2061 1643 2088 τούτου
1658 2063 1741 2097 σαφὲς
1759 2062 1797 2095 ὡς
1811 2065 1841 2090 οὐ

1049 2106 1114 2140 περὶ
1128 2105 1226 2141 χόρτου
1238 2105 1286 2132 καὶ
1305 2105 1423 2141 δένδρων
1437 2107 1454 2142 ἡ
1474 2107 1611 2143 ὑποστολὴ
1629 2108 1677 2136 τοῦ
1703 2109 1837 2145 ἀδικηθῆ-

1049 2161 1104 2183 ναι,
1116 2151 1154 2183 ὡς
1166 2153 1180 2178 ὁ
1191 2152 1374 2187 προστάσσων
1384 2154 1478 2188 φησὶν,
1494 2153 1563 2180 ἀλλὰ
1577 2155 1641 2187 τοὺς
1654 2155 1743 2191 χόρτῳ
1752 2165 1842 2192 παρα-

1049 2197 1243 2233 ϐαλλομένους,
1260 2197 1305 2224 διὰ
1318 2198 1349 2225 τὸ
1363 2198 1401 2234 μὴ
1418 2199 1468 2234 τὴν
1486 2199 1589 2236 ἀρετὴν
1605 2201 1740 2236 μετιέναι.

237 2307 318 2343 727
339 2306 372 2334 Ut
397 2315 448 2333 non
464 2306 624 2333 occciderent
639 2313 693 2336 eos,
709 2305 754 2332 sed
769 2310 798 2332 ut
814 2305 996 2332 cruciarentur-

1087 2309 1142 2337 Καὶ
1155 2309 1243 2343 ἐδόθη
1258 2311 1363 2344 αὐταῖς
1373 2311 1423 2338 ἵνα
1431 2311 1474 2346 μὴ
1483 2312 1706 2340 ἀποκτείνωσιν
1716 2315 1841 2348 αὐτοὺς,

204 2354 336 2380 mensibus
361 2353 486 2388 quinque.
512 2352 580 2379 Illud
607 2360 660 2378 non
680 2351 806 2378 occidere
826 2351 998 2378 demonstrat

201 2401 243 2428 eis
262 2400 308 2435 qui
329 2399 497 2434 experientia
517 2405 684 2433 cognoscere
699 2401 817 2432 possunt
838 2396 996 2425 intolerabi-

204 2447 308 2474 iitatem
336 2450 546 2477 tormentorum,
572 2443 646 2479 quod
671 2443 705 2470 ad
724 2447 839 2471 mortem
858 2443 931 2470 viam
948 2450 997 2478 pa—

204 2501 266 2521 rare
280 2493 388 2521 soleant
406 2501 412 2519 :
430 2492 463 2518 ab
477 2491 528 2519 hac
544 2491 628 2526 igitur
642 2497 722 2526 poena
739 2489 915 2522 intolerabili,
929 2497 998 2524 prae-

204 2545 327 2575 ceptum,
346 2539 418 2574 quod
435 2539 468 2566 ad
482 2538 585 2566 bonum
601 2537 697 2570 tendit,
714 2536 793 2572 jubet
803 2535 929 2571 supplicii
946 2535 997 2563 mi-

206 2587 309 2614 nistros
338 2585 486 2612 abstinere.
519 2583 603 2611 Porro
623 2583 764 2610 mensibus
790 2582 912 2618 quinque
944 2581 997 2609 hoc

204 2631 274 2662 ﬁeri,
291 2630 422 2665 quoniam
434 2633 461 2656 et
474 2635 583 2656 menses
596 2627 736 2655 sensibilis
750 2627 845 2655 mundi
861 2634 996 2654 mensura:

201 2680 279 2708 sunt,
294 2677 367 2704 unde
386 2680 413 2703 ct
430 2683 529 2703 sensus
542 2675 592 2710 ipsi
609 2678 776 2709 acceperunt
789 2679 814 2700 ul
834 2673 996 2701 exhiberem

204 2722 286 2756 hujus
312 2721 509 2756 cognitionem,
538 2720 636 2747 merito
663 2720 789 2754 designat
813 2727 926 2754 peccare
948 2727 996 2754 per

202 2766 400 2794 exbibitionem
418 2767 444 2792 in
455 2766 554 2801 xequali
569 2773 684 2792 numero
698 2773 704 2791 :
722 2765 754 2792 ad
770 2765 928 2791 meritoriam
945 2764 994 2791 ho-

203 2812 324 2839 rninibus
338 2812 507 2840 inferendam
523 2819 618 2839 eorum
638 2819 685 2846 per
700 2818 762 2845 qua:
775 2810 906 2838 deberent
921 2810 995 2846 judi-

237 2901 262 2918 "
277 2901 330 2929 lsa.
344 2909 418 2935 λιιι,
430 2903 477 2929 Ἡ.
530 2903 553 2919 δ’
571 2901 643 2929 Psal.
654 2909 714 2933 cui.
731 2901 776 2928 50.

1051 2357 1179 2384 ἀλλ’ἵνα
1191 2357 1408 2389 βασανισθῶσι
1425 2357 1526 2392 μῆνας
1545 2358 1645 2386 πέντε.
1667 2360 1703 2386 Τὸ
1719 2360 1758 2396 μὴ
1775 2362 1843 2388 ἀπο-

1050 2403 1156 2429 κτεῖναι
1165 2402 1253 2429 ἐκεῖνο
1265 2403 1386 2438 παριστᾷ
1395 2404 1450 2435 τοῖς
1460 2403 1505 2430 διὰ
1516 2404 1613 2438 πείρας
1623 2404 1732 2440 ἔχουσιν
1743 2406 1843 2433 εἰδέναι

1050 2449 1079 2475 τὸ
1095 2447 1149 2474 τῶν
1165 2447 1290 2483 βασάνων
1304 2448 1444 2483 ἀφόρητον
1455 2450 1497 2475 ὅτι
1511 2450 1552 2480 εἰς
1570 2449 1686 2477 θάνατον
1709 2451 1843 2478 ὁδοποιεῖν

1049 2493 1138 2521 εἴωθε,
1154 2493 1255 2520 Τούτου
1267 2491 1315 2520 οὖν
1328 2493 1375 2520 τοῦ
1394 2494 1534 2530 ἀφορήτου
1548 2495 1699 2530 ἀπέχεσθαι
1711 2497 1776 2529 τοὺς
1792 2497 1842 2532 βα-

1050 2539 1206 2574 σανιστὰςὴ
1224 2538 1375 2574 φιλάγαθος
1394 2540 1488 2575 ἐντολὴ
1507 2541 1736 2576 παρακελεύεται.
1761 2543 1798 2570 Τὸ
1812 2543 1842 2570 δὲ

1048 2586 1205 2620 πεμπταῖον
1228 2585 1282 2612 τῶν
1296 2585 1399 2621 μηνῶν,
1412 2586 1475 2612 ἐπεὶ
1489 2587 1536 2614 καὶ
1549 2588 1573 2614 ot
1590 2588 1675 2623 μῆνες
1687 2587 1735 2615 τοῦ
1749 2588 1844 2623 αἰσθη-

1048 2629 1095 2656 τοῦ
1113 2629 1217 2665 κόσμου
1235 2630 1334 2664 μέτρα,
1347 2629 1408 2656 ὅθεν
1422 2631 1468 2657 καὶ
1483 2631 1518 2658 τὰ
1530 2633 1687 2667 γνωστήρια
1701 2633 1797 2659 τούτου
1811 2633 1840 2659 αι

1048 2675 1189 2710 αἰσθήσεις
1215 2675 1246 2702 τὸ
1272 2676 1396 2710 ἐνεργεῖν
1423 2676 1530 2710 ἔλαϐον,
1560 2678 1673 2709 εἰκότως
1704 2678 1841 2714 ίσαρίομῳ

1048 2721 1222 2754 παραστάσει
1238 2720 1269 2746 τὸ
1284 2720 1456 2755 ἁμαρτάνειν
1480 2722 1642 2754 αἰνίττεται,
1670 2723 1710 2754 είς
1727 2723 1758 2749 τὸ
1774 2724 1841 2758 μνή-

1049 2773 1103 2801 μην
1127 2765 1282 2801 ἀνορώποις
1306 2767 1433 2801 ἐμποιεῖν
1451 2764 1505 2794 τῶν
1521 2767 1557 2794 δι’
1578 2765 1616 2795 ὧν
1631 2768 1711 2804 ἔσχον
1734 2770 1765 2796 to
1791 2769 1839 2795 τὴν

1047 2812 1138 2847 κρίσιν
1153 2811 1311 2847 ἀνέχεσθαι.
1334 2813 1382 2840 Ἐκ
1396 2813 1500 2841 τούτων
1514 2814 1568 2850 γὰρ
1585 2814 1633 2841 καὶ
1653 2815 1718 2849 περὶ
1733 2814 1841 2842 τούτων
