2095 3160
198 237 251 270 627

607 236 774 267 ARETH/E
793 236 984 267 CIESARE/E
1005 236 1248 267 (ΣΑΡΡΛΒΟΟΙίΕ
1269 235 1442 268 EPISCOPI

1781 235 1836 267 623

199 300 271 330 tum,
287 295 359 331 quod
377 302 431 323 non
448 295 474 322 in
490 294 599 323 silentio
615 295 671 327 liat,
688 295 753 330 quia
767 302 858 330 neque
871 297 898 323 in
914 301 991 324 certo

1043 296 1071 322 οὐ
1102 295 1163 322 καθ’
1195 295 1312 331 ἡσυχίαν
1338 293 1550 328 ὲκτελουμένην,
1574 291 1616 318 ὅτι
1642 290 1709 327 μηδὲ
1724 291 1753 319 ἐν
1782 301 1835 319 τινι

200 342 293 376 aliquo
309 342 380 373 loco,
401 341 448 368 sed
467 340 493 367 in
511 340 639 368 universo
662 340 765 367 mundo
785 341 942 369 conﬁcitur.
961 341 993 369 Et

201 386 266 413 hinc
273 385 394 420 estquod
402 393 458 413 non
468 385 494 412 in
502 393 597 412 omnes
605 386 748 413 hominum
759 394 850 414 mores
862 393 992 422 tanquam

199 431 228 458 in
239 431 368 459 socordes
382 431 506 466 regiones
521 431 652 458 insultum
668 431 783 463 faciunt,
799 433 844 460 sed
860 433 994 460 duntaxat

200 478 228 504 in
255 477 400 512 quosdam,
425 485 524 512 nempe
547 478 577 504 in
605 485 655 505 eos
678 479 725 512 qui
750 478 907 506 ﬁrmitatem
937 487 991 507 non

199 524 314 551 omnino
340 524 462 559 praebent
484 525 551 552 eis:
579 529 627 552 aut
652 525 774 559 praebent
796 525 918 560 quidem.
945 526 992 553 sed

200 570 305 596 lil’llllOl‘
317 574 360 598 est
372 577 420 605 per
435 570 566 605 impetum
583 577 591 596 :
610 573 682 597 unde
698 571 779 597 etiam
795 579 847 598 vox
865 572 922 599 sive
937 571 992 598 fra-

200 623 250 650 ger
275 616 453 643 constituitur
479 621 607 651 tanquam
633 620 755 644 rotarum
787 625 920 645 curruum
945 625 993 652 per

201 662 380 689 uiutationrm
396 670 428 689 ac
444 662 624 690 recidentiam
640 663 791 690 radiorum.

236 707 271 734 Et
287 707 416 735 [rubebant
427 709 528 736 caudas
540 709 638 736 similes
652 709 822 744 scorpionum
837 713 861 736 et
874 709 991 736 aculeos.

201 752 382 788 Scorpionnm
405 754 499 782 caudis
523 759 550 782 et
573 754 676 782 aculeis
693 754 838 782 assimilati
859 759 924 781 sunt
940 755 994 781 da:—

201 807 314 826 monum
343 799 461 827 insultas
488 800 620 827 adversus
651 800 786 832 homines,
809 800 940 834 quoniam
966 805 993 827 et

201 845 341 872 daunones
357 852 410 872 non
426 846 517 873 statim
532 851 561 873 ut
577 845 729 880 loquuntur
741 845 921 873 manifestam
942 852 993 872 no-

201 896 370 924 eumentum,
385 892 456 919 sicut
468 899 556 927 neque
566 892 693 926 scorpius
704 891 836 919 forﬁculis
847 892 873 918 in
887 899 991 919 morem

201 939 293 964 cancri
314 938 501 972 denticulatis,
524 939 571 966 sed
593 946 609 965 a
634 943 710 973 tergo
738 938 825 965 cauda
851 938 924 965 lmdit
945 946 994 973 per

201 982 338 1009 aculeum.
362 983 471 1010 Interim
496 990 606 1018 quoque
631 982 755 1010 exitiales
768 983 908 1010 daemones
928 990 991 1010 eum
1006 975 1030 1005 Β

200 1028 309 1062 aliquos
325 1028 480 1055 insidiando
493 1028 627 1063 ceperint,
646 1036 701 1055 non
715 1029 806 1055 statim
822 1029 924 1055 habent
939 1028 992 1055 im-

202 1073 317 1100 missum
344 1073 508 1108 supplicium
527 1078 637 1108 propter
654 1073 736 1108 729
762 1074 883 1109 ipsorum
914 1074 993 1101 dece-

202 1119 338 1152 ptionem,
358 1120 405 1146 sed
430 1119 503 1146 ﬁnali
520 1119 574 1154 igni
598 1120 698 1146 servati
718 1127 780 1146 eum
800 1119 842 1147 his
861 1127 930 1154 quos
947 1126 992 1147 se-

201 1164 351 1197 duxerunt,
366 1164 447 1199 digna
463 1170 668 1199 consequentur
679 1166 801 1199 praemia.
822 1166 907 1193 Porro
926 1165 992 1200 quid

201 1210 253 1237 sibi
268 1210 333 1237 velit
353 1211 426 1245 quod
447 1210 480 1237 ad
494 1210 620 1245 quintum
636 1211 770 1238 duntaxat
790 1218 911 1238 mensem
930 1218 994 1245 pro-

203 1255 332 1282 tendatur
347 1260 467 1289 potestas
487 1256 622 1283 inferendi
636 1255 786 1288 cruciatus,
809 1256 866 1291 jam
881 1256 896 1283 s
913 1256 992 1284 nobis

202 1301 304 1327 dictum
318 1305 368 1328 est.
386 1300 452 1333 Quis
474 1301 545 1328 enim
567 1301 657 1336 ignem
684 1305 858 1336 peccatorum
882 1301 992 1328 auferre

201 1351 291 1381 potest
307 1348 373 1382 quin
392 1352 523 1382 perpetuo
536 1347 624 1379 duret,
639 1352 687 1375 aut
714 1347 787 1374 aliud
810 1347 884 1382 quod
898 1347 933 1374 ibi
957 1347 993 1375 sit

201 1392 348 1419 sonsibilc?
370 1392 421 1420 Sed
439 1393 671 1428 quemadmodum
696 1400 784 1427 neque
796 1393 893 1420 oculus
913 1398 994 1427 aptus

200 1444 243 1466 est
262 1439 295 1465 ad
309 1438 453 1466 videndum
467 1439 537 1466 bona
547 1458 555 1470 ,
568 1446 658 1474 neque
670 1440 745 1466 auris
760 1439 793 1466 ad
813 1439 991 1471 audiendum,

201 1493 289 1520 neque
302 1486 329 1512 in
344 1492 393 1513 cor
416 1485 537 1512 hominis
553 1485 647 1513 subire
664 1490 780 1520 possunt
797 1493 803 1512 :
823 1485 863 1512 sic
879 1493 929 1513 nec
946 1486 992 1514 illa

200 1539 261 1566 qua:
274 1531 407 1566 allligunt,
425 1531 512 1559 donec
526 1531 714 1566 experimento
729 1531 890 1565 probentur.

231 1575 363 1602 [Ia/ventes
384 1583 462 1609 super
478 1584 505 1602 se
518 1583 602 1611 regem
616 1577 739 1611 angelum
756 1576 855 1611 abyssi.
871 1576 991 1611 Angelus

202 1622 246 1650 hic
262 1623 325 1649 licet
347 1623 513 1657 quibusdam
526 1623 604 1650 visus
621 1623 657 1650 sit
677 1630 740 1650 esse
755 1630 856 1657 pravus
871 1622 990 1654 daamon,

201 1673 321 1694 attamen
336 1675 390 1694 non
408 1672 493 1694 recte.
509 1667 570 1700 Quo
584 1667 657 1695 enim
673 1672 764 1702 pacto,
779 1675 842 1695 cum
861 1667 993 1695 Dominus

201 1714 365 1741 sententiam
389 1713 482 1740 tulerit
503 1713 702 1740 retrudendum
723 1721 785 1741 esse
813 1713 995 1746 diabolumﬁt

201 1759 313 1793 angelos
327 1759 414 1793 ipsius
427 1758 454 1785 in
469 1758 542 1794 ignis
552 1758 729 1793 supplicium.
745 1759 881 1794 quispiam
898 1766 993 1786 eorum

200 1805 247 1839 qui
266 1804 299 1832 ad
322 1804 487 1839 supplicium
509 1804 646 1839 designati
663 1809 737 1838 sunt,
762 1805 834 1840 regia
859 1809 995 1840 potestate

199 1850 300 1884 dignus
318 1850 482 1878 haberetur?
505 1849 564 1878 Non
589 1859 654 1886 ergo
669 1851 742 1879 malo
759 1851 854 1886 angelo
871 1855 994 1886 potestas

200 1896 350 1923 constituta
365 1900 416 1928 est,
437 1896 484 1923 sed
506 1896 531 1924 ei
553 1897 596 1924 cui
621 1897 800 1924 commissum
815 1902 857 1924 est
872 1896 992 1924 debitum

200 1949 231 1969 ac
251 1942 419 1970 conveniens
445 1942 643 1971 ministerium.
671 1942 765 1978 Neque
792 1943 865 1970 enim
896 1951 993 1972 omnes

200 1988 393 2015 ministratorii
412 1988 526 2022 spiritus
543 1989 690 2017 mittuntur
706 1990 739 2017 ad
755 1989 852 2017 salutis
869 1990 992 2017 ministe-

200 2034 283 2066 rium,
295 2034 373 2069 juxta
385 2035 477 2062 divum
493 2035 606 2062 Paulum
621 2035 668 2071 qui
684 2035 736 2063 hoc
752 2035 832 2068 dixit,
850 2036 896 2063 sed
909 2036 991 2063 etiam

199 2081 232 2108 ad
251 2081 422 2109 inferendum
440 2082 606 2116 supplicium
625 2092 631 2109 :
648 2082 879 2117 quemadmodum
897 2083 919 2110 is
944 2083 991 2118 qui

198 2128 374 2163 Assyriorum
397 2129 546 2155 exercitum
572 2134 766 2165 congregatum
798 2137 860 2156 cum
888 2129 993 2156 Semia-

198 2174 294 2201 eherih
317 2182 399 2209 super
423 2174 576 2202 Jerusalem
597 2176 707 2207 delevit.
726 2180 754 2203 et
776 2177 823 2211 qui
841 2184 923 2211 super
941 2175 992 2203 So-

198 2221 278 2247 uloma
292 2220 409 2255 ignitum
434 2221 549 2248 immisit
577 2221 729 2249 interitum.
745 2222 824 2254 Quod
843 2226 934 2249 autem
962 2222 990 2249 in

199 2267 418 2300 prmeedcntihus
433 2267 662 2302 signiﬁcavimus,
681 2268 762 2295 etiam
785 2276 856 2295 nunc
872 2268 992 2295 dicimus

1044 342 1129 377 τόπῳ,
1147 341 1204 368 ἀλλ’
1217 342 1247 367 ὲν
1260 340 1344 366 παντὶ
1358 340 1398 374 τῷ
1424 341 1521 373 κόσμῳ
1545 338 1748 373 συντελουμένη
1770 347 1836 373 τυγ-

1045 389 1130 423 χάνει,
1157 386 1204 421 ἀφ’
1220 383 1252 414 οὗ
1280 387 1327 413 καὶ
1351 386 1388 421 μὴ
1407 386 1492 412 πᾶσιν
1517 385 1672 420 ἀνθρώπων
1691 385 1785 420 ἦθεσιν
1797 384 1836 417 ὠς

1044 433 1151 465 ὑπτίοις
1164 433 1277 468 χωρίοις
1293 431 1523 468 προσϐάλλουσιν,
1542 430 1612 457 ἀλλά
1623 439 1689 462 τισι,
1703 432 1761 462 τοῖς
1774 430 1837 465 μηδ’

1043 478 1112 510 ὅλως
1124 479 1154 505 τὸ
1175 478 1293 513 βεΰηκδς
1317 477 1414 509 αὐταῖς
1445 477 1624 511 παρέχουσιν,
1641 476 1658 510 ἢ
1684 475 1836 511 παρέχουσι

1045 524 1105 559 μὲν,
1132 524 1283 560 βιαιότερον
1298 523 1354 559 (51)
1378 523 1407 549 δὲ
1490 521 1575 558 ῥύμῃ.
1606 518 1710 555 Ἀφ’οὖ
1732 522 1779 548 καὶ
1798 521 1837 553 ὡς

1043 571 1092 598 ἀπ’
1105 571 1259 606 ὰμαξιαίων
1283 569 1401 606 τροχῶν,
1430 571 1464 605 τῇ
1483 567 1658 604 μεταπτώσει
1679 577 1708 595 τε
1724 568 1772 595 καὶ
1786 569 1835 595 ἀν-

1043 617 1174 645 τιπτὼσει
1194 618 1249 645 τῶν
1265 617 1393 649 σκώλων,
1407 616 1499 651 φωνὴ,
1526 615 1611 651 ἧγουν
1635 614 1739 646 κτύπος
1771 623 1836 642 συν-

1045 663 1165 691 ισταται.

1080 710 1133 737 Καὶ
1148 710 1275 744 ἔχουσιν
1293 709 1386 743 οὐρὰς
1402 709 1506 744 ὁμοίας
1526 709 1685 743 σκορπίοις
1703 708 1752 735 καὶ
1765 707 1834 735 κέν-

1043 763 1108 789 τρα.
1127 754 1269 790 Σκορπίων
1280 754 1376 790 οὐραῖς
1390 754 1437 781 καὶ
1453 754 1578 790 κέντροις
1591 755 1619 781 αι
1633 754 1687 780 τῶν
1700 754 1836 789 δαιμόνων

1043 800 1251 836 ἀπειχάσθησαν
1265 800 1414 836 προσϐολαὶ
1428 801 1456 826 αί
1467 800 1537 835 πρὸς
1554 799 1728 835 ἀνθρώπους,
1741 799 1836 834 ἐπειδὴ

1044 848 1093 874 καὶ
1107 847 1132 873 οι
1151 846 1279 881 δαίμονες
1294 846 1356 881 οὐχὶ
1376 846 1434 881 ἅμα
1457 846 1498 881 τῷ
1517 846 1709 881 χρηματίσαι,
1726 845 1757 872 τὸ
1773 845 1838 880 βλα-

1043 893 1141 920 πτικὸν
1152 892 1359 927 ἀποφαίνουσιν,
1379 893 1420 918 ὅτι
1436 892 1504 928 μηδὲ
1518 892 1649 928 σκορπίος
1662 892 1722 924 ταῖς
1737 901 1836 928 καρκι-

1044 941 1141 968 νώδεσι
1163 941 1271 977 χηλαῖς,
1288 940 1356 967 ἀλλὰ
1381 940 1421 975 τῷ
1435 939 1578 972 ἐξόπισθεν
1598 940 1702 975 οὐραίῳ
1725 940 1768 967 διὰ
1788 940 1837 966 τοῦ

1045 988 1171 1023 κέντρου.
1200 987 1276 1019 Τέως
1298 987 1326 1013 δὲ
1347 987 1394 1014 καὶ
1405 988 1429 1013 οι
1444 987 1579 1022 ἀλιτήριοι
1594 986 1723 1022 δαίμονες
1734 985 1781 1018 οὓς
1801 985 1836 1012 ἂν

1043 1034 1164 1062 λάϐωσιν
1178 1033 1207 1067 ὲξ
1221 1033 1339 1068 ἀπάτης,
1358 1033 1408 1060 οὐκ
1419 1033 1500 1064 εὐθὺς
1512 1032 1604 1068 ἔχουσι
1627 1032 1675 1059 καὶ
1690 1032 1740 1068 τὴν
1765 1031 1837 1067 ὑπὲρ

1046 1079 1098 1114 τῆς
1114 1079 1217 1106 τούτων
1229 1079 1339 1112 ἀπάτης
1353 1077 1490 1114 τιμωρίαν
1502 1078 1594 1109 αὐτοῖς
1607 1077 1836 1113 ἐπιϐαλλομένην.

1044 1124 1219 1161 Τηρηθέντες
1230 1124 1258 1151 δὲ
1273 1124 1312 1160 τῷ
1321 1124 1469 1160 τελευταίῳ
1479 1124 1547 1160 πυρὶ
1560 1123 1620 1159 μεθ’
1633 1120 1835 1159 ὦνήπάτησαν.

1043 1170 1099 1198 τῶν
1115 1170 1198 1203 ἀξίων
1211 1170 1302 1206 γερῶν
1319 1169 1469 1202 τεύξονται.
1488 1170 1525 1196 Τὸ
1541 1170 1570 1196 δὲ
1583 1170 1632 1205 τὴν
1647 1170 1774 1203 ἐξουσίαν
1786 1170 1835 1204 τῆς

1043 1217 1180 1254 τιμωρίας
1206 1216 1355 1252 πεμπταίῳ
1384 1216 1465 1252 μόνον
1495 1216 1561 1252 μηνὶ
1582 1216 1796 1252 παρατείνεσθαι
1809 1215 1836 1243 τί

1045 1263 1182 1298 βούλεται,
1197 1263 1305 1298 εἴρηται
1318 1263 1385 1297 ἡμῖν
1397 1262 1459 1297 ἠδη.
1474 1262 1523 1293 Τίς
1541 1262 1596 1297 γὰρ
1611 1263 1624 1289 ό
1636 1262 1666 1289 τὸ
1679 1261 1834 1294 διαιωνίζον

1044 1309 1266 1344 παραιρούμενος
1279 1308 1334 1334 τῶν
1351 1307 1524 1343 ἁμαρτωλῶν
1538 1308 1604 1343 πῦρ,
1623 1308 1686 1344 μήτ’
1700 1308 1764 1335 ἄλλο
1777 1309 1836 1334 ἐκεῖ

1044 1355 1193 1390 αἰσθητόν;
1218 1355 1263 1385 Ὧς
1287 1354 1342 1390 γὰρ
1362 1355 1396 1381 τὰ
1424 1354 1516 1388 ἀγαθά
1534 1354 1584 1381 οὐκ
1603 1354 1743 1389 ὀφθαλμὸς
1770 1354 1835 1380 ἰδεῖν

1043 1401 1172 1435 αἰσθητὸς
1184 1400 1286 1431 ἱκανὸς,
1301 1399 1361 1426 οὐδὲ
1372 1396 1419 1430 οὖς
1436 1399 1562 1432 ἀκοῦσαι,
1580 1399 1642 1426 οὐδὲ
1653 1400 1700 1426 ἐπὶ
1719 1399 1834 1433 καρδίαν

1043 1447 1187 1482 ἀνθρώπου
1217 1446 1364 1481 ἅναὸἧναι,
1391 1446 1478 1477 οὕτως
1508 1445 1570 1472 οὐδὲ
1595 1445 1630 1472 τὰ
1658 1445 1835 1481 τιμωροῦντα

1044 1493 1108 1528 ἄχρι
1127 1491 1178 1528 τῆς
1191 1491 1301 1527 πείρας.

1081 1582 1230 1617 Ἐ’χουσαι
1253 1581 1390 1614 ,ϐασιλέα
1422 1581 1469 1608 ἐπ’
1500 1580 1600 1608 αὐτῶν
1618 1580 1749 1615 ἅττ-ελον
1779 1579 1837 1614 τῆς

1044 1629 1195 1656 ἀϐύσσου.
1212 1628 1241 1655 '0
1259 1627 1375 1663 ἄγγελος
1386 1623 1475 1659 οὗτος,
1491 1627 1515 1652 εί
1532 1626 1577 1653 καί
1597 1634 1669 1652 τισιν
1689 1625 1763 1658 ἔδοξε
1787 1633 1836 1652 πο·

1046 1675 1128 1710 νηρὸς
1141 1675 1247 1710 δαίμων
1264 1671 1350 1706 εἶναι,
1371 1673 1430 1701 ἀλλ’
1445 1673 1520 1708 ὅμως
1531 1672 1562 1699 οὐ
1576 1672 1677 1704 καλῶς.
1698 1671 1761 1704 Πῶς
1781 1672 1837 1707 γάρ

1044 1719 1092 1746 τοῦ
1107 1719 1212 1755 Κυρίου
1225 1719 1274 1755 τὴν
1288 1719 1400 1746 κόλασιν
1415 1718 1462 1745 τοῦ
1478 1718 1565 1753 πυρὸς
1579 1717 1619 1753 τῷ
1633 1717 1750 1752 διαϐόλῳ
1764 1717 1833 1744 ἀπο-

1045 1765 1204 1800 φηναμένου
1220 1765 1269 1792 καὶ
1288 1765 1344 1796 τοῖς
1360 1763 1490 1798 ἀγγέλοις
1504 1762 1598 1794 αὐτοῦ,
1622 1763 1655 1789 ἐκ
1669 1761 1773 1789 τούτων
1793 1769 1836 1792 τις

1044 1810 1099 1837 τῶν
1116 1811 1157 1842 εἰς
1176 1810 1288 1838 κόλασιν
1300 1809 1516 1845 ἀφωρισμένων,
1535 1807 1682 1843 βασιλικῆς
1700 1806 1832 1840 ἀξιωθείη

1043 1856 1188 1890 ὲξουσίας;
1207 1857 1264 1883 Οὐκ
1279 1854 1326 1883 οὖν
1352 1854 1464 1890 πονηρῷ
1479 1854 1589 1889 ἀγγέλῳ
1603 1855 1620 1890 ή
1636 1853 1748 1887 ἐξουσία
1765 1852 1834 1888 βρα-

1044 1902 1175 1936 ϐευθείη,
1193 1902 1336 1940 ἐκείνῳβὲ
1364 1901 1403 1936 τῷ
1428 1900 1598 1935 κατάλληλον
1623 1899 1673 1934 τὴν
1695 1899 1836 1926 διακονίαν

1045 1946 1317 1982 μεταχειριζομένῳ.’
1333 1945 1371 1972 Οὐ
1390 1945 1446 1980 γὰρ
1469 1945 1572 1975 πάντες
1595 1945 1636 1976 εἰς
1660 1943 1837 1978 λειτουργικὰ

1043 1993 1190 2028 πνεύματα
1205 1993 1245 2023 είς
1271 1992 1409 2019 διακονίαν
1436 1991 1570 2026 σωτήριον
1592 1989 1834 2025 ἀποστελλόμενοι,

1043 2037 1114 2065 κατὰ
1128 2037 1174 2065 τὸν
1193 2037 1324 2073 εἰρηκότα
1341 2038 1412 2064 θεῖον
1427 2036 1544 2069 Παῦλον,
1560 2036 1630 2063 ἀλλὰ
1646 2036 1694 2062 καὶ
1712 2035 1781 2070 προς
1795 2043 1837 2061 τι-

1045 2085 1161 2120 μωρίαν,
1177 2084 1214 2116 ὡς
1227 2085 1241 2110 ὁ
1253 2084 1298 2111 τὸν
1318 2083 1464 2118 Ἀσσύριον
1491 2083 1610 2118 στρατὸν
1626 2082 1696 2118 μετά
1710 2083 1834 2116 Σεναχη-

1046 2131 1109 2165 ρε¹ιμ
1132 2130 1178 2156 ἐπὶ
1214 2129 1392 2165 Ἰερουσαλὴμ
1413 2128 1594 2163 ἀθροισθέντα
1621 2127 1769 2162 ἀφανίσας,
1788 2126 1836 2153 καὶ

1042 2176 1096 2203 τῶν
1105 2175 1231 2210 Σοδόμων
1242 2175 1287 2201 τὸν
1300 2175 1433 2210 διάπυρον
1445 2174 1555 2210 ὄλεθρον
1568 2175 1731 2209 ἐπιστήσας.
1746 2173 1836 2208 Ὅπερ

1042 2222 1071 2249 δὲ
1088 2222 1134 2248 καὶ
1151 2220 1333 2256 προλαϐόντες
1342 2220 1593 2256 ἁπεσημηνάμεθα,
1610 2220 1657 2246 καὶ
1672 2220 1720 2246 νῦν
1733 2227 1836 2254 φαμεν,

1043 2257 1080 2298 ὧς
1097 2266 1185 2293 ταῦτα
1210 2266 1234 2292 εί
1262 2265 1310 2292 καὶ
1329 2265 1522 2300 παρῳχημένῳ
1548 2264 1754 2298 ἐξαγγέλλεται,
1778 2263 1836 2289 ἀλλ’

198 2311 273 2346 quod
303 2313 361 2340 lucc
385 2321 542 2347 quanquam
562 2314 588 2340 in
615 2314 754 2348 praeterito
779 2314 989 2347 annuntientur,

1043 2312 1089 2340 οὖν
1108 2312 1239 2347 μέλλοντα
1267 2311 1396 2338 νοεῖσθαι.
1427 2311 1506 2337 Ἀλλὰ
1533 2310 1606 2336 δυοῖν
1632 2310 1713 2345 χάριν
1745 2308 1835 2340 τοῦτο,

198 2363 317 2386 attamen
336 2359 369 2386 de
387 2359 479 2387 futuro
499 2360 688 2394 intelliguntur
706 2369 713 2386 :
733 2367 827 2386 verum
855 2359 881 2386 id
904 2359 991 2394 dupli-

197 2413 256 2432 ecm
273 2406 308 2433 ob
324 2413 436 2433 causam
456 2406 494 2438 lit,
515 2406 573 2433 sive
589 2406 662 2442 quod
690 2406 845 2433 certissimo
864 2405 986 2433 futurum

197 2452 233 2479 sit
249 2457 278 2479 ut
305 2452 388 2484 tiant,
408 2452 480 2479 nulla
506 2460 534 2479 re
563 2452 789 2487 impedimentum
817 2457 988 2486 praestante:

1044 2359 1105 2394 ἠτοι
1124 2359 1161 2391 ὡς
1178 2359 1287 2390 πάντως
1304 2357 1555 2393 ἀπαρεμποδίστως
1578 2357 1729 2392 ἐσομένων,
1749 2356 1766 2391 ἢ
1789 2355 1837 2382 καὶ

1044 2406 1092 2433 τοῦ
1106 2406 1327 2442 χρηματίζοντος
1351 2405 1391 2440 τῷ
1409 2404 1592 2439 εὑαγγελιστῇ
1606 2404 1641 2430 τὰ
1663 2403 1836 2439 προκείμενα

1045 2453 1117 2480 κατὰ
1133 2453 1164 2480 τὸ
1180 2452 1230 2487 τῆς
1250 2452 1420 2488 προφητείας
1435 2450 1545 2486 ἀξίωμα
1563 2450 1790 2486 περιπατοῦντος.

198 2505 246 2527 ant
261 2500 342 2527 etiam
361 2499 433 2534 quod
451 2499 473 2526 is
488 2498 533 2533 qui
551 2499 725 2528 CVﬂllL'Cllbl:B
751 2506 783 2526 ea
810 2499 935 2526 tradebat
962 2499 1075 2528 oracula
1096 2498 1131 2526 de
1166 2499 1267 2534 quibus
1295 2506 1370 2526 nunc
1395 2503 1564 2531 tractamus,
1586 2497 1665 2532 juxta
1697 2495 1835 2532 propheta?

196 2547 356 2581 dignitatem
372 2546 512 2582 procedat.

233 2591 284 2619 Cui
296 2599 390 2618 nomen
415 2590 544 2618 llebrm'ce
559 2590 697 2617 Abbadan.
718 2589 823 2617 Nomen
850 2589 989 2617 llehraiezc

196 2639 295 2672 lingua:
310 2638 345 2665 ab
364 2637 438 2665 exitu
452 2642 590 2672 sumptum
608 2643 660 2669 est,
679 2637 752 2665 sicut
769 2644 803 2664 ex
819 2637 914 2664 Grzeco
931 2645 990 2663 ma-

197 2684 328 2711 nifestum
344 2689 397 2710 est.
418 2683 488 2716 Quid
505 2684 578 2710 enim
596 2683 669 2710 aliud
684 2683 820 2713 signiﬁcat
841 2683 988 2718 Apollyon,

196 2736 278 2763 quam
294 2729 411 2764 perilens
427 2729 469 2756 vol
483 2728 684 2764 corrumpens?

426 2775 508 2811 73o
518 2774 634 2803 CAPUT
651 2774 757 2803 xxvn.

197 2821 235 2848 De
254 2826 326 2848 sexto
353 2821 445 2857 angelo
465 2830 475 2849 .'
493 2825 519 2848 et
545 2823 641 2849 solutio
665 2823 820 2857 angelorum
845 2822 890 2856 qui
910 2830 989 2856 super

400 2857 562 2889 Euphratem
578 2857 684 2892 alligati
698 2863 784 2885 erant.

231 2900 277 2934 IX,
296 2901 390 2928 12-16.
417 2901 462 2929 Va:
477 2910 560 2930 unum
574 2902 650 2936 abiit,
666 2907 690 2930 et
710 2911 767 2930 ecce
781 2902 886 2931 veniunt
901 2902 987 2930 adhuc

232 2970 287 3007 (5i)
309 2969 491 3005 βεὸαιότερον,
505 2971 548 2999 ed.

1080 2589 1191 2622 Ὄνομα
1207 2587 1289 2621 αὐτῷ
1320 2587 1470 2622 Ἐϐραϊστὶ
1496 2587 1656 2615 ’Λεϐαὸὼν.
1682 2576 1720 2614 Τὸ
1749 2588 1834 2623 ὄνομα

1043 2635 1091 2663 τοῦ
1112 2635 1258 2671 Ἐϐραῖκοῦ
1284 2635 1339 2662 ἀπὸ
1368 2636 1418 2670 τῆς
1439 2635 1581 2667 ἐκϐάσεως
1608 2635 1775 2666 πέπλασται,
1798 2635 1834 2666 ὡς

1044 2682 1126 2717 δῆλον
1140 2681 1194 2708 ἀπὸ
1207 2681 1256 2708 τοῦ
1274 2681 1444 2717 Ἑλληνικοῦ.
1472 2680 1629 2708 Ἀπολλύων
1655 2680 1719 2716 γὰρ,
1733 2680 1760 2707 τί
1776 2681 1833 2707 ’ἐτε-

1045 2736 1091 2764 ρον
1109 2727 1126 2762 ἢ
1143 2727 1173 2754 τὸ
1185 2727 1342 2763 διαφθεῖρον
1355 2727 1485 2762 σημαίνει
1498 2736 1505 2759 ;

1338 2774 1466 2801 ΚΕΦΔΔ.
1482 2772 1546 2800 KZ’.

1043 2821 1113 2856 Περὶ
1128 2820 1181 2848 τοῦ
1192 2820 1282 2848 ἕκτου
1291 2819 1495 2856 drréJovLual
1506 2819 1565 2856 τῷν
1577 2820 1628 2846 ἐπί
1642 2819 1680 2852 τῷ
1696 2819 1835 2854 Εὐφράτῃ

1201 2855 1358 2890 λυομένων
1373 2855 1509 2890 ἀγγέλων
1524 2855 1676 2888 ἐπίλυσις.

1085 2902 1115 2933 Ἠ
1131 2903 1197 2931 οὐαὶ
1212 2903 1231 2937 ἠ
1243 2902 1297 2938 μία
1309 2901 1448 2935 ἀπῆλθεν
1460 2909 1466 2918 ’
1487 2901 1553 2929 ιδοὺ
1570 2901 1709 2937 ἔρχονται
1721 2901 1765 2930 ἔτι
1779 2900 1835 2928 δύο
