2095 3160
234 208 290 241 629

766 203 962 236 COMMENT.
982 202 1024 232 ΙΝ
1045 200 1314 232 APOCALYPSIN.

1814 202 1868 234 630

234 264 302 292 οὐαὶ
316 261 391 298 μετὰ
400 261 503 290 ταῦτα.
518 260 571 289 Καὶ
589 262 606 288 ὁ
619 261 707 294 ἕκτος
719 261 847 295 ἅγγελος
859 259 1021 289 ἐσάλπισε,

1082 256 1126 282 iuo
1150 245 1189 283 va;
1202 260 1260 290 post
1278 256 1343 282 Ilaec.
1376 254 1407 281 Et
1431 259 1522 281 sextus
1542 254 1652 290 angelus
1674 255 1738 283 tuba
1765 259 1870 284 cecinit.

235 308 285 336 καὶ
302 308 421 343 ἤκουσα
435 307 541 343 φωνὴν
557 307 632 342 μίαν
645 307 679 334 ἐκ
693 306 753 334 τῶν
766 305 924 340 τεσσάρων
942 303 1027 338 κερά-

235 363 296 382 των
306 355 360 382 τοῦ
385 355 604 388 θυσιαστηρίου
620 354 674 382 τοῦ
692 353 810 389 χρυσοῦ
830 351 883 379 τοῦ
897 351 1027 378 ἐνώπιον

234 402 290 429 τοῦ
300 402 384 433 Θεοῦ,
399 402 545 436 λέγοντος
557 401 597 435 τῷ
610 401 686 435 ἕκτῳ
698 401 826 436 ἀγγέλῳ,
843 401 878 433 ὃς
893 398 957 434 εἶχε
968 399 1027 433 τὴν

234 448 404 483 σάλπιγγα·
419 448 523 476 Λῦσον
538 448 610 481 τοὺς
626 447 778 481 τέσσαρας
790 447 940 482 ἀγγέλους
954 446 1026 479 τοὺς

234 494 418 529 δεδεμένους
433 495 481 521 ἐπὶ
497 495 537 527 τῷ
552 494 674 528 ποταμῷ
688 493 728 526 τῷ
737 493 859 529 μεγάλῳ
872 493 1024 529 Εὐφράτῃ.

236 542 291 568 Καὶ
315 542 473 574 ἐλύθησαν
489 542 517 568 ol
534 541 682 575 τέσσαρες
701 540 823 575 ἄγγελοι
849 541 877 567 ol
904 540 1027 574 ἡτοιμα-

236 586 342 620 σμένοι
355 587 398 619 εἰς
408 586 465 620 τὴν
474 585 555 619 ὥραν
562 586 610 613 καί
624 587 667 619 εις
680 586 738 620 τὴν
749 586 874 621 ἡμέραν,
885 585 934 612 καὶ
943 584 1027 620 μῆνα

237 633 286 659 καὶ
305 632 457 664 ἐνιαυτὸν,
489 633 540 659 ἵνα
563 633 765 660 ἀποκτείνωσι
789 632 824 659 τὸ
844 633 946 666 τρίτον
967 631 1027 659 τῶν

236 678 408 711 ἀνθρώπων.
423 677 477 705 Καὶ
492 679 508 704 ὀ
520 678 642 711 ἀριθμὸς
659 677 718 704 τῶν
729 677 962 711 στρατευμάτων
973 677 1027 704 τοῦ

237 723 372 756 ιππιχοῦ,
400 723 456 750 δύο
482 722 625 758 μυριάδες
645 723 814 758 μυριάδων-ι
835 723 884 750 καὶ
907 722 1028 757 ἤκουσα

237 767 292 794 τὸν
301 767 426 803 ἀριθμὸν
440 767 551 795 αὐτῶν.

273 813 310 839 Τὸ
325 812 392 840 οὐαὶ
404 813 548 849 ὲπίῤῥημά
563 813 621 839 ἐστι
635 812 840 848 σχετλιαστικόν
850 820 857 828 °
876 813 975 848 σχέτλη
998 813 1026 840 δὲ

236 861 267 886 τὸ
282 860 379 894 ὀδύνην
405 859 536 895 ὲπιφὲρον
553 859 689 887 καλεῖται.
721 859 855 895 Ἀπῆλθεν
881 859 928 887 οὖν
950 861 981 888 οὐ
997 860 1027 887 τὸ

236 907 390 942 ὲπὶρῤημα.
404 907 465 938 Πῶς
476 907 531 942 γὰρ
541 907 571 934 τὺ
588 907 660 934 κατὰ
669 907 854 943 συμῦεὒηκὺς,
867 907 914 934 καὶ
924 908 953 934 οὖ
965 907 1027 934 καθ’

236 936 386 979 ὑπόστασιν
412 936 546 989 ὑπαρχόν,
569 953 627 980 ἀλλ’
642 936 751 988 ἃμα-τῇ
767 936 874 987 γενέσει
895 953 1028 987 ἀφανιζό-
1043 936 1064 964 Β

239 1007 329 1033 μενον,
348 997 462 1033 πρόοδον
482 999 582 1039 νσχοίης
604 998 675 1025 Ἀλλ’
694 998 808 1025 ἐκείνων
835 998 1027 1034 παρελθόντων

235 1043 291 1069 τῶν
306 1043 445 1078 ὀδυνηρῶν
463 1042 498 1069 δι’
517 1043 535 1070 ἃ
559 1043 607 1069 καὶ
635 1045 666 1070 τὺ
694 1043 815 1070 τοιοῦτον
836 1043 1028 1079 προσφώνημα

236 1090 352 1124 γίνεται,
369 1090 417 1117 καὶ
427 1089 458 1116 τὺ
474 1089 541 1117 οὐαὶ
553 1090 666 1122 εἰκότως
683 1089 780 1126 ἐλέχθη
798 1090 939 1118 ἀπελθεῖν,

273 1175 325 1202 Kal
357 1175 482 1210 ἤκουσα
505 1175 610 1210 φωνὴν
629 1176 705 1211 μίαν
723 1176 757 1204 ἐκ
785 1176 846 1204 τῶν
870 1177 1028 1212 τεσσάρων

237 1222 380 1256 κεράτων.
403 1222 451 1249 Ἐκ
462 1222 518 1249 τῶν
532 1223 676 1257 τεσσάρων
692 1223 817 1258 κεράτων
832 1224 848 1258 ὴ
862 1225 950 1258 φωνὴ,
973 1224 1028 1250 τῶν

237 1267 354 1301 ἑχόντων
371 1266 401 1293 τὸ
417 1267 623 1303 θυσιαστήριον,
639 1267 656 1294 ἃ
675 1267 778 1302 κέρατα
804 1267 854 1300 τὰς
865 1268 1030 1303 περιϐεϐλη-

239 1314 323 1348 μένας
349 1313 425 1345 θείας
446 1314 576 1348 δυνάμεις
595 1314 752 1341 ἀκουστέον.
770 1314 849 1342 Ἤτοι
863 1314 910 1341 τοῦ
932 1314 1027 1341 θυσια-

239 1359 352 1394 στηρίου
376 1359 607 1395 ἀπαρτιζομένου,
627 1361 657 1386 ὲν
675 1357 698 1394 ᾧ
723 1360 757 1386 τὰ
778 1360 888 1395 θύματα
904 1361 974 1396 πυρὶ
990 1362 1029 1396 τῷ

237 1406 297 1441 Θεῷ
322 1405 493 1440 καθήπτετο,
516 1406 690 1441 καθεκάστην
722 1406 825 1440 γωνίαν
854 1407 1029 1443 κερατοειδὴς

237 1451 317 1488 ἐξοχὴ
344 1453 554 1488 συνεστὴρικται
573 1453 723 1486 συνέξουσα
748 1453 798 1485 τὰς
825 1453 931 1489 σχίζας,
948 1452 994 1485 αῖς
1014 1455 1028 1480 ὁ

239 1499 330 1534 βωμὸς
346 1500 536 1534 ἀναπτόμενος
557 1500 615 1532 τοῖς
640 1499 757 1534 θύμασι,
774 1499 806 1526 τὸ
822 1500 1029 1536 καλλιερεῖσθαι

238 1546 382 1580 παρεῖχεν,
407 1545 436 1578 ἐξ
456 1541 486 1571 οὗ
512 1545 560 1571 καὶ
590 1544 630 1580 τῷ
659 1544 714 1571 ἄνω
746 1544 946 1581 θυσιαστηρίῳ,
970 1546 1030 1573 κατ’

237 1591 342 1622 εἰκόνα,
359 1591 391 1617 τὸ
417 1591 494 1617 κάτω
513 1590 559 1617 καὶ
574 1589 627 1616 ὑπὸ
646 1591 768 1622 Μωσέως
794 1591 824 1617 ὲν
847 1590 886 1626 τῷ
907 1592 972 1627 Σινᾷ
991 1591 1030 1618 δι-

239 1635 435 1663 ετάττετο.Διὸ
451 1636 499 1662 καὶ
514 1636 720 1671 δ’χρηματίζων
731 1636 815 1671 αὐτῷ,
830 1646 839 1663 ι
854 1637 939 1673 Ὅρα,
951 1638 1029 1673 φησὶ,

239 1684 363 1719 ποιήσεις
378 1682 469 1710 πάντα
488 1683 560 1709 κατὰ
572 1682 618 1709 τὸν
631 1682 719 1709 τύπον
730 1683 777 1709 τὸν
791 1683 932 1719 δειχθέντα
944 1694 986 1711 σοι
1001 1687 1030 1712 ἐν

238 1728 278 1764 τῷ
289 1728 358 1764 ὄρει.
379 1737 390 1755 ι
403 1728 460 1759 Τὰς
475 1727 572 1762 ἐξοχὰς
594 1727 627 1763 δὴ
646 1727 759 1760 ταύτας.
776 1728 809 1760 ἃς
838 1730 935 1765 νοερὰς
951 1730 1031 1758 δυνά-

241 1783 303 1810 μεις
316 1775 482 1809 εἰρήκαμεν,
507 1775 633 1808 συνέχειν
652 1774 728 1806 εἰκὸς
741 1775 773 1802 τὸ
795 1775 960 1811 ὑπερούσιον
985 1777 1032 1804 καὶ

239 1821 398 1856 ἀνθρωπίνη
412 1820 492 1855 φύσει
504 1820 653 1855 ἀπρόσιτον
676 1821 785 1856 μύημα,
812 1822 860 1848 τοῦ
878 1823 948 1858 μήτε
966 1832 1032 1859 προ-

240 1867 339 1902 χῖίρως
362 1868 419 1898 τοῖς
447 1867 507 1902 μετ’
527 1868 616 1894 ὲκεῖνο
643 1867 694 1903 τὴν
719 1868 802 1903 φύσιν
827 1867 898 1896 εἶναι
916 1870 1030 1904 ληπτὸν,

242 1911 312 1946 μήτε
331 1911 380 1942 τὰς
393 1911 506 1945 λογικὰς
521 1911 617 1944 θυσίας
635 1914 845 1948 προσαγομένας
859 1914 935 1950 αὐτῷ
945 1915 984 1947 ὡς
998 1915 1031 1943 ἂν

241 1956 317 1991 τύχοι
335 1957 571 1992 διαρῤυῑσκεσθαι.
589 1959 768 1994 Τετράγωνον
784 1960 812 1986 δὲ
827 1961 858 1986 τὸ
871 1962 965 1996 σχῆμα
984 1962 1031 1988 τοῦ

242 2004 446 2040 θυσιαστηρίου,
467 2005 658 2040 ίσοσχημάτως
673 2005 713 2040 τῷ
732 2007 919 2042 τετραπτοίχῳ
937 2007 1032 2044 κόσμῳ

240 2048 340 2083 τούτῳ,
354 2048 402 2083 ἀφ’
417 2046 448 2076 οὗ
466 2049 514 2076 καὶ
529 2050 563 2077 ὲκ
578 2050 680 2082 παντὸς
692 2050 775 2078 αὐτοῦ
794 2052 895 2087 μέρους
908 2053 936 2080 al
957 2053 1033 2088 λογι-

242 2095 289 2121 καὶ
316 2094 408 2122 θυσίαι
434 2095 571 2132 καθαραὶ,
592 2096 665 2124 κατὰ
693 2096 739 2124 τὸν
764 2098 919 2134 προφήτην,
946 2108 1032 2135 προσ-

243 2140 368 2175 ἁγονται.

279 2231 383 2258 Λῦσον
409 2230 481 2264 τοὺς
504 2231 655 2265 τέσσαρας
675 2231 833 2267 ἀγγέλους.
862 2233 981 2265 Τούτους
1008 2235 1033 2261 ot

1079 302 1113 328 Et
1130 302 1220 329 audivi
1236 309 1323 328 uocem
1339 309 1420 328 uuam
1444 308 1476 328 ea:
1493 305 1608 336 quatuor
1631 302 1754 329 cornibus
1774 302 1870 330 altaris

1077 349 1162 380 aurei,
1177 347 1246 382 quod
1261 353 1318 374 erat
1339 352 1400 374 ante
1419 346 1513 378 Deum.
1524 347 1652 374 dicentem
1676 353 1750 375 sexto
1775 349 1871 382 angelo

1078 394 1123 428 qui
1144 393 1256 420 habebat
1275 392 1365 419 tubam
1379 400 1388 418 :
1405 391 1483 419 Solve
1508 396 1624 427 quatuor
1649 394 1756 428 angelos
1776 395 1821 428 qui
1836 394 1871 421 li-

1077 440 1134 475 gati
1147 444 1208 467 sunt
1224 448 1303 474 super
1325 440 1424 474 ﬂumen
1438 447 1563 474 magnum
1577 439 1750 475 Euphratem.
1771 440 1805 467 Et
1826 450 1871 468 so-

1078 486 1128 513 luti
1148 490 1208 513 sunt
1226 491 1341 521 quatuor
1361 485 1456 520 angeli,
1472 486 1517 520 qui
1535 486 1623 520 parati
1639 490 1715 513 erant
1734 486 1761 512 in
1777 480 1880 512 horam.

1077 537 1102 559 et
1116 533 1185 559 diem
1209 538 1234 560 et
1255 541 1368 560 mensem
1384 537 1408 560 et
1429 540 1540 562 artuum.
1556 536 1584 558 ut
1600 532 1747 559 occiderent
1767 533 1871 559 tertiam

1077 583 1180 614 partem
1210 578 1355 605 hominum.
1383 577 1417 605 Et
1441 585 1566 605 numerus
1589 578 1717 613 equestris
1740 579 1871 606 exercitus

1077 625 1156 652 vicies
1181 624 1276 652 millies
1301 624 1389 652 decem
1421 624 1508 651 millia
1528 632 1538 652 :
1553 628 1579 651 et
1611 624 1701 651 audivi
1731 631 1872 651 numerum

1077 679 1178 698 eorum.

1119 803 1164 832 Vae
1176 804 1335 832 adverbium
1349 809 1392 832 est
1407 805 1525 832 miseria:
1547 804 1741 838 indicativum,
1760 804 1873 832 miseria

1079 855 1170 877 autem
1199 855 1316 878 vocalur
1340 851 1413 885 quod
1441 850 1520 878 affert
1550 850 1684 878 dolorem.
1720 849 1780 878 Non
1806 857 1875 884 ergo

1080 896 1238 923 adverbium
1256 897 1323 924 abiit
1344 905 1350 924 :
1370 897 1508 931 quomodo
1523 897 1596 924 enim
1622 897 1695 932 quod
1713 896 1875 931 contingen-

1081 948 1121 970 ter
1136 943 1246 976 accidit,
1270 948 1298 970 et
1322 951 1376 970 non
1402 943 1484 970 habet
1507 942 1703 975 substantiam,
1723 941 1772 970 sed
1790 941 1874 969 simul

1079 998 1141 1018 cum
1163 999 1213 1019 suo
1241 996 1303 1018 ortu
1332 991 1530 1025 corrumpitur,
1563 998 1739 1026 progressum
1770 990 1874 1017 habere

1079 1037 1190 1072 posset?
1206 1037 1258 1065 Sed
1272 1037 1480 1065 transeuntibus
1493 1037 1547 1064 illis
1559 1045 1620 1071 qua:
1632 1036 1727 1063 dolore
1741 1035 1873 1065 aﬂiciunt.

1079 1088 1189 1119 propter
1203 1091 1264 1119 qua;
1278 1084 1341 1111 data
1356 1087 1398 1110 est
1419 1083 1577 1118 hujusmodi
1594 1082 1754 1118 appellatio,
1773 1081 1874 1109 merito

1079 1138 1189 1165 quoque
1203 1138 1240 1157 vre
1254 1130 1359 1157 dictum
1376 1134 1419 1157 est
1433 1129 1577 1157 transisse.

1116 1176 1150 1203 Et
1165 1177 1254 1203 audivi
1270 1184 1356 1203 vocem
1372 1184 1453 1202 unam
1477 1176 1509 1202 de
1524 1179 1640 1210 quatuor
1653 1174 1789 1202 cornibus.
1805 1174 1875 1202 Pro-

1079 1221 1194 1250 cedebat
1219 1230 1268 1249 vox
1291 1222 1325 1250 de
1355 1226 1475 1256 quatuor
1499 1221 1631 1249 cornibus
1647 1229 1709 1256 qum
1735 1220 1875 1248 habebant

1079 1268 1165 1295 altare
1181 1276 1187 1293 :
1201 1276 1262 1303 qua:
1283 1275 1386 1296 cornua
1413 1267 1588 1302 intelligenda
1606 1271 1672 1295 sunt
1697 1274 1759 1294 esse
1775 1266 1875 1294 divinae

1080 1314 1195 1341 virtutes
1207 1314 1340 1348 stipantes
1355 1322 1362 1340 :
1378 1318 1426 1341 aut
1442 1314 1515 1349 quod
1537 1313 1656 1348 perfecto
1671 1313 1752 1340 altari
1767 1313 1794 1340 in
1820 1320 1876 1348 quo

1080 1360 1195 1388 victimae
1219 1359 1274 1387 Deo
1297 1360 1360 1395 igne.
1384 1360 1617 1392 accendebantur,
1635 1359 1669 1386 ad
1683 1359 1807 1394 singulos
1831 1367 1878 1385 au-

1081 1406 1159 1441 gulos
1189 1414 1251 1442 pars
1273 1406 1399 1433 eminens
1421 1406 1449 1432 in
1474 1405 1593 1440 speciem
1617 1412 1703 1432 comu
1726 1405 1875 1431 constituta

1080 1456 1157 1484 erat,
1182 1460 1243 1487 qua:
1267 1452 1384 1480 ﬁssuras
1409 1452 1580 1484 contineret,
1610 1450 1713 1486 quibus
1743 1450 1878 1485 praeberet

1081 1499 1166 1526 altare
1191 1502 1220 1526 ut
1242 1497 1368 1526 accensis
1385 1497 1508 1525 victimis
1539 1504 1623 1532 super
1649 1496 1716 1523 illud
1740 1495 1876 1523 litaretur.

1082 1543 1159 1571 Unde
1176 1544 1260 1580 Moysi
1271 1551 1383 1580 quaque
1397 1548 1562 1579 praeceptum
1579 1543 1632 1570 fuit
1645 1542 1672 1569 in
1689 1546 1782 1569 monte
1797 1541 1875 1573 Sina,

1043 1604 1066 1636 ρ
1081 1594 1112 1618 ut
1128 1589 1243 1618 inferius
1258 1589 1362 1617 laceret
1382 1590 1416 1616 ad
1440 1588 1649 1617 similitudinem
1668 1587 1821 1622 superioris
1836 1587 1878 1615 al-

1086 1636 1162 1667 taris.
1184 1636 1231 1663 Ait
1253 1637 1326 1663 enim
1343 1636 1391 1671 qui
1406 1635 1457 1671 ipsi
1471 1635 1556 1663 dabat
1571 1634 1682 1663 oracula
1700 1643 1708 1661 ;
1727 1643 1737 1661 ι
1758 1634 1826 1662 Vide
1848 1637 1878 1661 ut

1085 1682 1177 1710 omnia
1196 1682 1280 1710 iacias
1300 1682 1377 1717 juxta
1396 1686 1489 1718 typum
1510 1681 1556 1717 qui
1573 1682 1621 1710 tibi
1643 1686 1815 1709 monstratus
1834 1684 1877 1708 est

1085 1729 1112 1756 in
1129 1734 1220 1756 monte
1231 1729 1265 1756 ⁸ο.
1285 1739 1295 1756 ι
1314 1728 1369 1756 llas
1394 1736 1460 1756 sane
1477 1729 1629 1762 eminentes
1647 1732 1737 1762 partes
1753 1735 1822 1762 quas
1837 1727 1878 1753 in~

1086 1774 1251 1802 telleetualcs
1269 1775 1383 1801 virtutes
1395 1781 1457 1801 esse
1471 1773 1603 1806 diximus.
1624 1773 1704 1808 731
1725 1772 1877 1800 verisimile

1085 1825 1128 1848 est
1139 1820 1280 1847 continere
1304 1819 1597 1855 supersubstantialem
1625 1826 1651 1847 et
1682 1819 1808 1846 humana:
1826 1826 1877 1845 na-

1086 1872 1154 1894 turre
1174 1867 1344 1894 inaccessum
1361 1866 1521 1902 mysterium
1541 1866 1603 1893 :sic
1625 1870 1656 1892 ut
1681 1873 1771 1900 neque
1798 1864 1878 1892 facile

1085 1912 1121 1940 sit
1132 1913 1207 1948 juxta
1225 1917 1351 1940 naturam
1366 1911 1614 1947 comprehensibile
1628 1912 1662 1939 ab
1687 1912 1729 1939 his
1748 1911 1795 1946 qui
1811 1911 1877 1939 illud

1085 1961 1249 1992 sequuntur,
1263 1964 1352 1991 neque
1367 1956 1515 1983 rationales
1528 1956 1634 1983 hostias
1649 1956 1676 1982 in
1690 1956 1749 1990 ipso
1767 1956 1876 1983 oblatas

1087 2007 1189 2029 temere
1200 2001 1331 2029 dillluerc.
1349 2001 1398 2028 Est
1413 2008 1504 2028 autem
1522 2001 1617 2028 altaris
1632 2002 1718 2036 ligura
1735 2002 1877 2036 quadran-

1086 2047 1206 2082 gularis.
1225 2047 1324 2082 mquali
1351 2047 1436 2082 ﬁgura
1465 2054 1528 2073 eum
1548 2047 1601 2074 hoc
1628 2047 1731 2074 mundo
1757 2051 1878 2082 quatuor

1086 2093 1197 2120 ordines
1213 2093 1341 2120 habente.
1360 2091 1438 2121 Unde
1452 2092 1534 2120 etiam
1559 2100 1591 2119 ex
1611 2092 1688 2120 omni
1702 2092 1787 2127 ipsius
1800 2097 1878 2126 parte

1087 2139 1234 2167 rationales
1270 2139 1367 2166 hostia:
1398 2146 1473 2174 pura:
1503 2138 1581 2174 juxta
1615 2139 1778 2174 prophetam
1809 2137 1877 2166 olfe-

1086 2190 1196 2212 runtur.

1124 2231 1200 2259 Salva
1223 2237 1335 2266 quatuor
1357 2231 1474 2266 angelos.
1493 2231 1548 2259 llos
1572 2231 1684 2266 angelos
1713 2238 1796 2266 super
1818 2239 1878 2258 ma-

246 2277 297 2312 μὲν
311 2276 400 2308 θείους
415 2277 569 2312 παρέθεντο
590 2277 631 2313 τῷ
656 2278 773 2314 ποταμῷ
786 2279 825 2314 τῷ
843 2280 954 2316 μεγάλῳ
980 2281 1032 2308 Εὑ-

1085 2286 1168 2314 gnum
1184 2277 1285 2305 ﬂumen
1301 2278 1428 2313 alligatos
1445 2277 1555 2313 quidam
1570 2277 1679 2305 divinos
1692 2284 1755 2305 esse
1770 2277 1876 2310 dicunt,

245 2324 334 2359 φράτῃ
363 2323 533 2358 δεδεμένους,
555 2324 637 2351 οἱονεὶ
657 2325 913 2362 προσλιπαροῦντας
936 2328 983 2354 καὶ
998 2329 1032 2364 τῇ

245 2370 310 2404 περὶ
341 2369 422 2395 αὑτὸν
452 2369 704 2404 ἑνοσχολουμὲνους
730 2370 778 2397 καὶ
801 2371 1033 2407 εὐφραινομένους

245 2415 327 2449 νοητῇ
349 2414 469 2449 θεωρίᾳ·
491 2412 561 2441 εἶναι
592 2415 648 2450 γὰρ
682 2415 778 2442 τοῦτον
798 2417 881 2444 Θεόνο
905 2418 970 2454 περὶ
1002 2416 1034 2446 οὗ

251 2460 366 2492 Ἡσαΐας
380 2461 431 2496 μὲν
450 2460 550 2495 φάσκει
563 2460 602 2493 ὡς
618 2461 648 2494 ἐξ
659 2461 744 2488 αὑτοῦ
756 2462 804 2489 τοῦ
820 2463 889 2490 Θεοῦ
903 2472 911 2481 ·
933 2474 942 2491 ι
965 2466 1034 2493 Ἰδοὺ

246 2505 302 2539 ἐγὼ
316 2506 434 2532 ὲκκλίνω
460 2507 502 2538 εἰς
516 2507 616 2538 αὐτοὺς
633 2507 671 2539 ὡς
697 2508 821 2542 ποταμὸς
840 2509 964 2546 εἰρήνης,
986 2511 1035 2538 καὶ

245 2551 283 2582 ὡς
296 2551 466 2587 χειμάρρους
474 2551 630 2583 ἐπικλύζων
637 2551 717 2584 δόξαν
727 2552 813 2580 ἐθνῶν
827 2561 833 2568 ·
853 2563 862 2579 ι
880 2555 928 2580 καὶ
939 2555 1033 2588 Δαυῖδ,

250 2607 260 2623 ε
278 2597 332 2624 Τοῦ
349 2599 470 2633 ιωταμοῦ
483 2599 517 2625 τὰ
530 2599 683 2634 ὁρμήματα
695 2599 875 2634 εὐφραίνουσι
893 2601 944 2635 τὴν
956 2602 1034 2628 πόλιν

246 2643 294 2670 τοῦ
313 2643 393 2671 Θεοῦ.
415 2653 424 2670 ι
448 2643 525 2671 Εἶναι
551 2645 580 2671 δὲ
602 2645 666 2677 τοὺς
682 2645 820 2680 τέσσαρας
842 2647 977 2680 ἀγγέλους
990 2648 1036 2674 τὸν

247 2690 325 2725 παρὰ
337 2689 383 2716 τὸν
397 2689 509 2725 Δανιὴλ,
526 2690 649 2725 Μιχαὴλ,
662 2690 784 2726 Γαὸριὴλ
799 2692 876 2726 παρὰ
899 2691 937 2726 τῷ
960 2692 1037 2719 Ματ-

248 2735 327 2771 θαίῳ,
349 2734 473 2770 Ῥαφαὴλ
481 2735 558 2771 παρὰ
567 2735 606 2770 τῷ
620 2735 795 2771 Μαρδοχαίῳ,
807 2737 854 2762 καὶ
866 2737 912 2763 τὸν
921 2737 957 2763 Οὐ
963 2737 1036 2772 ριήλ.

254 2781 437 2816 ’Δπολυθῆναι
453 2781 481 2808 δὲ
506 2782 605 2813 αὐτοὺς
621 2781 674 2816 τῆς
698 2781 830 2817 τοιαύτης
855 2782 932 2814 θείας
953 2784 1036 2818 ἀσχο-

247 2827 308 2860 λίας
338 2828 378 2859 εις
404 2827 455 2854 οὐκ
484 2827 644 2864 ἀπᾴδουσαν
669 2827 842 2863 λειτουργίαν
867 2828 917 2864 τῆς
934 2837 965 2856 τε
989 2829 1036 2856 τοῦ

1085 2329 1215 2358 tanquam
1231 2323 1341 2351 assidue
1361 2324 1396 2351 ibi
1411 2324 1550 2359 degentes,
1569 2328 1595 2351 et
1611 2323 1748 2359 spirituali
1759 2328 1880 2351 contem-

1085 2370 1206 2406 platioue
1230 2369 1303 2397 circa
1331 2370 1396 2398 illud
1412 2374 1563 2405 occupatos
1575 2374 1602 2397 et
1619 2369 1771 2397 delectatos
1794 2378 1800 2397 :
1815 2377 1878 2396 nam

1085 2417 1152 2444 illud
1169 2417 1253 2444 Deum
1268 2424 1329 2444 esse
1341 2416 1438 2444 dicunt
1455 2425 1461 2444 :
1475 2417 1508 2443 de
1521 2424 1577 2451 quo
1588 2416 1673 2444 lsaias
1687 2416 1798 2452 quidem
1812 2415 1878 2443 dicit

1086 2468 1215 2498 tanquam
1226 2470 1258 2490 ex
1272 2471 1388 2498 persona
1404 2463 1491 2498 ipsius
1506 2462 1553 2490 Dei
1571 2471 1577 2488 ε
1593 2471 1603 2488 ι
1625 2462 1694 2490 Ecce
1706 2469 1757 2497 ego
1770 2461 1878 2488 declino

1086 2510 1120 2537 ad
1134 2510 1209 2545 ipsos
1223 2514 1352 2544 tanquam
1364 2509 1465 2537 ﬂuvius
1482 2509 1568 2544 pacis.
1583 2513 1610 2536 et
1624 2513 1754 2542 tanquam
1770 2511 1878 2534 torrens

1087 2555 1224 2582 inundans
1239 2555 1354 2590 gloriam
1374 2555 1497 2590 gentium
1507 2555 1529 2570 '”
1550 2564 1560 2581 ι
1576 2558 1602 2582 et
1622 2553 1725 2581 David:
1744 2562 1754 2578 ι
1773 2551 1878 2579 Flumi-

1088 2601 1131 2628 nis
1153 2601 1271 2635 impctus
1298 2601 1437 2629 laetilicant
1459 2601 1597 2629 civitatem
1626 2599 1672 2627 Dei
1688 2600 1722 2627 ⁸¹.
1747 2608 1756 2624 ι
1779 2598 1878 2624 Dicunt

1088 2651 1178 2674 autem
1194 2647 1243 2674 hos
1260 2653 1377 2682 quatuor
1392 2648 1503 2683 angelos
1514 2655 1576 2675 esse
1589 2647 1761 2677 Michaelem,
1776 2644 1811 2672 de
1824 2653 1879 2678 (ιιιυ

1089 2692 1160 2727 apud
1178 2691 1314 2720 Dauielcm
1326 2715 1334 2727 ,
1363 2693 1518 2722 Gabriclem
1535 2693 1607 2728 apud
1632 2692 1800 2724 Mattbaaum,
1817 2689 1879 2718 Ra-

1089 2738 1210 2773 phaelem
1224 2739 1294 2774 apud
1312 2739 1524 2771 Mardochaaum,
1538 2744 1564 2767 et
1575 2738 1690 2766 Urielem
1705 2747 1711 2765 :
1727 2738 1801 2772 ipsos
1816 2744 1880 2764 velo

1090 2784 1195 2812 solutos
1217 2792 1279 2812 esse
1306 2786 1341 2813 ab
1366 2786 1523 2822 huiusmodi
1539 2785 1629 2813 divina
1648 2783 1828 2819 occupatione
1844 2783 1878 2809 ad

1092 2838 1146 2857 non
1164 2830 1300 2866 ingratum
1317 2832 1511 2865 ministerium,
1529 2836 1586 2859 tum
1606 2830 1768 2859 redditionis
1781 2829 1879 2858 divina:

284 2917 307 2932 '°
325 2915 412 2944 Exod.
430 2923 493 2950 xxv,
510 2916 555 2945 40.
593 2917 616 2933 δι
634 2916 686 2944 lsa.
705 2925 779 2950 vat,
791 2917 843 2945 '12.
881 2920 903 2935 δ’
921 2919 993 2948 Psal.
1015 2927 1058 2953 LV,
1075 2920 1101 2948 ὃ.
