2095 3160
198 203 251 236 ὃῗὶδ

728 206 922 237 COMMENT.
948 207 987 238 ΙΝ
1010 209 1232 241 APOCALYPSI
1239 210 1276 243 N.

1770 213 1824 246 634

198 259 290 293 διοίσει
311 258 350 294 τῷ
367 258 405 295 μὴ
422 258 558 293 φιλαύτως
584 259 623 294 τῷ
645 260 764 296 ὁράματι
782 263 980 298 προσκειμὼῳ.

1035 271 1067 291 ea
1082 272 1144 299 qua:
1158 266 1235 293 nobis
1250 267 1410 301 proponitur
1422 267 1536 300 visione,
1551 269 1621 302 apud
1637 276 1698 296 eum
1715 269 1760 302 qui
1777 270 1819 296 sui

200 305 338 339 Κεφαλαῖς
354 305 382 331 δὲ
399 305 514 331 λεόντων
532 306 742 342 ἀπεικάσοησαν
764 308 804 339 εἰς
818 308 927 343 δεῖγμα,
942 309 982 335 ὅτι

198 350 308 382 τούτους
322 350 385 381 τοὺς
395 350 624 385 διακονουμένους
636 352 692 384 τοῖς
709 352 792 385 θείοις
813 354 863 380 οὐκ
886 350 985 381 ἀναθε-

199 395 339 430 6λημένως
351 395 400 430 τὴν
417 395 588 431 λειτουργίαν
598 397 651 432 χρὴ
673 399 806 432 μετιέναι.
824 409 832 425 ι
850 400 908 426 Ζῶν
929 400 984 435 γὰρ

198 444 211 469 ὁ
225 443 304 476 λόγος
315 442 361 469 τοῦ
377 441 445 469 Θεοῦ
460 443 508 469 καὶ
525 443 615 478 πάσης
630 443 788 480 τομώτερος
806 445 954 480 μαχαίρας.
973 455 982 471 ι

198 489 299 522 Διόπερ
325 488 363 519 ὡς
386 488 590 523 ἑκατοντάρχης
615 489 645 514 τὸ
664 489 813 524 κεφάλαιον
838 491 984 524 ἐμφανίζει

198 535 247 570 τὴν
264 535 452 568 ἀγανάκτησιν
470 534 540 568 μετὰ
564 535 714 562 λεοντιαίου
738 536 930 571 σφοδρότητος,
947 536 985 568 ὡς

196 581 247 608 οὐκ
266 581 299 607 ἆν
315 580 442 615 ἄ).λως,ἢ
458 579 545 612 οὕτως
562 581 633 613 ἕξειν
645 581 690 607 τὸν
707 582 845 618 ἀκροατὴν
865 583 904 614 τίς
921 591 986 616 συγ-

198 626 345 652 κατάθεσιν
370 626 542 661 ἔμπρακτον.
566 627 623 653 Οὐκ
645 626 760 661 ἄμοιρος
777 627 806 653 δὲ
832 628 913 662 τῆσδε
938 628 986 654 καὶ

200 671 303 702 Παῦλος
316 671 367 705 τῆς
384 671 534 706 περινοίας,
562 672 642 699 ὁπότε
667 673 824 708 Κορινθίοις
844 673 894 707 τὴν
917 673 986 708 μετὰ

199 717 296 752 ῥάϐδου
312 717 403 748 αὐτοῖς
419 717 567 752 ὲπιδημίαν
582 718 679 744 ἑαυτοῦ
693 718 810 746 ἀπειλεῖ.
827 718 914 745 Τοῦτο
936 719 986 753 μὲν

195 762 244 791 οὖν
261 763 289 790 αἱ
305 763 423 798 κεφαλαὶ
439 763 637 792 ὑπαινίττοντο.
655 765 696 791 Τὰ
709 765 831 799 στόματα
844 764 873 791 δὲ
890 764 920 791 τὸ
932 764 986 791 ἀπὺ

198 809 247 844 τῆς
261 809 410 843 ἐγγύτητος
428 809 550 844 ὀλέθριον
561 807 665 844 ἆσθμα,
688 810 719 837 οὗ
740 811 882 847 πόρρωθεν
896 812 986 847 διορά-

198 863 267 887 σεως
283 854 460 889 ἐλπιζόμενον
471 876 478 887 ,
494 855 552 881 ἀλλ’
574 856 718 891 ἀγχοτάτω
741 859 774 893 τῇ
801 858 986 893 προσπελάσει

198 900 227 925 τὸ
259 899 466 935 ἀναπόδραστον
495 901 719 936 ὲμπεδούμενον,
750 903 838 938 πυρὸς
874 903 924 938 μὲν
955 904 986 930 τδ

198 944 386 977 ἀφανιστικὸν,
421 945 525 972 καπνοῦ
546 946 576 972 τὸ
603 946 662 981 μετ’
681 947 766 982 ὀργῆς
792 948 906 983 (Ἀνέϐη
931 950 985 985 γὰρ

197 990 313 1022 καπνὸς
328 990 363 1016 ὲν
376 990 450 1024 ὀργῇ
467 991 585 1025 αὑτοῦ),
604 991 677 1018 θείου
687 993 715 1019 δὲ
730 993 761 1020 τὸ
776 994 831 1022 ἀπὸ
846 995 921 1027 θείας
935 997 985 1031 μή·

196 1034 268 1066 νιδος
285 1035 474 1069 ἐμφαίνοντος,
501 1037 518 1071 ἢ
541 1038 588 1064 καὶ
615 1039 645 1064 τὸ
669 1039 825 1074 θεαρέστως
846 1044 902 1073 τοῖς
919 1042 985 1070 ἀκο-

196 1081 306 1112 λάστοις
333 1081 515 1116 ἐπενεχθῆναι
533 1082 629 1111 ταῦτα.
651 1084 712 1111 ’Ὁτι
739 1085 767 1111 δὲ
790 1086 908 1121 ὀχήματι
929 1088 984 1114 τῶν

197 1126 293 1153 ἑαυτοῦ
314 1128 457 1162 χριμάτων
473 1128 518 1154 καὶ
538 1130 698 1164 μυστηρίων
717 1131 796 1158 εἴωθε
818 1133 937 1167 χρῆσθαι
954 1135 984 1161 τὺ

196 1172 272 1198 Θείον
281 1173 336 1203 τοῖς
355 1173 506 1206 ἐσαγγέλως
521 1173 636 1208 βιοῦσιν,
651 1175 752 1208 ἱκανῶς
770 1177 799 1203 τὸ
813 1179 880 1212 παρ’
901 1180 984 1206 αὑτοῦ

197 1218 265 1261 πρὸς
277 1218 402 1245 ’Δνανίαν
412 1221 599 1255 χρηματισθὲν
611 1223 674 1256 περὶ
683 1223 790 1250 Παύλου
801 1227 983 1261 παραστήσει,

195 1264 228 1289 δι’
243 1260 280 1290 ὧν
295 1272 362 1297 φησι
379 1263 484 1290 Παῦλον
499 1264 596 1296 σκεῦος
609 1265 724 1300 ἐκλογῆς
739 1265 819 1299 εἶναι,
832 1269 983 1303 ἀκαμάτως

197 1308 340 1344 βαστάζειν
367 1309 463 1344 ἔχοντα
491 1310 526 1337 τὰ
545 1310 685 1347 θεοπρεπῆ
704 1312 840 1347 δόγματα,
857 1314 928 1348 ἅπερ
940 1315 985 1341 διέι

195 1355 242 1381 τοῦ
269 1355 401 1390 ὀνόματος
428 1356 633 1392 παρεδήλωσεν,
657 1359 767 1385 ἐπειδὰν
791 1359 864 1395 ἔφη’
891 1370 900 1386 ι
929 1359 983 1386 Τοῦ

197 1401 330 1434 βαστάσαι
346 1401 376 1427 τὸ
387 1401 473 1435 ὄνομά
492 1410 542 1436 μου
555 1410 562 1417 ”
581 1412 590 1428 ι
609 1402 695 1437 δνομα
710 1404 771 1430 ἀντὶ
781 1404 828 1431 τοῦ
842 1405 890 1440 τὴν
905 1406 984 1438 δόξαν

196 1446 280 1472 εἰπὼν
306 1447 352 1472 καὶ
368 1447 577 1481 μεγαλειότητα,
603 1448 651 1474 καὶ
670 1449 723 1475 πᾶν
748 1449 780 1475 τὸ
797 1449 868 1484 ὑπὲρ
891 1449 983 1484 λόγον,

196 1491 279 1526 ἤγουν
292 1492 468 1526 κατανόησιν,
481 1492 511 1518 οὐ
530 1492 612 1527 μόνον
629 1493 740 1529 θνητὴν,
754 1494 823 1521 ἀλλὰ
840 1496 887 1522 καὶ
901 1496 983 1530 ἀγγε-

196 1537 284 1572 λικήν.

237 1627 272 1655 Ἣ
298 1627 353 1662 γὰρ
375 1628 503 1660 ἐξουσία
531 1629 591 1657 τῶν
612 1630 714 1657 ἵππων
749 1629 783 1657 ἐν
802 1628 842 1663 τῷ
861 1630 985 1666 στόματι

195 1673 296 1701 αὐτῶν
310 1675 386 1702 ἐστι.
402 1675 435 1702 Τί
449 1676 546 1709 τοῦτο;
562 1677 593 1703 τὸ
618 1678 668 1711 τὴν
688 1676 813 1709 ἐξουσίαν
829 1678 984 1704 ἀνατιθέναι

195 1719 235 1753 τῷ
249 1720 380 1754 στόματι,
401 1721 447 1747 καὶ
463 1722 545 1747 οἱονεὶ
565 1723 615 1756 τὴν
636 1722 724 1749 αἰτίαν
742 1722 789 1749 τοῦ
816 1723 984 1750 ἀπεστάλθαι

196 1765 258 1796 τοὺς
273 1765 391 1797 ἴππους;
407 1765 424 1801 ἦ
437 1765 467 1792 τὸ
481 1766 535 1792 ἀπὸ
549 1766 602 1793 τῶν
624 1768 766 1801 στομάτων
783 1767 873 1795 αὐτῶν
887 1768 985 1803 ἐμφαί-

195 1818 236 1836 νει
248 1810 374 1846 ἆπειλάς,
390 1812 579 1845 ἐκφοϐούντων
591 1812 752 1848 ἀνθρώπους
771 1814 818 1840 τοῦ
833 1813 984 1848 ἀπέχεσθαι

195 1854 249 1880 τῶν
270 1855 396 1890 πονηρῶν
424 1857 660 1892 ἐπιτηδευμάτων,
678 1858 724 1885 τοῦ
742 1858 779 1894 μὴ
803 1861 862 1890 ταῖς
889 1858 983 1894 οὐραῖς

194 1902 284 1928 αὐτῶν
301 1903 462 1939 ἐκδοθῆναι;
485 1904 531 1936 Εἰς
556 1905 641 1940 οὐρὰς
665 1906 719 1941 γὰρ
736 1906 770 1934 τὰ
783 1907 847 1942 τέλη
872 1907 918 1934 καὶ
932 1907 982 1943 τὴν

196 1947 309 1976 ἔκϐασιν
331 1950 386 1976 τῶν
400 1951 595 1986 ἀπολλυμένων
612 1952 762 1986 διατυπὼν,
777 1954 825 1980 καὶ
842 1953 874 1990 δή
889 1963 920 1988 γε
935 1955 984 1981 καὶ

196 1994 281 2029 αὐτὴν
305 1994 355 2030 τὴν
382 1995 496 2022 ἔκϐασιν
524 1997 692 2034 διαμορφῶν,
718 1998 812 2032 ὄφεσιν
838 1999 984 2032 ἀπεικάζει

196 2041 293 2074 ὁμοίας
308 2040 401 2076 ἔχουσι
422 2042 553 2076 κεφαλὰς,
571 2043 601 2075 ἐξ
617 2043 701 2078 αὐτῆς
716 2043 816 2079 δηλαδὴ
827 2044 876 2079 τῆς
888 2045 983 2078 ἐφόδου

195 2084 226 2111 τὸ
237 2085 358 2121 ὀλέθριον
374 2087 578 2122 ὲμφανιζούσας
598 2088 645 2115 καὶ
662 2089 874 2123 ἀναποδραστον,
892 2090 939 2117 καὶ
953 2090 985 2116 τὸ

195 2131 328 2166 ἀμελλητὶ
352 2132 403 2167 τὴν
427 2133 548 2160 κάκωσιν
583 2134 735 2170 ἐπιφέρειν,
761 2135 811 2162 οὐκ
835 2135 918 2171 οὔσης
943 2137 983 2162 ἔτι

195 2178 337 2212 περ.νοίας
351 2179 401 2214 τὴν
415 2179 537 2206 κάκωσιν
552 2180 762 2216 διαδιδράσκειν.

230 2225 284 2251 Kal
299 2226 325 2252 οι
344 2225 442 2252 λοιποὶ
455 2225 515 2252 τῶν
537 2226 701 2260 ἀνθρώπων
716 2226 744 2253 οἳ
760 2227 815 2253 οὐκ
833 2226 983 2254 (insudar-

155 2264 158 2267 ’
194 2271 294 2302 θησαν
309 2270 344 2296 ἐν
360 2269 424 2302 ταῖς
444 2270 574 2305 πληγαῖς
587 2271 724 2304 ταύταις,
744 2272 780 2298 οὐ
791 2272 981 2306 μετενόησαν

193 2317 227 2342 ἐκ
239 2316 297 2342 τῶν
312 2316 405 2350 ἔργων
417 2316 476 2343 τῶν
489 2316 596 2351 χειρῶν
611 2317 720 2348 αὐτῶν.
733 2318 783 2344 ἶνα
794 2317 837 2352 μὴ
851 2325 982 2352 προσκυι

194 2362 312 2395 νήσωσι
328 2362 364 2389 τὰ
384 2362 531 2396 δαιμόνια,
560 2363 609 2390 καὶ
638 2363 673 2390 τὰ
686 2363 796 2390 εἴδωλα
820 2364 856 2391 τὰ
881 2363 982 2398 χρυσᾶ

194 2407 244 2433 καὶ
258 2407 295 2433 τὰ
318 2406 431 2441 ἀργιφᾶ
445 2407 494 2434 καὶ
517 2407 553 2435 τὰ
572 2409 674 2435 λίθινα
700 2409 748 2435 καὶ
769 2409 805 2435 τὰ
829 2409 947 2441 ξύλινα.
962 2408 982 2436 d

193 2452 262 2479 οὔτε
273 2452 402 2484 βλέπειν
427 2453 562 2485 δύναται,
578 2454 647 2480 οὔτε
663 2455 797 2486 ἀκούειν,
812 2455 882 2482 οὔτε
899 2462 982 2488 περι-

195 2497 301 2523 πατεῖν
311 2505 318 2512 ·
331 2497 379 2524 καὶ
394 2499 429 2524 οὺ
437 2499 627 2532 μετενόησαν
640 2499 674 2525 ἐκ
684 2498 743 2525 τῶν
756 2500 858 2534 φόνων
870 2500 979 2532 αὐτῶν,

193 2542 263 2568 οὔτε
279 2542 313 2568 ἐκ
332 2541 390 2568 τῶν
401 2543 565 2576 φαρμάκων
578 2543 689 2577 αὐτῶν,
702 2545 772 2571 οὔτε
786 2545 819 2572 ἐκ
835 2545 889 2580 τῆς
909 2554 981 2579 πορ-

194 2587 276 2620 νείας
294 2586 405 2618 αὐτῶν,
417 2588 486 2614 οὔτε
500 2588 535 2614 ἐκ
547 2588 607 2615 τῶν
617 2589 794 2624 κλεμμάτων
808 2590 917 2618 αὐτῶν.

233 2631 402 2667 Ὗπερΰολὴν
420 2633 600 2668 ἀναισθησίας
612 2636 625 2660 ὁ
640 2634 718 2668 λόγος
739 2636 879 2671 σημαίνει,
898 2637 982 2671 ἤγουν

194 2676 360 2711 ἀναλγησίας
377 2677 424 2703 καὶ
441 2677 600 2710 ἀκολασίας,
616 2678 662 2704 τὸν
684 2679 732 2712 τῆς
758 2679 802 2705 ἐπ’
816 2680 913 2711 αὐτοὺς
936 2680 981 2706 διὰ

195 2721 401 2757 φιλανθρωπίαν
416 2722 524 2757 φειδοῦς
540 2723 608 2754 τέως
619 2723 832 2759 ὑπερτιθέμενον
844 2725 980 2760 σωτηρίας

195 2769 290 2803 καιρὸν
305 2769 345 2800 εἰς
375 2769 464 2803 μάτην
489 2769 705 2801 ἀναλωσάντων,
734 2770 782 2797 καὶ
807 2771 847 2802 εἰς
873 2771 904 2798 τὸ
930 2771 979 2806 τὴν

194 2814 255 2840 κατ’
270 2814 349 2846 ἀξίαν
366 2815 415 2849 τῆς
441 2814 579 2850 ῥᾳθυμίας
595 2815 685 2841 αὐτῶν
709 2815 887 2842 ἀνταπόδοσιν
906 2816 976 2843 ἀπο-

226 2892 252 2909 ”
267 2892 348 2920 Hebr.
366 2901 404 2926 tv,
426 2893 467 2921 I2.
506 2893 529 2910 ”
546 2894 607 2922 Act.
636 2902 674 2926 Ix,
694 2895 736 2922 l5.

1038 317 1091 336 non
1108 315 1149 337 est
1160 316 1275 338 amator.
1289 311 1430 346 Capitibus
1440 317 1530 340 autem
1548 313 1655 340 leonum
1671 313 1820 341 assimilata

1036 359 1112 386 sunt.
1132 356 1165 383 ad
1181 357 1391 390 ostendendum,
1408 358 1481 393 quod
1495 366 1543 386 eos
1560 359 1607 393 qui
1621 359 1722 387 divinis
1738 359 1822 387 rebus

1037 402 1205 434 inserviunt,
1237 410 1291 430 non
1319 406 1433 438 oportet
1451 405 1485 432 ad
1505 404 1688 432 ministerium
1716 404 1822 438 deiecto

1037 448 1129 476 animo
1151 448 1293 476 accedere.
1322 459 1331 475 ι
1353 449 1435 477 Vivus
1453 456 1495 477 est
1515 451 1587 478 enim
1612 458 1702 478 sermo
1717 449 1775 482 Dei,
1795 454 1823 476 et

1037 494 1133 528 quovis
1147 495 1237 528 gladio
1256 495 1342 530 magis
1355 504 1452 524 secans
1463 496 1496 523 ".
1511 506 1520 522 ι
1533 496 1596 523 Ideo
1608 501 1736 530 tauquam
1756 503 1823 524 cen-

1037 540 1109 566 turio
1124 545 1204 574 raput
1220 541 1387 573 manifestat,
1409 549 1507 577 nempe
1529 542 1742 576 indignationem
1759 549 1821 569 cum

1035 585 1208 612 vehementia
1239 586 1345 613 leonina
1363 596 1370 613 :
1386 587 1465 621 quasi
1492 595 1545 614 non
1577 588 1631 614 alio
1657 595 1737 621 quam
1770 587 1823 625 [me

1037 630 1119 657 modo
1139 630 1282 658 habiturus
1294 632 1330 658 sit
1343 632 1494 659 auditorem
1510 637 1664 667 promptum
1676 633 1708 660 ad
1726 640 1823 660 assen-

1038 675 1170 702 tiendum.
1185 673 1280 710 Neque
1297 676 1331 703 ab
1355 676 1406 704 hac
1432 677 1606 711 intelligentia
1624 677 1739 704 dissidet
1753 677 1822 704 Pau-

1036 719 1090 751 lus,
1105 720 1216 754 quando
1228 720 1377 748 Corinthiis
1394 722 1513 748 minatur
1530 729 1559 749 se
1574 730 1635 749 cum
1651 722 1732 757 733
1748 722 1822 756 virga

1036 765 1069 792 ad
1085 767 1159 800 ipsos
1176 771 1333 794 venturum.
1350 766 1406 794 ΙΙοσ
1429 767 1521 802 itaque
1544 768 1703 802 designabat
1723 768 1822 802 capita.

1036 810 1090 838 Ora
1115 819 1180 838 vero
1206 812 1388 846 perniciosam
1415 813 1579 839 anxietatem
1607 821 1622 839 e
1646 812 1783 847 proximo,
1797 816 1826 838 rt

1037 861 1090 880 non
1115 854 1209 888 procul
1232 862 1247 881 ιι
1266 855 1372 882 visione
1398 860 1599 890 exspectatam,
1623 860 1649 884 et
1669 856 1824 883 inevitabile

1039 899 1175 926 vinculum
1188 900 1417 935 propiuquissimc
1428 901 1547 928 vicinum
1560 911 1567 929 :
1584 907 1614 929 ut
1627 902 1698 936 ignis
1711 902 1821 937 quidem

1002 943 1022 970 Β
1038 945 1062 970 id
1085 945 1210 980 designet
1227 947 1299 980 quod
1315 946 1393 974 all'ert
1409 947 1560 978 interitum,
1584 948 1673 976 fumus
1696 948 1721 975 id
1747 949 1821 983 quod

1035 997 1098 1018 cum
1115 990 1154 1018 ira
1171 991 1246 1018 venit
1262 1000 1269 1018 :
1286 992 1367 1026 (nam
1381 992 1504 1020 Ascendit
1523 993 1615 1028 fumus
1631 994 1659 1020 in
1673 994 1714 1020 ira
1727 994 1784 1028 ejus
1796 994 1825 1028 :)

1035 1036 1150 1070 sulphur
1165 1041 1257 1064 autem
1280 1037 1307 1064 id
1326 1037 1399 1072 quod
1414 1038 1496 1065 etiam
1518 1046 1533 1066 a
1548 1039 1639 1066 divina
1656 1043 1696 1066 est
1709 1039 1760 1072 ira,
1775 1039 1822 1066 sed

1035 1082 1254 1115 pcrmanentiore
1276 1090 1282 1107 :
1304 1086 1352 1108 aut
1379 1083 1452 1117 quod
1482 1083 1539 1110 hazc
1564 1083 1703 1110 volunlalc
1731 1083 1823 1110 divina

1036 1128 1146 1156 lascivis
1169 1133 1197 1155 et
1219 1128 1452 1157 incontinentibus
1467 1130 1542 1156 illata
1560 1130 1624 1157 sint.
1642 1130 1720 1162 Quod
1733 1134 1823 1157 autem

1036 1174 1078 1201 his
1094 1174 1180 1201 soleat
1201 1175 1239 1201 uti
1257 1174 1394 1202 Divinitas
1409 1175 1455 1209 qui
1485 1176 1566 1202 vitam
1589 1175 1693 1202 durunt
1720 1176 1824 1209 angeli—

1035 1226 1107 1250 cam,
1124 1224 1253 1253 tanquam
1270 1227 1382 1246 suorum
1394 1220 1560 1253 iudiciorum
1581 1228 1614 1247 ac
1630 1221 1822 1254 mysteriorum

1036 1265 1173 1296 vehiculo,
1189 1265 1256 1292 satis
1267 1265 1438 1292 demonstrat
1450 1265 1474 1292 id
1490 1265 1561 1300 quod
1575 1265 1632 1299 ipse
1647 1265 1777 1293 Dominus
1791 1265 1826 1292 de

1036 1309 1121 1337 Paulo
1135 1310 1203 1338 dixit
1226 1311 1259 1337 ad
1279 1310 1425 1342 Ananiam,
1449 1311 1494 1337 ubi
1509 1310 1547 1338 ait
1563 1309 1678 1337 Paulum
1695 1318 1742 1337 vas
1765 1311 1822 1337 ele-

1035 1356 1134 1383 ctionis
1157 1363 1232 1388 esse,
1249 1360 1279 1383 ut
1296 1356 1431 1384 indefesse
1444 1355 1516 1383 ferre
1541 1360 1633 1390 posset
1658 1356 1749 1383 divina
1773 1356 1822 1383 do-

1036 1405 1137 1438 gmata.
1155 1409 1215 1436 quae
1231 1409 1279 1436 per
1294 1409 1393 1429 nomen
1413 1409 1493 1429 suum
1510 1401 1683 1436 significavit,
1708 1401 1822 1429 dicens:

1039 1457 1047 1479 ι
1067 1446 1102 1474 Ut
1118 1451 1208 1482 portet
1222 1454 1320 1474 nomen
1339 1455 1430 1474 meum
1440 1447 1463 1464 "
1481 1456 1487 1474 :
1502 1457 1512 1473 ι
1535 1455 1633 1474 nomen
1649 1455 1750 1474 vocans
1766 1447 1824 1482 glo-

1036 1492 1104 1518 riam
1121 1496 1148 1519 et
1167 1492 1355 1527 maiestatem,
1373 1500 1508 1527 omneque
1535 1493 1560 1520 id
1579 1493 1650 1527 quod
1666 1499 1822 1520 sermonem

1035 1537 1141 1565 excedit
1165 1537 1223 1565 sive
1243 1538 1423 1570 intellectum,
1453 1546 1507 1566 non
1534 1543 1639 1566 tantum
1665 1539 1821 1571 mortalem,

998 1571 1019 1599 θ
1037 1590 1130 1609 verum
1146 1583 1227 1609 etiam
1245 1583 1409 1618 angelicum.

1072 1627 1194 1656 Potestas
1208 1629 1278 1655 enim
1292 1637 1418 1663 equorum
1441 1629 1469 1656 in
1489 1637 1533 1656 ore
1550 1629 1668 1664 ipsorum
1685 1634 1734 1657 est.
1752 1628 1823 1663 Quid

1037 1675 1107 1702 hoc?
1130 1683 1164 1701 an
1194 1678 1355 1709 potestatem
1380 1675 1421 1701 ori
1444 1675 1584 1708 attribuit,
1611 1675 1692 1702 Vt'iuli
1710 1682 1822 1702 causam

1035 1721 1129 1748 dicens
1145 1728 1193 1747 cur
1209 1720 1285 1748 missi
1314 1721 1369 1748 sint
1389 1721 1472 1755 equi?
1493 1729 1527 1747 an
1548 1721 1620 1756 quod
1635 1720 1674 1748 ait
1694 1730 1701 1748 :
1726 1720 1760 1748 ab
1776 1728 1824 1748 ore

1036 1767 1177 1801 ipsorum,
1201 1767 1291 1793 minas
1312 1767 1432 1794 ostendit
1453 1774 1548 1794 carum
1571 1774 1663 1794 rerum
1687 1774 1749 1801 qua:
1773 1766 1824 1793 ho-

1036 1813 1124 1839 mines
1136 1817 1285 1845 exterreut,
1303 1816 1332 1839 ut
1351 1820 1365 1839 a
1382 1812 1472 1847 pravis
1492 1812 1646 1839 abstineant
1664 1811 1773 1844 studiis,
1790 1819 1824 1839 ne

1036 1859 1129 1885 catulis
1157 1858 1266 1885 illorum
1285 1858 1449 1885 tradantur?
1465 1857 1517 1884 Per
1538 1858 1612 1892 ipsas
1629 1857 1701 1884 cnim
1721 1857 1824 1885 caudas

1035 1904 1115 1932 finem
1142 1912 1174 1931 ac
1196 1909 1321 1931 eventum
1339 1904 1485 1938 designans
1501 1911 1595 1930 eorum
1617 1903 1663 1938 qui
1682 1906 1796 1938 pereunt
1813 1911 1822 1930 :

1035 1955 1062 1978 et
1075 1951 1130 1986 jam
1149 1950 1236 1983 ipsum
1261 1957 1370 1984 quoque
1387 1951 1513 1976 eventum
1536 1949 1667 1984 efﬁgians,
1687 1947 1823 1983 serpenti-

1036 1997 1086 2025 bus
1101 1999 1252 2030 comparat,
1266 1995 1313 2031 qui
1334 1994 1435 2024 similia
1453 1994 1572 2021 habeant
1585 1993 1674 2028 capita
1690 2001 1696 2020 :
1713 2001 1745 2020 ex
1763 1993 1823 2028 ipso

1034 2043 1161 2070 videlicet
1178 2042 1280 2076 impetu
1297 2046 1324 2068 et
1341 2048 1454 2069 accessu
1477 2039 1625 2066 ostendens
1645 2037 1745 2066 afferre
1763 2037 1823 2064 exi-

1036 2088 1103 2114 tium
1125 2087 1292 2121 inevitabile,
1308 2090 1333 2114 et
1354 2090 1516 2120 prmsenlem
1531 2085 1617 2120 magis
1640 2091 1722 2118 quam
1746 2083 1823 2112 futu-

1035 2141 1093 2160 ram
1114 2132 1305 2165 aﬂlictionem,
1323 2140 1386 2160 cum
1411 2132 1485 2162 nulla
1500 2130 1556 2166 jam
1582 2129 1692 2162 solertia
1715 2129 1823 2160 valeant

1035 2179 1206 2207 aﬂlictionem
1222 2179 1351 2213 effugere.

1071 2224 1123 2256 IX.
1140 2225 1192 2258 20,
1215 2225 1259 2252 21.
1278 2224 1310 2251 Et
1331 2225 1420 2252 cwteri
1439 2225 1557 2252 homines
1570 2227 1614 2260 qui
1633 2234 1684 2255 non
1699 2229 1759 2253 sunt
1776 2233 1822 2254 ou

1035 2271 1083 2297 tisi
1111 2271 1152 2297 his
1174 2270 1278 2304 plagis,
1303 2279 1354 2297 non
1376 2271 1539 2306 resipuerunt
1567 2272 1600 2299 ab
1622 2271 1742 2306 operibus
1767 2272 1822 2308 suiq

1035 2317 1135 2350 pravis,
1161 2322 1255 2343 utnon
1279 2318 1421 2344 adorarent
1442 2317 1572 2344 daemonia
1589 2323 1613 2345 ct
1639 2318 1725 2348 idola.
1741 2326 1823 2345 aurea

1035 2367 1058 2388 et
1079 2366 1203 2396 argentea
1226 2366 1251 2388 et
1272 2361 1377 2395 lapidea
1391 2367 1415 2388 et
1433 2362 1538 2396 lignea,
1557 2371 1616 2397 qui»
1631 2371 1712 2397 neque
1736 2362 1822 2389 videre

1034 2412 1161 2440 possum,
1182 2415 1263 2441 neque
1292 2408 1402 2439 audire,
1430 2416 1510 2443 neque
1536 2408 1672 2435 ambulare
1695 2417 1705 2434 :
1721 2413 1746 2435 et
1771 2416 1823 2439 non

1035 2457 1143 2486 egerunt
1171 2453 1349 2486 pwnitculiam
1374 2453 1405 2480 de
1428 2454 1577 2481 homicidiis
1601 2455 1674 2485 suis,
1690 2461 1770 2488 neque
1791 2453 1822 2480 de

1031 2499 1158 2532 veneﬁciis
1186 2500 1250 2531 suis,
1270 2507 1349 2534 neque
1366 2500 1398 2526 de
1422 2501 1581 2527 scortatione
1607 2508 1669 2531 sua,
1689 2507 1769 2534 neque
1789 2499 1822 2526 da

1032 2545 1110 2580 furtis
1128 2545 1190 2571 suis,

1067 2633 1214 2660 Maximam
1244 2633 1369 2669 designat
1394 2633 1438 2660 hic
1463 2641 1553 2660 sermo
1583 2631 1819 2660 insensibilitatem

1033 2680 1092 2706 sive
1112 2680 1291 2706 indolentiam
1314 2687 1346 2707 ac
1370 2679 1511 2707 lasciviam
1534 2679 1615 2715 734
1634 2686 1728 2706 eorum
1742 2697 1750 2709 ,
1773 2679 1820 2712 qui

1034 2730 1143 2759 tempus
1159 2725 1230 2758 quod
1252 2725 1361 2752 interim
1381 2725 1453 2752 Dens
1468 2725 1584 2759 benigne
1599 2724 1735 2757 parcendo
1751 2730 1819 2750 con-

1034 2775 1156 2798 cesserat
1181 2771 1247 2805 ipsis
1268 2771 1300 2798 ad
1325 2771 1460 2804 salutem,
1483 2777 1552 2797 vane
1577 2773 1820 2804 contempserunt,

1033 2822 1063 2845 ut
1090 2817 1210 2845 referant
1238 2818 1445 2846 retributionem
1470 2824 1531 2854 qum
1548 2816 1627 2852 digna
1649 2816 1685 2844 sit
1706 2815 1821 2852 segnitie
