2095 3160
251 192 308 226 635

658 191 824 222 ΛΒΕΤΠᾸΞ
844 191 1035 222 ΟίΕΞΛΙὶΕᾹζ
1055 191 1301 223 (ΞΑΡΡΑΒΟΟῘᾹΞ
1320 192 1492 224 EPISCOPI

1834 193 1887 225 636

262 254 392 282 quorum.
424 246 506 281 Atqui
534 245 713 273 exercebatur
743 246 825 274 etiam
860 251 923 274 ante
950 248 1060 278 oculos,

1102 247 1200 282 ρέρειν,
1226 248 1313 275 καίτοι
1333 257 1364 282 γε
1387 249 1437 276 καὶ
1460 247 1514 284 πρὸ
1537 247 1670 283 ὀμμάτων
1687 247 1888 283 ἐνεργουμένης

259 293 389 320 malorum
406 293 565 325 retributio,
582 292 610 319 lii
623 297 713 320 tamen
730 298 834 320 tantum
850 293 928 321 abest
944 297 973 321 ut
986 298 1042 321 ter-

256 340 375 366 tibilium
394 347 454 373 quae
472 338 524 366 sibi
543 343 637 373 parata
653 344 733 366 erant
744 344 855 373 aspectu
872 339 970 375 seipsis
989 347 1046 368 me-

255 386 338 413 liores
369 384 559 417 efﬁcerentur,
590 389 621 412 ut
651 385 733 412 etiam
771 385 876 420 pejores
904 386 1046 421 magisque

255 431 373 466 pereatis
391 431 532 462 immersi,
551 439 662 458 cursum
679 439 758 458 suum
775 436 1010 459 consummarent.

290 475 352 502 Non
374 476 541 509 resipueruut
570 475 601 501 ab
630 477 749 509 operibus
779 476 833 502 suis
861 477 958 510 pravis.
986 476 1045 504 Non

255 521 323 553 hoc,
347 522 405 553 ait,
431 521 503 555 quod
530 528 584 547 nou
606 521 772 555 resipuerint
798 522 824 548 in
843 520 935 549 futura
960 521 1014 549 vita
1037 533 1044 550 :

254 568 396 601 quomodo
415 567 487 594 enim
507 571 555 594 aut
577 575 638 601 quae
656 572 748 601 posset
763 575 824 594 esse
853 567 1046 602 resipiscentia

255 612 282 639 in
301 613 463 640 immutabili
478 613 551 639 vita?
567 613 614 639 Sed
628 613 699 647 quod
718 614 808 640 adhuc
819 614 958 647 viventes,
972 617 999 641 et
1013 621 1047 641 ex

254 659 349 686 auditu
365 664 391 685 et
406 664 516 693 aspectu
533 666 628 686 eorum
645 666 707 693 qua:
726 663 789 686 tunc
805 659 896 687 futura
913 665 977 687 sunt
991 668 1046 688 non

257 703 448 737 resipiscentes
463 703 497 730 ab
510 702 640 737 operibus
653 710 714 737 qua:
729 703 856 730 videbant
874 712 935 731 esse
951 712 1046 739 prava,

255 748 421 776 addiderunt
442 748 475 776 ad
496 748 593 783 prima,
611 753 674 782 puta
691 749 724 775 ad
749 749 871 776 insanam
891 749 1046 777 daemonum

256 802 289 823 ac
317 796 450 822 idolorum
479 795 636 826 culturam,
663 795 746 822 eliam
773 803 803 822 ea
822 803 882 829 qua:
905 796 998 824 odium
1021 801 1048 824 et

258 841 387 868 invidiam
403 849 456 868 una
477 849 539 868 cum
553 841 714 868 adoratione
730 841 863 868 all'errent
879 850 886 868 :
903 849 956 868 non
974 842 1048 877 quod

257 887 496 915 insensibilitatem
514 887 603 914 solum
622 887 745 922 designet
765 895 860 914 eorum
884 895 946 922 quae
963 896 1046 916 manu

1096 292 1147 328 τῆς
1167 293 1222 320 τῶν
1237 294 1364 329 πονηρῶν
1379 293 1564 329 ἀντιμισθίας.
1590 295 1622 321 Οί
1646 294 1674 320 δὲ
1693 294 1742 329 οὺχ
1764 295 1838 325 ὅπως
1854 296 1887 330 τῇ

1098 339 1148 375 θέᾳ
1165 340 1219 366 τῶν
1234 340 1359 375 φοϐερῶν
1372 340 1426 367 τῶν
1441 340 1534 372 αὐτοῖς
1553 340 1681 375 ἑτοίμων,
1705 340 1825 375 βελτίους
1840 348 1888 374 γε-

1097 385 1210 419 γόνασιν
1225 386 1341 418 ἑαυτῶν,
1355 387 1379 412 εί
1397 385 1434 421 μὴ
1444 386 1492 413 καὶ
1502 387 1612 422 χείρους
1626 387 1674 414 καὶ
1688 388 1744 419 τοῖς
1758 387 1888 421 ἁμαρτωο

1098 429 1219 465 λοτέροις
1237 430 1463 465 ὲνδολιχεύοντες.

1134 477 1176 502 Οὐ
1191 476 1384 510 μετενόησαν
1401 476 1436 503 ἐκ
1450 476 1510 503 τῶν
1526 475 1622 511 ἔργων
1639 475 1698 503 τῶν
1714 477 1822 511 χειρῶν
1837 478 1890 505 αὐ-

1097 520 1166 547 τῶν.
1184 520 1222 547 Οὐ
1237 521 1316 548 τοῦτό
1336 529 1430 556 φησιν,
1448 522 1490 548 ὅτι
1510 523 1534 548 οἱ
1561 522 1599 557 μὴ
1628 522 1843 558 μετανοήσαντες
1859 525 1889 550 ὲν

1097 566 1136 601 τῷ
1156 567 1246 593 ἐκεῖσε
1262 566 1312 602 βίῳ
1346 567 1416 602 (πῶς
1430 568 1484 603 γὰρ
1497 569 1544 595 καὶ
1566 568 1608 600 τίς
1624 569 1640 604 ὴ
1666 570 1835 604 μετάγνωσις
1859 571 1888 596 ὲν

1098 611 1137 646 τῷ
1149 610 1322 646 ἅναλλοιώτῳ
1337 611 1416 647 βίῳ),
1431 612 1489 638 ἀλλ’
1505 612 1545 639 ὅτι
1570 613 1595 638 ot
1615 613 1716 644 ζῶντες
1732 613 1772 639 ἔτι
1788 614 1834 640 καὶ
1850 614 1888 648 μὴ

1098 658 1132 684 ὲκ
1146 656 1197 692 τῆς
1217 658 1302 692 ἀκοῆς
1321 658 1368 685 καὶ
1390 658 1454 690 θέας
1476 658 1531 685 τῶν
1558 658 1619 685 τότε
1644 659 1782 694 ἐσομένων
1806 668 1890 694 μετα,

1098 703 1245 737 νοήσαντες
1265 703 1320 730 ἀπὸ
1342 703 1397 730 τῶν
1414 704 1503 738 ἔργων
1518 702 1555 731 ὦν
1579 705 1719 737 κατεῖδον,
1740 705 1890 740 παρέθεντο

1100 747 1168 783 πρὸς
1176 748 1210 774 τὰ
1218 748 1313 783 πρῶτα
1321 749 1370 783 τῆς
1381 749 1594 784 δαιμονομανίας
1601 750 1649 776 καὶ
1656 750 1889 785 είδωλολατρείας,

1100 793 1148 819 καὶ
1162 793 1196 819 τὰ
1211 793 1279 827 πρὸς
1293 792 1324 819 τὸ
1340 793 1422 824 σέϐας
1435 793 1484 829 τὴν
1497 793 1661 829 δυσμένειαν
1675 793 1801 829 φέροντα,
1816 794 1846 820 οὐ
1860 795 1890 820 τὸ

1099 839 1263 874 ἀναίσθητον
1282 839 1459 874 ὑπειδόμενος
1474 840 1528 866 τῶν
1541 841 1744 876 χειροκμήτων,
1767 840 1826 867 ἀλλ’
1848 841 1890 867 ὅτι

1100 885 1145 911 ἐπ’
1171 885 1273 920 ἀνομίᾳ
1297 885 1413 920 ἀνομίαν
1442 885 1621 920 προσέθεσαν,
1646 886 1748 920 Διόπερ
1772 886 1819 913 καὶ
1840 887 1890 920 τῆς

256 933 328 960 facta
346 937 419 965 sunt,
441 933 487 960 sed
507 932 580 967 quod
605 934 724 966 peccatis
739 933 903 961 addiderunt
925 940 1047 968 peccata.

1102 932 1217 968 ἀληθοῦς
1241 932 1461 968 ἀπεκλείσθησαν
1489 933 1673 968 δικαιοσύνης.
1701 934 1750 966 Τίς
1774 934 1828 969 γὰρ
1852 934 1889 960 δι-

257 979 319 1007 Ideo
334 986 443 1014 quoque
464 986 479 1006 ει
494 986 558 1006 veru
581 978 687 1013 jnstitia
707 978 811 1006 exclusi
831 984 904 1006 sunt.
926 980 993 1012 Quae
1006 984 1049 1008 est

255 1025 328 1052 enim
341 1025 449 1059 justitia
466 1024 494 1051 in
508 1032 541 1051 eo
554 1025 600 1059 qui
618 1024 702 1051 alium
726 1024 768 1051 sui
783 1025 892 1060 generis
904 1025 1046 1059 interimit,

256 1075 304 1097 aut
327 1070 409 1105 gladii
431 1070 546 1104 impetu,
569 1075 618 1097 aut
634 1078 801 1098 venenorum
817 1071 942 1099 insidiis?
964 1072 1049 1101 Porro

256 1116 318 1150 quis
332 1124 395 1144 cum
419 1124 472 1142 non
491 1116 600 1149 oderit,
615 1118 660 1151 qui
678 1125 712 1144 ne
735 1117 786 1144 sibi
812 1118 922 1152 quidem
942 1119 1049 1153 parcit,

256 1169 308 1188 nec
336 1162 440 1188 tardior
466 1166 509 1189 est
533 1167 563 1188 ut
589 1163 726 1197 exc0gitrt
753 1164 884 1191 adversus
908 1165 1048 1200 seipsum.

256 1213 390 1242 quantum
406 1209 508 1235 laceret
525 1209 654 1236 inimicus
667 1210 714 1244 qui
735 1210 864 1238 insidiose
876 1220 939 1247 erga
959 1213 1048 1248 ipsnm

257 1253 373 1281 allectus
386 1255 479 1282 esset?
493 1255 545 1282 Aut
563 1256 625 1290 quis
645 1264 698 1283 non
724 1259 919 1286 exsecrandum
937 1264 963 1287 et
983 1261 1050 1288 ab0¢

259 1299 415 1326 Initiandam
432 1301 545 1327 duceret
563 1302 741 1329 scortalionis
763 1304 922 1337 spurcitiam
938 1309 965 1331 et
978 1307 1050 1333 assi-

257 1344 403 1376 duitatem,
423 1354 475 1380 qua
491 1347 612 1380 seipsnm
635 1348 697 1382 quis
717 1348 806 1383 privat
821 1358 854 1377 ne
872 1350 994 1379 divinum
1014 1352 1050 1379 sit

258 1389 460 1424 habitaculum,
477 1392 500 1419 si
518 1392 579 1419 divo
594 1393 680 1420 Paulo
701 1395 860 1422 credimus?
876 1395 989 1423 Demum
1000 1417 1007 1429 ,
1026 1397 1050 1425 is

257 1437 305 1470 qui
322 1436 349 1463 in
374 1436 455 1464 furtis
471 1443 629 1472 perseverat
648 1440 770 1472 assidue,
793 1441 859 1468 illud
876 1442 928 1468 sibi
954 1442 1051 1470 vendi-

257 1481 343 1514 cavit,
360 1487 388 1510 nt
402 1483 454 1510 sibi
475 1484 526 1519 ipsi
542 1484 632 1513 factus
649 1485 685 1513 sit
701 1487 902 1515 incommodus.

529 1552 645 1581 CAPUT
664 1553 784 1583 XXVIII.

1099 978 1229 1014 καιοσύνη
1243 979 1359 1013 φονῶντι
1374 979 1420 1006 τδν
1434 978 1569 1014 ὁμόφυλον
1585 979 1600 1014 ἢ
1622 979 1667 1005 διὰ
1683 979 1777 1013 ξίφους
1793 981 1891 1014 ἐπιφο-

1101 1024 1161 1058 ρᾶς,
1179 1024 1196 1060 ἢ
1212 1024 1255 1051 διὰ
1269 1024 1425 1060 φαρμάκων
1439 1024 1604 1058 ὲπιϐουλῆς;
1621 1024 1662 1056 τίς
1675 1024 1703 1050 δὲ
1718 1024 1892 1058 τὸνζάφειδῶς

1099 1069 1189 1104 ἑαυτῷ
1211 1069 1354 1105 χρώμενον
1383 1069 1413 1096 οὺ
1437 1070 1566 1104 μισήσει;
1585 1070 1633 1096 καὶ
1650 1070 1702 1096 ὅσα
1721 1071 1766 1096 καὶ
1795 1069 1891 1105 ἐχθρὸς

1099 1115 1254 1146 ἐπιϐούλως
1266 1115 1439 1150 διακείμενος
1455 1114 1540 1150 αὐτῷ,
1563 1115 1737 1150 μηχανᾶσθαι
1756 1116 1796 1147 είς
1810 1115 1892 1142 αὑτὸν

1099 1161 1130 1187 οὐ
1145 1162 1309 1195 κατοκνήσει
1323 1170 1331 1195 ;
1349 1161 1399 1192 Τίς
1421 1161 1477 1197 γὰρ
1489 1161 1518 1188 τὸ
1533 1161 1576 1187 διὰ
1600 1161 1729 1196 πορνείας
1755 1162 1893 1196 μυσαρίαν

1099 1206 1147 1232 καὶ
1172 1206 1351 1242 προσεδρείαν
1376 1205 1424 1232 τοῦ
1445 1206 1516 1232 θεῖον
1543 1204 1613 1232 εἶναι
1646 1207 1778 1241 σκήνωμα
1796 1206 1891 1232 ἑαυτὸν

1100 1252 1263 1287 ἀποστερεῖν
1277 1252 1346 1285 (εἴγε
1363 1252 1402 1287 τῷ
1415 1252 1481 1286 θείῳ
1505 1251 1606 1287 Παύλῳ
1634 1252 1769 1286 πειστέον)
1784 1252 1815 1278 οὺ
1832 1251 1892 1286 βδε-

1100 1297 1219 1332 λυγμίαν
1241 1297 1320 1332 σχοίη
1339 1297 1386 1323 καὶ¹
1413 1296 1617 1332 ἀποτρόπαιον;
1643 1296 1673 1323 '0
1702 1296 1730 1322 δὲ
1751 1295 1892 1331 κλέμμασι

1101 1342 1298 1378 προσλιπαρῶν
1314 1343 1402 1369 ἐκεῖνο
1416 1342 1448 1368 ἂν
1460 1342 1632 1378 ᾠκειώσατο,
1648 1341 1686 1374 ὡς
1698 1342 1748 1369 καὶ
1761 1341 1851 1378 ἑαυτῷ
1860 1343 1893 1368 τὸ

1101 1387 1151 1414 ἀσύ
1156 1396 1258 1424 μφορον
1270 1386 1486 1423 ἐμνηστεύσατο.

1391 1543 1516 1570 seem.
1535 1541 1610 1577 una:

258 1607 296 1635 De
311 1608 404 1643 angelo
419 1608 666 1647 circumdatanube
685 1619 716 1638 ac
731 1611 799 1639 iride
809 1632 815 1643 ,
830 1612 875 1647 qui
888 1620 1051 1642 communem

1103 1601 1174 1636 Περὶ
1189 1600 1321 1647 dri-{.10};
1336 1599 1741 1647 nepidsé’fquérov‘rsysxnr
1753 1600 1803 1628 καί
1819 1597 1891 1636 ἶριν,

434 1645 552 1671 omnium
573 1645 651 1679 ﬁnem
666 1645 869 1680 pronuntiabat.

294 1720 328 1753 Χ,
345 1720 405 1748 1-5.
423 1720 457 1747 Et
472 1721 526 1748 vidi
542 1721 625 1748 alium
647 1723 768 1758 angelum
785 1724 880 1758 fortem
895 1726 1052 1753 descenden-

259 1770 310 1792 tem
331 1766 362 1792 de
380 1766 444 1792 caelo
459 1767 586 1793 amictum
602 1767 680 1800 nube,
695 1773 720 1795 et
736 1769 784 1795 iris
798 1769 823 1796 in
843 1771 928 1804 capite
942 1771 1009 1805 eius,
1026 1776 1051 1798 et

260 1812 341 1845 facies
358 1820 415 1846 ejus
431 1813 499 1839 sicut
510 1813 560 1844 sol,
577 1818 602 1840 el
615 1814 692 1848 pedes
708 1815 765 1848 ejus
782 1820 908 1850 tanquam
923 1817 1052 1845 columna:

260 1858 328 1893 ignis
352 1866 362 1885 :
384 1864 408 1885 et
423 1859 534 1886 habebat
558 1860 586 1886 in
607 1868 687 1886 manu
708 1869 757 1887 sua
778 1861 897 1888 libellum
913 1868 1050 1897 apertum,

260 1903 341 1939 735
367 1909 391 1931 el
409 1906 497 1939 posuit
519 1905 609 1938 pedem
630 1914 707 1933 suum
728 1907 849 1934 dextrum
864 1916 942 1942 super
960 1917 1050 1943 mare,

261 1949 401 1976 sinistrum
427 1959 487 1977 vero
510 1959 588 1986 super
615 1957 724 1984 terram.
743 1957 767 1979 et
781 1953 905 1981 clamavit
919 1963 979 1982 vace
993 1964 1052 1982 ma-

259 2003 323 2030 gna,
343 1997 566 2030 quemadmodum
586 1997 625 2024 leo
644 1998 728 2032 mugit
748 2006 756 2025 :
776 2007 885 2034 cumque
899 2000 1050 2034 clamasset,

259 2041 347 2068 locuta
359 2046 420 2068 sunt
433 2047 531 2076 septem
547 2043 666 2070 tonitrua
679 2051 752 2071 voces
769 2052 842 2072 suas.

295 2174 390 2202 Nubes
418 2175 527 2209 quidem
555 2175 581 2202 id
608 2175 787 2206 demonstrat,
805 2175 879 2211 quod
906 2184 956 2204 nec
978 2181 1052 2204 tactu

261 2220 365 2253 percipi
386 2220 475 2253 possit
489 2228 540 2247 nee
558 2220 629 2247 visu.
644 2220 730 2247 Porro
760 2221 807 2248 iris
824 2222 851 2247 in
867 2221 954 2256 capite
978 2229 1053 2249 sum-

1208 1636 1259 1663 καὶ
1273 1635 1307 1663 τὸ
1322 1636 1428 1663 κοινὸν
1443 1635 1530 1669 τέλος
1545 1635 1785 1670 προμηνύοντος.

1137 1714 1193 1743 Καὶ
1216 1712 1300 1742 εἶδον
1319 1715 1418 1742 ἄλλον
1445 1716 1576 1750 ἄγγελον
1601 1715 1728 1750 ισχυρὸν
1755 1715 1894 1743 καταϐαί-

1102 1770 1196 1789 νοντα
1210 1762 1245 1789 ἐκ
1256 1762 1310 1789 τοῦ
1326 1762 1467 1795 οὐρανοῦ,
1481 1761 1735 1796 περιϐεϐλημένον
1748 1761 1892 1796 νεφέλην,

1103 1808 1151 1834 καί
1165 1807 1184 1841 ’ἠ
1201 1805 1260 1841 ἶρις
1278 1807 1327 1834 ἐπὶ
1341 1807 1397 1841 τῆς
1409 1806 1545 1841 κεφαλῆς
1560 1807 1665 1839 αὐτοῦ,
1683 1807 1734 1834 καὶ
1747 1807 1779 1834 τὸ
1800 1808 1894 1842 πρόσ-

1102 1860 1185 1879 ωπον
1199 1853 1293 1880 αὑτοῦ
1305 1853 1346 1886 ὡς
1361 1854 1377 1880 ό
1397 1853 1494 1886 ἣλιος,
1509 1852 1558 1880 καὶ
1582 1854 1610 1879 ol
1631 1852 1725 1885 πόδες
1740 1853 1835 1880 αὑτοῦ
1854 1853 1895 1886 ὡς

1102 1899 1211 1925 στύλοι
1228 1898 1340 1932 πυρός·
1365 1897 1415 1924 καὶ
1428 1896 1513 1932 εἶχεν
1533 1898 1567 1924 ἐν
1585 1897 1622 1931 τῇ
1646 1897 1722 1932 χειρί
1742 1898 1835 1925 αὐτοῦ
1849 1898 1895 1930 ,ϐι-

1103 1943 1257 1978 ϐλαρίδιον
1276 1944 1480 1978 ἀνεῳγμένον·
1503 1943 1553 1970 καὶ
1572 1943 1663 1976 ἔθηκε
1678 1943 1732 1970 τὸν
1749 1943 1829 1971 πόδα
1841 1945 1895 1971 αὑ-

1102 1990 1156 2017 τοῦ
1175 1991 1228 2017 τὸν
1239 1989 1341 2022 δεξιὸν
1353 1990 1403 2016 ἐπὶ
1416 1989 1470 2023 τῆς
1484 1989 1655 2022 θαλάσσης,
1674 1989 1729 2016 τὸν
1738 1989 1772 2016 δὲ
1786 1989 1896 2017 εὐώνυ-

1100 2045 1161 2071 μον
1186 2036 1235 2063 ὲπὶ
1262 2035 1318 2069 τῆς
1339 2035 1413 2070 γῆς·
1436 2035 1485 2062 καί
1514 2035 1625 2069 Eupolis
1655 2035 1743 2070 φωνῇ
1763 2035 1894 2070 μεγάλῃ,

1102 2081 1204 2115 ὥσπερ
1215 2081 1294 2108 λέων
1305 2080 1449 2115 μυκᾶται,
1467 2080 1515 2107 καὶ
1526 2080 1575 2107 ὅτε
1584 2080 1724 2114 ἔκραξεν,
1737 2081 1896 2114 ἐλάλησαν

1103 2128 1133 2154 al
1145 2127 1221 2154 ἑπτὰ
1230 2127 1358 2161 ,βρονταί
1371 2126 1426 2159 τὰς
1440 2125 1555 2153 ἑαυτῶν
1571 2126 1681 2160 φωνάς.

1145 2173 1176 2199 ’1-1
1204 2172 1254 2207 μὲν
1271 2171 1370 2206 νεφέλη
1391 2170 1421 2197 τὸ
1447 2171 1549 2204 ἀφανὲς
1566 2170 1613 2197 καὶ
1630 2170 1745 2206 ἀόρατον
1763 2171 1894 2206 παριστᾷ.

1109 2219 1142 2246 Ἢ
1156 2219 1185 2245 δὲ
1199 2218 1246 2245 ἐπὶ
1259 2218 1308 2253 τῆς
1321 2217 1442 2252 κεφαλῆς
1452 2214 1508 2252 ῐρις
1532 2218 1563 2244 τὸ
1579 2217 1726 2251 κεφάλαιον
1741 2217 1896 2253 ὑπογράφει

263 2272 336 2291 mam
359 2265 494 2292 describit
522 2265 638 2300 angelici
661 2266 785 2298 ordinis,
811 2266 858 2300 qni
878 2275 911 2294 ex
932 2267 1052 2295 fabrica-

1104 2264 1154 2299 τῆς
1174 2263 1367 2298 ἀγγελιώτιδος
1383 2263 1486 2295 τάξεως
1503 2263 1552 2297 τῆς
1568 2262 1598 2294 ἐξ
1612 2262 1719 2298 ἀρετῶν
1729 2262 1785 2289 τῶν
1800 2263 1895 2298 θεαρέ-

264 2309 338 2336 tione
359 2309 491 2335 virtutum
517 2310 574 2336 Deo
599 2310 784 2344 placentium,
808 2315 835 2338 et
864 2319 898 2339 ex
923 2312 1054 2340 varietate

262 2355 336 2382 circa
357 2356 578 2382 amandationem
606 2357 764 2390 magnificat
791 2364 869 2384 suam
897 2359 1055 2392 proximita-

261 2405 317 2428 tem
340 2409 373 2428 ac
390 2401 546 2429 stationem.
564 2401 728 2436 Hujusmodi
754 2411 871 2438 namque
894 2408 937 2431 est
953 2404 1003 2432 iris
1027 2405 1054 2432 in

261 2447 394 2480 nubibus,
412 2454 444 2475 ex
457 2447 612 2482 olijectione
625 2448 693 2475 radii
710 2449 809 2476 solaris
825 2449 907 2476 variis
918 2450 1055 2477 coloribus

260 2500 406 2528 apparens.
432 2492 517 2520 P0rro
532 2492 611 2520 faciei
633 2494 666 2520 ad
683 2494 768 2521 solem
793 2494 968 2526 assimilalio,
990 2495 1055 2529 quid

261 2539 335 2567 aliud
357 2539 496 2575 signiﬁcat
518 2547 601 2574 quam
619 2539 767 2567 candorem
787 2540 814 2567 in
842 2540 952 2567 modum
970 2540 1054 2573 solis,

261 2590 290 2614 et
304 2586 376 2621 quod
395 2587 552 2622 ubicunque
575 2585 676 2613 fuerint
693 2586 739 2620 qni
761 2586 960 2613 ordinationem
978 2586 1055 2614 diur-

262 2641 360 2660 norum
376 2641 488 2668 operum
507 2633 632 2663 fecerint.
650 2633 684 2659 ab
699 2633 840 2660 inaccessa
858 2638 885 2659 et
902 2632 1056 2667 supersub—

262 2679 382 2706 stantiali
398 2679 457 2706 luce
474 2679 683 2706 illustrabuntur
697 2678 708 2705 ?

299 2722 334 2749 Et
357 2723 434 2757 pede:
460 2724 516 2758 ejus
550 2729 674 2758 tanquam
701 2723 830 2751 columin
856 2724 934 2758 ignis.
965 2722 1052 2750 Pedes

263 2768 427 2796 descensum
454 2770 609 2805 designant,
636 2770 682 2805 qui
702 2778 755 2797 non
781 2770 895 2797 alterius
917 2769 1004 2804 gratia
1028 2769 1057 2795 lit

266 2822 348 2849 quam
369 2816 403 2842 ad
423 2817 575 2850 puniendos
600 2817 699 2851 impios
724 2825 731 2844 :
751 2816 812 2843 ideo
831 2815 913 2842 etiam
930 2820 1056 2849 tanquam

265 2859 389 2886 columna
413 2861 490 2896 ignis.
518 2861 661 2889 Colnmnis
690 2866 780 2889 autem
814 2861 883 2895 ignis
913 2859 1057 2887 assimilali

266 2907 343 2938 sunt,
366 2913 420 2932 non
437 2905 472 2933 ob
487 2906 727 2940 illuminationeni,
748 2905 795 2933 sed
812 2906 846 2932 ob
871 2905 1054 2932 exustioncm.

1106 2317 1176 2335 στων
1193 2308 1242 2343 τῆς
1267 2307 1401 2339 κτίσεως,
1433 2307 1547 2334 καὶτοῦ
1576 2307 1641 2342 περὶ
1667 2307 1716 2342 τὴν
1742 2307 1896 2342 ἀποστολὴν

1107 2355 1242 2386 ποικίλου,
1257 2354 1306 2389 τὴν
1335 2352 1477 2388 ἐγγύτητα
1501 2353 1555 2380 καίι
1568 2353 1662 2379 στάσιν
1679 2352 1897 2387 κατευμεγεθού-

1107 2410 1168 2436 σης.
1187 2399 1315 2427 Τοιοῦτον
1337 2399 1392 2434 γὰρ
1411 2400 1427 2434 ἡ
1452 2399 1481 2425 ἐν
1498 2398 1606 2433 νέφεσιν
1629 2396 1695 2434 ἶρις,
1722 2397 1751 2431 ἐξ
1779 2397 1897 2433 ἡλιακῆς

1107 2446 1297 2476 ἀκτινοϐολίας
1319 2445 1453 2476 ποικίλοις
1466 2444 1611 2479 χρώμασιν
1626 2444 1812 2479 ίνδαλλομένη.
1827 2444 1858 2470 'H
1868 2444 1896 2470 δὲ

1107 2493 1175 2527 πρὸς
1190 2492 1266 2526 ἥλιον
1280 2491 1328 2517 τοῦ
1358 2490 1504 2526 προσώπου
1524 2491 1665 2525 ὁμοίωσις,
1682 2490 1708 2517 τί
1731 2490 1764 2517 ἂν
1784 2490 1858 2522 ἄλλο,
1879 2489 1895 2525 ἢ

1107 2538 1138 2564 τὸ
1151 2537 1264 2572 ἡλιῶδες
1285 2535 1423 2572 σημαίνοι,
1444 2535 1492 2562 καὶ
1512 2536 1553 2563 ὅτι
1569 2537 1629 2563 ὅποι
1644 2536 1678 2563 ἂν
1700 2536 1747 2562 καὶ
1773 2535 1897 2570 παρῶσιν

1107 2583 1246 2619 ἡμερινῶν
1278 2582 1367 2618 ἔργων
1395 2581 1517 2616 διάταξιν
1544 2582 1719 2613 ἐκτελοῦντες
1749 2581 1802 2608 ὑπὸ
1827 2584 1896 2616 φωτὶ

1108 2629 1249 2665 ἀπροσίτῳ
1267 2628 1312 2655 καὶ
1328 2628 1484 2663 ύπερουσίῳ
1503 2628 1750 2663 καταλαμπόμενοι
1768 2627 1895 2659 ἐσονταις

1144 2717 1198 2745 Kal
1209 2718 1236 2744 ot
1253 2716 1344 2750 πόδες
1359 2716 1462 2748 αὑτοῦ.
1477 2716 1516 2749 ὡς
1528 2716 1637 2743 στύλοι
1652 2716 1757 2749 πυρός.
1772 2715 1804 2742 Οἱ
1821 2714 1899 2746 πόδες

1109 2763 1158 2798 τὴν
1178 2763 1329 2790 κατάϐασιν
1347 2762 1562 2795 ὖπαινίττονται,
1577 2762 1638 2797 ἥτις
1663 2762 1713 2788 οὐκ
1729 2761 1808 2788 ἄλλου
1826 2761 1899 2791 τινος

1109 2810 1213 2842 ἕνεκεν,
1240 2809 1316 2844 ἢτοῦ
1352 2808 1564 2844 τιμωρήσασθαι
1585 2807 1693 2839 ἀσεϐεῖς
1718 2807 1833 2840 γίνεται.
1855 2806 1900 2833 Διὸ

1110 2857 1167 2887 καὶ,
1187 2855 1227 2888 ὡς
1241 2855 1348 2882 στύλοι
1372 2854 1477 2888 πυρός.
1496 2853 1607 2885 Στύλοις
1624 2853 1651 2880 δὲ
1667 2854 1753 2887 πρὶς
1782 2853 1899 2880 ἀπεικά-

1114 2902 1226 2937 σοησαν,
1240 2901 1270 2928 οὐ
1286 2900 1332 2928 τοῦ
1347 2899 1525 2935 φωτιστικοῦ,
1541 2898 1608 2926 ἀλλὰ
1624 2898 1671 2925 τοῦ
1688 2899 1846 2927 καυστικοῦ.
1863 2898 1900 2925 Τὸ
