  <div class='ocr_page' id='page_1' title='image "/cluster/home/n/w/nwhite01/storage/ocr_20150623/106/njp.32101077772901/366.png"; bbox 0 0 2095 3160; ppageno 0'>
   <div class='ocr_carea' id='block_1_1' title="bbox 139 218 193 250">
    <p class='ocr_par' dir='ltr' id='par_1_1' title="bbox 139 218 193 250">
     <span class='ocr_line' id='line_1_1' title="bbox 139 218 193 250; baseline 0 0"><span class='ocrx_word' id='word_1_1' title='bbox 139 218 193 250; x_wconf 82' lang='lat'><strong>637</strong></span> 
     </span>
    </p>
   </div>
   <div class='ocr_carea' id='block_1_2' title="bbox 674 219 1224 255">
    <p class='ocr_par' dir='ltr' id='par_1_2' title="bbox 674 219 1224 255">
     <span class='ocr_line' id='line_1_2' title="bbox 674 219 1224 255; baseline 0.009 -5"><span class='ocrx_word' id='word_1_2' title='bbox 674 219 871 252; x_wconf 81' lang='lat' dir='ltr'><strong>COMMENT.</strong></span> <span class='ocrx_word' id='word_1_3' title='bbox 892 220 933 250; x_wconf 90' lang='lat' dir='ltr'><strong>IN</strong></span> <span class='ocrx_word' id='word_1_4' title='bbox 954 221 1224 255; x_wconf 81' lang='lat' dir='ltr'><strong>APOCALYPSIN.</strong></span> 
     </span>
    </p>
   </div>
   <div class='ocr_carea' id='block_1_3' title="bbox 1727 228 1812 260">
    <p class='ocr_par' dir='ltr' id='par_1_3' title="bbox 1727 228 1812 260">
     <span class='ocr_line' id='line_1_3' title="bbox 1727 228 1812 260; baseline 0 -1"><span class='ocrx_word' id='word_1_5' title='bbox 1727 228 1782 260; x_wconf 75' lang='lat'><strong>633</strong></span> <span class='ocrx_word' id='word_1_6' title='bbox 1810 228 1812 232; x_wconf 76' lang='grc'><em>’</em></span> 
     </span>
    </p>
   </div>
   <div class='ocr_carea' id='block_1_4' title="bbox 138 277 934 320">
    <p class='ocr_par' dir='ltr' id='par_1_4' title="bbox 138 277 933 314">
     <span class='ocr_line' id='line_1_4' title="bbox 138 277 933 314; baseline 0 -9"><span class='ocrx_word' id='word_1_7' title='bbox 138 279 168 305; x_wconf 64' lang='grc' dir='ltr'><strong>δὲ</strong></span> <span class='ocrx_word' id='word_1_8' title='bbox 184 279 214 305; x_wconf 79' lang='grc' dir='ltr'>ἐν</span> <span class='ocrx_word' id='word_1_9' title='bbox 228 279 262 314; x_wconf 79' lang='grc' dir='ltr'><strong>τῇ</strong></span> <span class='ocrx_word' id='word_1_10' title='bbox 281 277 354 313; x_wconf 79' lang='grc' dir='ltr'>χειρὶ</span> <span class='ocrx_word' id='word_1_11' title='bbox 365 277 449 304; x_wconf 81' lang='grc' dir='ltr'>αὑτοῦ</span> <span class='ocrx_word' id='word_1_12' title='bbox 467 277 570 312; x_wconf 87' lang='grc' dir='ltr'>βιϐλίον</span> <span class='ocrx_word' id='word_1_13' title='bbox 584 277 770 313; x_wconf 82' lang='grc' dir='ltr'><strong>ἀνεῳγμένον,</strong></span> <span class='ocrx_word' id='word_1_14' title='bbox 787 278 814 305; x_wconf 83' lang='grc' dir='ltr'><strong>τί</strong></span> <span class='ocrx_word' id='word_1_15' title='bbox 825 278 858 305; x_wconf 81' lang='grc' dir='ltr'><strong>ἂν</strong></span> <span class='ocrx_word' id='word_1_16' title='bbox 871 278 933 313; x_wconf 87' lang='grc' dir='ltr'>βού-</span> 
     </span>
    </p>
   </div>
   <div class='ocr_carea' id='block_1_5' title="bbox 986 277 1781 320">
    <p class='ocr_par' dir='ltr' id='par_1_5' title="bbox 986 279 1781 320">
     <span class='ocr_line' id='line_1_5' title="bbox 986 279 1781 320; baseline 0.005 -12"><span class='ocrx_word' id='word_1_17' title='bbox 986 279 1071 309; x_wconf 88' lang='lat' dir='ltr'><strong>Porro</strong></span> <span class='ocrx_word' id='word_1_18' title='bbox 1085 283 1157 317; x_wconf 90' lang='lat' dir='ltr'><strong>quod</strong></span> <span class='ocrx_word' id='word_1_19' title='bbox 1179 283 1206 310; x_wconf 93' lang='lat' dir='ltr'><strong>in</strong></span> <span class='ocrx_word' id='word_1_20' title='bbox 1224 290 1305 310; x_wconf 87' lang='lat' dir='ltr'><strong>manu</strong></span> <span class='ocrx_word' id='word_1_21' title='bbox 1322 291 1371 311; x_wconf 83' lang='lat' dir='ltr'><strong>sua</strong></span> <span class='ocrx_word' id='word_1_22' title='bbox 1389 283 1512 312; x_wconf 91' lang='lat' dir='ltr'><strong>libellum</strong></span> <span class='ocrx_word' id='word_1_23' title='bbox 1529 283 1628 312; x_wconf 82' lang='lat' dir='ltr'><strong>liabeat</strong></span> <span class='ocrx_word' id='word_1_24' title='bbox 1642 284 1781 320; x_wconf 74' lang='lat' dir='ltr'><strong>apertuttn</strong></span> 
     </span>
    </p>
   </div>
   <div class='ocr_carea' id='block_1_6' title="bbox 139 324 937 361">
    <p class='ocr_par' dir='ltr' id='par_1_6' title="bbox 139 324 937 361">
     <span class='ocr_line' id='line_1_6' title="bbox 139 324 937 361; baseline 0.001 -10"><span class='ocrx_word' id='word_1_25' title='bbox 139 325 230 358; x_wconf 84' lang='grc' dir='ltr'>λοιτο;</span> <span class='ocrx_word' id='word_1_26' title='bbox 249 325 336 351; x_wconf 81' lang='grc' dir='ltr'>Τοῦτο</span> <span class='ocrx_word' id='word_1_27' title='bbox 351 324 382 350; x_wconf 75' lang='grc' dir='ltr'><strong>τὸ</strong></span> <span class='ocrx_word' id='word_1_28' title='bbox 405 325 585 360; x_wconf 79' lang='grc' dir='ltr'>ἀνεῳγμένον¹</span> <span class='ocrx_word' id='word_1_29' title='bbox 605 324 707 359; x_wconf 86' lang='grc' dir='ltr'>βιϐλίον</span> <span class='ocrx_word' id='word_1_30' title='bbox 731 325 779 351; x_wconf 80' lang='grc' dir='ltr'>καὶ</span> <span class='ocrx_word' id='word_1_31' title='bbox 801 325 877 360; x_wconf 81' lang='grc' dir='ltr'>παρὰ</span> <span class='ocrx_word' id='word_1_32' title='bbox 896 325 937 361; x_wconf 79' lang='grc' dir='ltr'>τῷ</span> 
     </span>
    </p>
   </div>
   <div class='ocr_carea' id='block_1_7' title="bbox 139 371 935 407">
    <p class='ocr_par' dir='ltr' id='par_1_7' title="bbox 139 371 935 407">
     <span class='ocr_line' id='line_1_7' title="bbox 139 371 935 407; baseline -0.001 -8"><span class='ocrx_word' id='word_1_33' title='bbox 139 372 241 407; x_wconf 78' lang='grc' dir='ltr'>Δανιὴλ</span> <span class='ocrx_word' id='word_1_34' title='bbox 267 371 386 406; x_wconf 84' lang='grc' dir='ltr'>εἴρηται,</span> <span class='ocrx_word' id='word_1_35' title='bbox 401 372 446 398; x_wconf 81' lang='grc' dir='ltr'>ὅτε</span> <span class='ocrx_word' id='word_1_36' title='bbox 469 372 611 407; x_wconf 81' lang='grc' dir='ltr'><strong>κριτήριον</strong></span> <span class='ocrx_word' id='word_1_37' title='bbox 636 373 702 407; x_wconf 82' lang='grc' dir='ltr'>παρ’</span> <span class='ocrx_word' id='word_1_38' title='bbox 717 372 791 407; x_wconf 83' lang='grc' dir='ltr'>αὐτῷ</span> <span class='ocrx_word' id='word_1_39' title='bbox 808 372 935 407; x_wconf 81' lang='grc' dir='ltr'>κάθηται,</span> 
     </span>
    </p>
   </div>
   <div class='ocr_carea' id='block_1_8' title="bbox 142 416 936 452">
    <p class='ocr_par' dir='ltr' id='par_1_8' title="bbox 142 416 936 452">
     <span class='ocr_line' id='line_1_8' title="bbox 142 416 936 452; baseline -0.003 -8"><span class='ocrx_word' id='word_1_40' title='bbox 142 418 189 444; x_wconf 80' lang='grc' dir='ltr'>καὶ</span> <span class='ocrx_word' id='word_1_41' title='bbox 207 417 294 452; x_wconf 79' lang='grc' dir='ltr'>βίϐλοι</span> <span class='ocrx_word' id='word_1_42' title='bbox 320 416 475 450; x_wconf 84' lang='grc' dir='ltr'>ἀνοίγονται</span> <span class='ocrx_word' id='word_1_43' title='bbox 492 417 671 452; x_wconf 84' lang='grc' dir='ltr'><strong>περιέχουσαι</strong></span> <span class='ocrx_word' id='word_1_44' title='bbox 694 417 805 443; x_wconf 69' lang='grc' dir='ltr'>πάντων</span> <span class='ocrx_word' id='word_1_45' title='bbox 819 418 874 443; x_wconf 85' lang='grc' dir='ltr'><strong>τῶν</strong></span> <span class='ocrx_word' id='word_1_46' title='bbox 888 417 936 443; x_wconf 72' lang='grc' dir='ltr'><strong>ἀπ’</strong></span> 
     </span>
    </p>
   </div>
   <div class='ocr_carea' id='block_1_9' title="bbox 140 462 935 499">
    <p class='ocr_par' dir='ltr' id='par_1_9' title="bbox 140 462 935 499">
     <span class='ocr_line' id='line_1_9' title="bbox 140 462 935 499; baseline -0.001 -9"><span class='ocrx_word' id='word_1_47' title='bbox 140 463 240 495; x_wconf 80' lang='grc' dir='ltr'>αἰῶνος</span> <span class='ocrx_word' id='word_1_48' title='bbox 258 463 404 499; x_wconf 79' lang='grc' dir='ltr'><strong>ζησάντων</strong></span> <span class='ocrx_word' id='word_1_49' title='bbox 428 462 479 494; x_wconf 82' lang='grc' dir='ltr'><strong>τὰς</strong></span> <span class='ocrx_word' id='word_1_50' title='bbox 505 463 622 496; x_wconf 79' lang='grc' dir='ltr'>πράξεις</span> <span class='ocrx_word' id='word_1_51' title='bbox 639 463 686 489; x_wconf 77' lang='grc' dir='ltr'>καὶ</span> <span class='ocrx_word' id='word_1_52' title='bbox 701 463 736 489; x_wconf 88' lang='grc' dir='ltr'><strong>τὰ</strong></span> <span class='ocrx_word' id='word_1_53' title='bbox 750 463 881 498; x_wconf 67' lang='grc' dir='ltr'>ὀνόματα.</span> <span class='ocrx_word' id='word_1_54' title='bbox 904 463 935 489; x_wconf 83' lang='grc' dir='ltr'><strong>Εἰ</strong></span> 
     </span>
    </p>
   </div>
   <div class='ocr_carea' id='block_1_10' title="bbox 139 508 936 544">
    <p class='ocr_par' dir='ltr' id='par_1_10' title="bbox 139 508 936 544">
     <span class='ocr_line' id='line_1_10' title="bbox 139 508 936 544; baseline -0.001 -8"><span class='ocrx_word' id='word_1_55' title='bbox 139 510 168 536; x_wconf 80' lang='grc' dir='ltr'><strong>δὲ</strong></span> <span class='ocrx_word' id='word_1_56' title='bbox 195 510 225 536; x_wconf 73' lang='grc' dir='ltr'><strong>ἐν</strong></span> <span class='ocrx_word' id='word_1_57' title='bbox 245 509 286 544; x_wconf 82' lang='grc' dir='ltr'>τῷ</span> <span class='ocrx_word' id='word_1_58' title='bbox 314 508 414 544; x_wconf 87' lang='grc' dir='ltr'>Δανιὴλ</span> <span class='ocrx_word' id='word_1_59' title='bbox 441 509 492 543; x_wconf 85' lang='grc' dir='ltr'>μὲν</span> <span class='ocrx_word' id='word_1_60' title='bbox 519 509 617 543; x_wconf 87' lang='grc' dir='ltr'>βίϐλοι,</span> <span class='ocrx_word' id='word_1_61' title='bbox 641 508 760 535; x_wconf 80' lang='grc' dir='ltr'>ἐνταῦθα</span> <span class='ocrx_word' id='word_1_62' title='bbox 782 509 808 535; x_wconf 70' lang='grc' dir='ltr'><strong>δὲ</strong></span> <span class='ocrx_word' id='word_1_63' title='bbox 833 508 936 544; x_wconf 76' lang='grc' dir='ltr'>βιϐλίον</span> 
     </span>
    </p>
   </div>
   <div class='ocr_carea' id='block_1_11' title="bbox 139 554 936 590">
    <p class='ocr_par' dir='ltr' id='par_1_11' title="bbox 139 554 936 590">
     <span class='ocr_line' id='line_1_11' title="bbox 139 554 936 590; baseline -0.001 -9"><span class='ocrx_word' id='word_1_64' title='bbox 139 555 269 590; x_wconf 81' lang='grc' dir='ltr'><strong>ἐμφαίνει</strong></span> <span class='ocrx_word' id='word_1_65' title='bbox 286 555 301 580; x_wconf 89' lang='grc' dir='ltr'><strong>ὀ</strong></span> <span class='ocrx_word' id='word_1_66' title='bbox 315 554 398 590; x_wconf 75' lang='grc' dir='ltr'>ὀρῶν,</span> <span class='ocrx_word' id='word_1_67' title='bbox 413 554 491 581; x_wconf 71' lang='grc' dir='ltr'>οὐδὲν</span> <span class='ocrx_word' id='word_1_68' title='bbox 508 554 654 588; x_wconf 78' lang='grc' dir='ltr'>διάφωνον.</span> <span class='ocrx_word' id='word_1_69' title='bbox 670 554 749 589; x_wconf 79' lang='grc' dir='ltr'>Παρὰ</span> <span class='ocrx_word' id='word_1_70' title='bbox 766 555 816 588; x_wconf 80' lang='grc' dir='ltr'><strong>μὲν</strong></span> <span class='ocrx_word' id='word_1_71' title='bbox 831 555 886 588; x_wconf 75' lang='grc' dir='ltr'><strong>γὰρ</strong></span> <span class='ocrx_word' id='word_1_72' title='bbox 897 554 936 589; x_wconf 89' lang='grc' dir='ltr'>τῷ</span> 
     </span>
    </p>
   </div>
   <div class='ocr_carea' id='block_1_12' title="bbox 139 599 935 636">
    <p class='ocr_par' dir='ltr' id='par_1_12' title="bbox 139 599 935 636">
     <span class='ocr_line' id='line_1_12' title="bbox 139 599 935 636; baseline -0.003 -8"><span class='ocrx_word' id='word_1_73' title='bbox 139 601 251 635; x_wconf 82' lang='grc' dir='ltr'>Δανιὴλ,</span> <span class='ocrx_word' id='word_1_74' title='bbox 267 601 354 636; x_wconf 80' lang='grc' dir='ltr'>βίϐλοι</span> <span class='ocrx_word' id='word_1_75' title='bbox 365 601 415 636; x_wconf 86' lang='grc' dir='ltr'><strong>τῆς</strong></span> <span class='ocrx_word' id='word_1_76' title='bbox 431 599 605 635; x_wconf 83' lang='grc' dir='ltr'>παγκοσμίου</span> <span class='ocrx_word' id='word_1_77' title='bbox 620 600 738 636; x_wconf 79' lang='grc' dir='ltr'>κρίσεως</span> <span class='ocrx_word' id='word_1_78' title='bbox 751 600 935 634; x_wconf 71' lang='grc' dir='ltr'><strong>ἐμφαίνουσαι</strong></span> 
     </span>
    </p>
   </div>
   <div class='ocr_carea' id='block_1_13' title="bbox 139 645 935 682">
    <p class='ocr_par' dir='ltr' id='par_1_13' title="bbox 139 645 935 682">
     <span class='ocr_line' id='line_1_13' title="bbox 139 645 935 682; baseline -0.004 -8"><span class='ocrx_word' id='word_1_79' title='bbox 139 648 252 675; x_wconf 83' lang='grc' dir='ltr'>δικαίων</span> <span class='ocrx_word' id='word_1_80' title='bbox 266 648 314 673; x_wconf 73' lang='grc' dir='ltr'>καὶ</span> <span class='ocrx_word' id='word_1_81' title='bbox 328 647 429 673; x_wconf 76' lang='grc' dir='ltr'>ἀδίκων</span> <span class='ocrx_word' id='word_1_82' title='bbox 442 646 492 682; x_wconf 84' lang='grc' dir='ltr'>τὴν</span> <span class='ocrx_word' id='word_1_83' title='bbox 502 646 660 680; x_wconf 84' lang='grc' dir='ltr'>διάγνωσιν,</span> <span class='ocrx_word' id='word_1_84' title='bbox 676 645 795 673; x_wconf 78' lang='grc' dir='ltr'>ἐνταῦθα</span> <span class='ocrx_word' id='word_1_85' title='bbox 810 646 838 673; x_wconf 78' lang='grc' dir='ltr'><strong>δὲ</strong></span> <span class='ocrx_word' id='word_1_86' title='bbox 856 646 935 681; x_wconf 75' lang='grc' dir='ltr'>μόνον</span> 
     </span>
    </p>
   </div>
   <div class='ocr_carea' id='block_1_14' title="bbox 138 689 935 727">
    <p class='ocr_par' dir='ltr' id='par_1_14' title="bbox 138 689 935 727">
     <span class='ocr_line' id='line_1_14' title="bbox 138 689 935 727; baseline -0.003 -7"><span class='ocrx_word' id='word_1_87' title='bbox 138 694 195 720; x_wconf 88' lang='grc' dir='ltr'><strong>τῶν</strong></span> <span class='ocrx_word' id='word_1_88' title='bbox 210 693 352 726; x_wconf 76' lang='grc' dir='ltr'>ἀθεμίτοις</span> <span class='ocrx_word' id='word_1_89' title='bbox 372 692 465 727; x_wconf 81' lang='grc' dir='ltr'>ἔργοις</span> <span class='ocrx_word' id='word_1_90' title='bbox 482 692 689 727; x_wconf 77' lang='grc' dir='ltr'>ἑμϐιωσάντων.</span> <span class='ocrx_word' id='word_1_91' title='bbox 705 689 756 719; x_wconf 83' lang='grc' dir='ltr'><strong>Ὧν</strong></span> <span class='ocrx_word' id='word_1_92' title='bbox 773 693 820 718; x_wconf 75' lang='grc' dir='ltr'><strong>καὶ</strong></span> <span class='ocrx_word' id='word_1_93' title='bbox 835 692 935 727; x_wconf 83' lang='grc' dir='ltr'>ἐξῃρη-</span> 
     </span>
    </p>
   </div>
   <div class='ocr_carea' id='block_1_15' title="bbox 141 737 934 774">
    <p class='ocr_par' dir='ltr' id='par_1_15' title="bbox 141 737 934 774">
     <span class='ocr_line' id='line_1_15' title="bbox 141 737 934 774; baseline -0.001 -9"><span class='ocrx_word' id='word_1_94' title='bbox 141 739 231 774; x_wconf 81' lang='grc' dir='ltr'>μένως</span> <span class='ocrx_word' id='word_1_95' title='bbox 248 739 277 765; x_wconf 77' lang='lat' dir='ltr'><strong>al</strong></span> <span class='ocrx_word' id='word_1_96' title='bbox 292 739 408 774; x_wconf 74' lang='grc' dir='ltr'>πράξεις</span> <span class='ocrx_word' id='word_1_97' title='bbox 421 738 472 764; x_wconf 85' lang='grc' dir='ltr'>οὐκ</span> <span class='ocrx_word' id='word_1_98' title='bbox 488 739 517 765; x_wconf 80' lang='grc' dir='ltr'><strong>ἐν</strong></span> <span class='ocrx_word' id='word_1_99' title='bbox 532 737 639 773; x_wconf 84' lang='grc' dir='ltr'>βιϐλίῳ,</span> <span class='ocrx_word' id='word_1_100' title='bbox 653 738 711 765; x_wconf 64' lang='grc' dir='ltr'><strong>ιειλλ⁹</strong></span> <span class='ocrx_word' id='word_1_101' title='bbox 724 739 753 765; x_wconf 86' lang='grc' dir='ltr'>ἐν</span> <span class='ocrx_word' id='word_1_102' title='bbox 766 738 934 773; x_wconf 80' lang='grc' dir='ltr'>βιϐλιδαρίῳ,</span> 
     </span>
    </p>
   </div>
   <div class='ocr_carea' id='block_1_16' title="bbox 139 783 935 820">
    <p class='ocr_par' dir='ltr' id='par_1_16' title="bbox 139 783 935 820">
     <span class='ocr_line' id='line_1_16' title="bbox 139 783 935 820; baseline -0.003 -9"><span class='ocrx_word' id='word_1_103' title='bbox 139 783 345 820; x_wconf 74' lang='grc' dir='ltr'>ὑποκοριστικῷ</span> <span class='ocrx_word' id='word_1_104' title='bbox 360 783 474 818; x_wconf 82' lang='grc' dir='ltr'>ὀνόματι</span> <span class='ocrx_word' id='word_1_105' title='bbox 492 783 542 818; x_wconf 83' lang='grc' dir='ltr'>τὴν</span> <span class='ocrx_word' id='word_1_106' title='bbox 563 783 710 818; x_wconf 79' lang='grc' dir='ltr'>ὀλιγότητα</span> <span class='ocrx_word' id='word_1_107' title='bbox 734 784 789 810; x_wconf 86' lang='grc' dir='ltr'><strong>τῶν</strong></span> <span class='ocrx_word' id='word_1_108' title='bbox 805 783 935 817; x_wconf 83' lang='grc' dir='ltr'>ἐγκειμέ-</span> 
     </span>
    </p>
   </div>
   <div class='ocr_carea' id='block_1_17' title="bbox 138 829 934 865">
    <p class='ocr_par' dir='ltr' id='par_1_17' title="bbox 138 829 934 865">
     <span class='ocr_line' id='line_1_17' title="bbox 138 829 934 865; baseline -0.003 -9"><span class='ocrx_word' id='word_1_109' title='bbox 138 838 203 862; x_wconf 90' lang='grc' dir='ltr'>νων,</span> <span class='ocrx_word' id='word_1_110' title='bbox 219 829 442 865; x_wconf 81' lang='grc' dir='ltr'>παραδηλοῦντος</span> <span class='ocrx_word' id='word_1_111' title='bbox 458 829 506 856; x_wconf 82' lang='grc' dir='ltr'><strong>τοῦ</strong></span> <span class='ocrx_word' id='word_1_112' title='bbox 523 829 687 855; x_wconf 82' lang='grc' dir='ltr'>Ἀποστόλου</span> <span class='ocrx_word' id='word_1_113' title='bbox 699 829 747 855; x_wconf 78' lang='grc' dir='ltr'>ἐπὶ</span> <span class='ocrx_word' id='word_1_114' title='bbox 759 830 792 864; x_wconf 83' lang='grc' dir='ltr'>τῇ</span> <span class='ocrx_word' id='word_1_115' title='bbox 803 829 934 863; x_wconf 82' lang='grc' dir='ltr'>καθολικῇ</span> 
     </span>
    </p>
   </div>
   <div class='ocr_carea' id='block_1_18' title="bbox 138 874 936 911">
    <p class='ocr_par' dir='ltr' id='par_1_18' title="bbox 138 874 936 911">
     <span class='ocr_line' id='line_1_18' title="bbox 138 874 936 911; baseline -0.001 -9"><span class='ocrx_word' id='word_1_116' title='bbox 138 876 189 910; x_wconf 87' lang='grc' dir='ltr'><strong>τῆς</strong></span> <span class='ocrx_word' id='word_1_117' title='bbox 202 876 321 911; x_wconf 84' lang='grc' dir='ltr'>κρίσεως</span> <span class='ocrx_word' id='word_1_118' title='bbox 334 875 499 910; x_wconf 81' lang='grc' dir='ltr'>ἀποφάνσει,</span> <span class='ocrx_word' id='word_1_119' title='bbox 509 875 601 902; x_wconf 84' lang='grc' dir='ltr'>καὶτὰ</span> <span class='ocrx_word' id='word_1_120' title='bbox 609 874 711 910; x_wconf 87' lang='grc' dir='ltr'>ταύτην</span> <span class='ocrx_word' id='word_1_121' title='bbox 723 874 936 910; x_wconf 79' lang='grc' dir='ltr'><strong>συμπληροῦντα</strong></span> 
     </span>
    </p>
   </div>
   <div class='ocr_carea' id='block_1_19' title="bbox 139 921 318 957">
    <p class='ocr_par' dir='ltr' id='par_1_19' title="bbox 139 921 318 957">
     <span class='ocr_line' id='line_1_19' title="bbox 139 921 318 957; baseline -0.011 -8"><span class='ocrx_word' id='word_1_122' title='bbox 139 921 318 957; x_wconf 78' lang='grc' dir='ltr'>ὲξανυόμενα.</span> 
     </span>
    </p>
   </div>
   <div class='ocr_carea' id='block_1_20' title="bbox 173 1009 933 1046">
    <p class='ocr_par' dir='ltr' id='par_1_20' title="bbox 173 1009 933 1046">
     <span class='ocr_line' id='line_1_20' title="bbox 173 1009 933 1046; baseline -0.007 -6"><span class='ocrx_word' id='word_1_123' title='bbox 173 1013 228 1040; x_wconf 76' lang='grc' dir='ltr'><strong>Καὶ</strong></span> <span class='ocrx_word' id='word_1_124' title='bbox 243 1012 335 1046; x_wconf 72' lang='grc' dir='ltr'>ἔθηκε</span> <span class='ocrx_word' id='word_1_125' title='bbox 351 1011 406 1038; x_wconf 80' lang='grc' dir='ltr'><strong>τὸν</strong></span> <span class='ocrx_word' id='word_1_126' title='bbox 417 1011 496 1038; x_wconf 82' lang='grc' dir='ltr'><strong>πόδα</strong></span> <span class='ocrx_word' id='word_1_127' title='bbox 515 1010 608 1038; x_wconf 73' lang='grc' dir='ltr'>αὑτοῦ</span> <span class='ocrx_word' id='word_1_128' title='bbox 626 1010 680 1037; x_wconf 76' lang='grc' dir='ltr'><strong>τὸν</strong></span> <span class='ocrx_word' id='word_1_129' title='bbox 693 1009 795 1042; x_wconf 79' lang='grc' dir='ltr'>δεξιὸν</span> <span class='ocrx_word' id='word_1_130' title='bbox 811 1009 860 1036; x_wconf 79' lang='grc' dir='ltr'>ἐπὶ</span> <span class='ocrx_word' id='word_1_131' title='bbox 877 1009 933 1043; x_wconf 83' lang='grc' dir='ltr'><strong>τῆς</strong></span> 
     </span>
    </p>
   </div>
   <div class='ocr_carea' id='block_1_21' title="bbox 140 1056 933 1092">
    <p class='ocr_par' dir='ltr' id='par_1_21' title="bbox 140 1056 933 1092">
     <span class='ocr_line' id='line_1_21' title="bbox 140 1056 933 1092; baseline -0.005 -6"><span class='ocrx_word' id='word_1_132' title='bbox 140 1058 314 1092; x_wconf 74' lang='grc' dir='ltr'><strong>θαλάσσης.</strong></span> <span class='ocrx_word' id='word_1_133' title='bbox 327 1057 364 1084; x_wconf 88' lang='grc' dir='ltr'><strong>Τδ</strong></span> <span class='ocrx_word' id='word_1_134' title='bbox 377 1058 423 1084; x_wconf 87' lang='grc' dir='ltr'>τδν</span> <span class='ocrx_word' id='word_1_135' title='bbox 434 1057 483 1092; x_wconf 81' lang='grc' dir='ltr'><strong>μὲν</strong></span> <span class='ocrx_word' id='word_1_136' title='bbox 495 1057 550 1084; x_wconf 83' lang='grc' dir='ltr'><strong>τῶν</strong></span> <span class='ocrx_word' id='word_1_137' title='bbox 565 1056 655 1083; x_wconf 83' lang='grc' dir='ltr'>ποδῶν</span> <span class='ocrx_word' id='word_1_138' title='bbox 665 1058 698 1092; x_wconf 81' lang='grc' dir='ltr'><strong>τῇ</strong></span> <span class='ocrx_word' id='word_1_139' title='bbox 709 1057 781 1091; x_wconf 80' lang='grc' dir='ltr'>ὑγρᾷ</span> <span class='ocrx_word' id='word_1_140' title='bbox 792 1057 933 1091; x_wconf 81' lang='grc' dir='ltr'>ἐπερεῖσαι</span> 
     </span>
    </p>
   </div>
   <div class='ocr_carea' id='block_1_22' title="bbox 141 1102 933 1140">
    <p class='ocr_par' dir='ltr' id='par_1_22' title="bbox 141 1102 933 1140">
     <span class='ocr_line' id='line_1_22' title="bbox 141 1102 933 1140; baseline -0.005 -8"><span class='ocrx_word' id='word_1_141' title='bbox 141 1106 298 1140; x_wconf 77' lang='grc' dir='ltr'><strong>συναγωγῇ,</strong></span> <span class='ocrx_word' id='word_1_142' title='bbox 319 1105 364 1131; x_wconf 76' lang='grc' dir='ltr'><strong>τὸν</strong></span> <span class='ocrx_word' id='word_1_143' title='bbox 379 1105 408 1131; x_wconf 87' lang='grc' dir='ltr'><strong>δέ</strong></span> <span class='ocrx_word' id='word_1_144' title='bbox 422 1106 456 1139; x_wconf 81' lang='grc' dir='ltr'><strong>τῇ</strong></span> <span class='ocrx_word' id='word_1_145' title='bbox 472 1104 553 1139; x_wconf 84' lang='grc' dir='ltr'><strong>ξηρᾷ,</strong></span> <span class='ocrx_word' id='word_1_146' title='bbox 572 1103 602 1130; x_wconf 79' lang='grc' dir='ltr'><strong>τὸ</strong></span> <span class='ocrx_word' id='word_1_147' title='bbox 615 1104 729 1138; x_wconf 83' lang='grc' dir='ltr'>μέγεθος</span> <span class='ocrx_word' id='word_1_148' title='bbox 745 1102 933 1137; x_wconf 80' lang='grc' dir='ltr'>ὑπεμφαίνον-</span> 
     </span>
    </p>
   </div>
   <div class='ocr_carea' id='block_1_23' title="bbox 138 1149 932 1184">
    <p class='ocr_par' dir='ltr' id='par_1_23' title="bbox 138 1149 932 1184">
     <span class='ocr_line' id='line_1_23' title="bbox 138 1149 932 1184; baseline -0.005 -6"><span class='ocrx_word' id='word_1_149' title='bbox 138 1152 184 1183; x_wconf 78' lang='grc' dir='ltr'>τός</span> <span class='ocrx_word' id='word_1_150' title='bbox 208 1153 267 1178; x_wconf 81' lang='grc' dir='ltr'>ἐστι</span> <span class='ocrx_word' id='word_1_151' title='bbox 291 1151 339 1178; x_wconf 83' lang='grc' dir='ltr'>τοῦ</span> <span class='ocrx_word' id='word_1_152' title='bbox 364 1150 572 1184; x_wconf 77' lang='grc' dir='ltr'>κατειληφότος.</span> <span class='ocrx_word' id='word_1_153' title='bbox 600 1150 637 1176; x_wconf 87' lang='grc' dir='ltr'><strong>Τὸ</strong></span> <span class='ocrx_word' id='word_1_154' title='bbox 665 1150 694 1176; x_wconf 84' lang='grc' dir='ltr'><strong>δέ</strong></span> <span class='ocrx_word' id='word_1_155' title='bbox 718 1149 764 1176; x_wconf 80' lang='grc' dir='ltr'>τδν</span> <span class='ocrx_word' id='word_1_156' title='bbox 791 1149 878 1181; x_wconf 76' lang='grc' dir='ltr'>δεξιὸν</span> <span class='ocrx_word' id='word_1_157' title='bbox 898 1149 932 1184; x_wconf 82' lang='grc' dir='ltr'><strong>τῇ</strong></span> 
     </span>
    </p>
   </div>
   <div class='ocr_carea' id='block_1_24' title="bbox 139 1193 931 1233">
    <p class='ocr_par' dir='ltr' id='par_1_24' title="bbox 139 1193 931 1233">
     <span class='ocr_line' id='line_1_24' title="bbox 139 1193 931 1233; baseline -0.005 -9"><span class='ocrx_word' id='word_1_158' title='bbox 139 1198 223 1233; x_wconf 85' lang='grc' dir='ltr'>ὑγρᾷ,</span> <span class='ocrx_word' id='word_1_159' title='bbox 240 1198 286 1224; x_wconf 82' lang='grc' dir='ltr'>τὸν</span> <span class='ocrx_word' id='word_1_160' title='bbox 300 1197 446 1232; x_wconf 78' lang='grc' dir='ltr'>ἀριστερὸν</span> <span class='ocrx_word' id='word_1_161' title='bbox 464 1197 492 1223; x_wconf 81' lang='grc' dir='ltr'><strong>δέ</strong></span> <span class='ocrx_word' id='word_1_162' title='bbox 509 1198 541 1231; x_wconf 84' lang='grc' dir='ltr'>τῇ</span> <span class='ocrx_word' id='word_1_163' title='bbox 561 1196 642 1231; x_wconf 78' lang='grc' dir='ltr'>ξηρᾷ,</span> <span class='ocrx_word' id='word_1_164' title='bbox 656 1197 707 1222; x_wconf 76' lang='grc' dir='ltr'>οὐκ</span> <span class='ocrx_word' id='word_1_165' title='bbox 728 1195 826 1227; x_wconf 78' lang='grc' dir='ltr'>ἄλλως,</span> <span class='ocrx_word' id='word_1_166' title='bbox 843 1193 931 1229; x_wconf 81' lang='grc' dir='ltr'>οἶμαι,</span> 
     </span>
    </p>
   </div>
   <div class='ocr_carea' id='block_1_25' title="bbox 139 1242 933 1280">
    <p class='ocr_par' dir='ltr' id='par_1_25' title="bbox 139 1242 933 1280">
     <span class='ocr_line' id='line_1_25' title="bbox 139 1242 933 1280; baseline -0.003 -9"><span class='ocrx_word' id='word_1_167' title='bbox 139 1246 156 1280; x_wconf 85' lang='grc' dir='ltr'>ἢ</span> <span class='ocrx_word' id='word_1_168' title='bbox 179 1246 212 1279; x_wconf 82' lang='grc' dir='ltr'><strong>τῇ</strong></span> <span class='ocrx_word' id='word_1_169' title='bbox 232 1244 306 1271; x_wconf 79' lang='grc' dir='ltr'>θέσει</span> <span class='ocrx_word' id='word_1_170' title='bbox 330 1244 415 1270; x_wconf 84' lang='grc' dir='ltr'>τῶνδε</span> <span class='ocrx_word' id='word_1_171' title='bbox 431 1244 485 1270; x_wconf 89' lang='grc' dir='ltr'><strong>τῶν</strong></span> <span class='ocrx_word' id='word_1_172' title='bbox 516 1243 655 1278; x_wconf 79' lang='grc' dir='ltr'>στοιχείων</span> <span class='ocrx_word' id='word_1_173' title='bbox 684 1242 828 1278; x_wconf 77' lang='grc' dir='ltr'>ἑπόμενος.</span> <span class='ocrx_word' id='word_1_174' title='bbox 859 1242 933 1277; x_wconf 78' lang='grc' dir='ltr'>Ἀἐρι</span> 
     </span>
    </p>
   </div>
   <div class='ocr_carea' id='block_1_26' title="bbox 140 1288 934 1326">
    <p class='ocr_par' dir='ltr' id='par_1_26' title="bbox 140 1288 934 1326">
     <span class='ocr_line' id='line_1_26' title="bbox 140 1288 934 1326; baseline -0.004 -9"><span class='ocrx_word' id='word_1_175' title='bbox 140 1291 196 1326; x_wconf 73' lang='grc' dir='ltr'><strong>γὰρ</strong></span> <span class='ocrx_word' id='word_1_176' title='bbox 206 1291 374 1325; x_wconf 78' lang='grc' dir='ltr'>λεπτομερεῖ</span> <span class='ocrx_word' id='word_1_177' title='bbox 382 1290 433 1325; x_wconf 82' lang='grc' dir='ltr'><strong>τὴν</strong></span> <span class='ocrx_word' id='word_1_178' title='bbox 451 1289 601 1315; x_wconf 81' lang='grc' dir='ltr'>ὑπόστασιν</span> <span class='ocrx_word' id='word_1_179' title='bbox 615 1288 682 1321; x_wconf 80' lang='grc' dir='ltr'>δντι,</span> <span class='ocrx_word' id='word_1_180' title='bbox 695 1288 725 1315; x_wconf 81' lang='grc' dir='ltr'>τὸ</span> <span class='ocrx_word' id='word_1_181' title='bbox 736 1288 934 1324; x_wconf 83' lang='grc' dir='ltr'>ἁδρομερέστε-</span> 
     </span>
    </p>
   </div>
   <div class='ocr_carea' id='block_1_27' title="bbox 141 1334 933 1372">
    <p class='ocr_par' dir='ltr' id='par_1_27' title="bbox 141 1334 933 1372">
     <span class='ocr_line' id='line_1_27' title="bbox 141 1334 933 1372; baseline -0.004 -9"><span class='ocrx_word' id='word_1_182' title='bbox 141 1346 187 1372; x_wconf 83' lang='grc' dir='ltr'><strong>ρον</strong></span> <span class='ocrx_word' id='word_1_183' title='bbox 209 1337 281 1371; x_wconf 77' lang='grc' dir='ltr'>ὕδωρ</span> <span class='ocrx_word' id='word_1_184' title='bbox 301 1336 458 1366; x_wconf 80' lang='grc' dir='ltr'>ὑπόκειται,</span> <span class='ocrx_word' id='word_1_185' title='bbox 479 1335 573 1370; x_wconf 79' lang='grc' dir='ltr'>ὥσπερ</span> <span class='ocrx_word' id='word_1_186' title='bbox 596 1334 635 1369; x_wconf 86' lang='grc' dir='ltr'>τῷ</span> <span class='ocrx_word' id='word_1_187' title='bbox 648 1334 724 1361; x_wconf 77' lang='grc' dir='ltr'>ὖδιτι</span> <span class='ocrx_word' id='word_1_188' title='bbox 747 1336 763 1369; x_wconf 87' lang='grc' dir='ltr'>ὴ</span> <span class='ocrx_word' id='word_1_189' title='bbox 779 1335 860 1370; x_wconf 80' lang='grc' dir='ltr'>ξηρά.</span> <span class='ocrx_word' id='word_1_190' title='bbox 875 1334 933 1361; x_wconf 79' lang='grc' dir='ltr'><strong>Οὐκ</strong></span> 
     </span>
    </p>
   </div>
   <div class='ocr_carea' id='block_1_28' title="bbox 139 1372 934 1416">
    <p class='ocr_par' dir='ltr' id='par_1_28' title="bbox 139 1372 934 1416">
     <span class='ocr_line' id='line_1_28' title="bbox 139 1372 934 1416; baseline -0.003 -9"><span class='ocrx_word' id='word_1_191' title='bbox 139 1381 227 1412; x_wconf 81' lang='grc' dir='ltr'>ἄλλως</span> <span class='ocrx_word' id='word_1_192' title='bbox 244 1379 302 1414; x_wconf 80' lang='grc' dir='ltr'>οὖν,</span> <span class='ocrx_word' id='word_1_193' title='bbox 318 1379 406 1416; x_wconf 77' lang='grc' dir='ltr'>οἶμαι,</span> <span class='ocrx_word' id='word_1_194' title='bbox 424 1381 439 1415; x_wconf 86' lang='grc' dir='ltr'>ἣ</span> <span class='ocrx_word' id='word_1_195' title='bbox 461 1381 502 1407; x_wconf 78' lang='grc' dir='ltr'>ὅτι</span> <span class='ocrx_word' id='word_1_196' title='bbox 518 1381 552 1407; x_wconf 87' lang='grc' dir='ltr'><strong>τὰ</strong></span> <span class='ocrx_word' id='word_1_197' title='bbox 570 1380 644 1412; x_wconf 76' lang='grc' dir='ltr'>δεξιὰ</span> <span class='ocrx_word' id='word_1_198' title='bbox 667 1380 710 1406; x_wconf 78' lang='grc' dir='ltr'><strong>ἀεὶ</strong></span> <span class='ocrx_word' id='word_1_199' title='bbox 726 1372 934 1415; x_wconf 67' lang='grc' dir='ltr'>δυναμικώτερα</span> 
     </span>
    </p>
   </div>
   <div class='ocr_carea' id='block_1_29' title="bbox 139 1426 933 1464">
    <p class='ocr_par' dir='ltr' id='par_1_29' title="bbox 139 1426 933 1464">
     <span class='ocr_line' id='line_1_29' title="bbox 139 1426 933 1464; baseline -0.003 -9"><span class='ocrx_word' id='word_1_200' title='bbox 139 1429 195 1455; x_wconf 85' lang='grc' dir='ltr'><strong>τῶν</strong></span> <span class='ocrx_word' id='word_1_201' title='bbox 213 1429 377 1464; x_wconf 79' lang='grc' dir='ltr'>ἀριστερῶν,</span> <span class='ocrx_word' id='word_1_202' title='bbox 402 1427 532 1454; x_wconf 84' lang='grc' dir='ltr'>πλειόνων</span> <span class='ocrx_word' id='word_1_203' title='bbox 550 1427 650 1462; x_wconf 85' lang='grc' dir='ltr'>δηλαδὴ</span> <span class='ocrx_word' id='word_1_204' title='bbox 674 1427 759 1454; x_wconf 79' lang='grc' dir='ltr'>ὄντων</span> <span class='ocrx_word' id='word_1_205' title='bbox 785 1427 839 1453; x_wconf 87' lang='grc' dir='ltr'><strong>τῶν</strong></span> <span class='ocrx_word' id='word_1_206' title='bbox 861 1426 933 1453; x_wconf 79' lang='grc' dir='ltr'>κατὰ</span> 
     </span>
    </p>
   </div>
   <div class='ocr_carea' id='block_1_30' title="bbox 140 1472 933 1509">
    <p class='ocr_par' dir='ltr' id='par_1_30' title="bbox 140 1472 933 1509">
     <span class='ocr_line' id='line_1_30' title="bbox 140 1472 933 1509; baseline -0.005 -7"><span class='ocrx_word' id='word_1_207' title='bbox 140 1475 278 1502; x_wconf 68' lang='grc' dir='ltr'>θᾶλασσαν</span> <span class='ocrx_word' id='word_1_208' title='bbox 298 1473 494 1509; x_wconf 81' lang='grc' dir='ltr'>ἀνοσιουργῶν,</span> <span class='ocrx_word' id='word_1_209' title='bbox 517 1474 668 1508; x_wconf 77' lang='grc' dir='ltr'>πειρατῶν,</span> <span class='ocrx_word' id='word_1_210' title='bbox 683 1473 766 1506; x_wconf 78' lang='grc' dir='ltr'>λέγω,</span> <span class='ocrx_word' id='word_1_211' title='bbox 786 1472 834 1499; x_wconf 75' lang='grc' dir='ltr'>καὶ</span> <span class='ocrx_word' id='word_1_212' title='bbox 847 1480 933 1498; x_wconf 53' lang='grc' dir='ltr'>κατα-</span> 
     </span>
    </p>
   </div>
   <div class='ocr_carea' id='block_1_31' title="bbox 140 1518 931 1555">
    <p class='ocr_par' dir='ltr' id='par_1_31' title="bbox 140 1518 931 1555">
     <span class='ocr_line' id='line_1_31' title="bbox 140 1518 931 1555; baseline -0.005 -8"><span class='ocrx_word' id='word_1_213' title='bbox 140 1521 292 1547; x_wconf 79' lang='grc' dir='ltr'>ποντιοτῶν</span> <span class='ocrx_word' id='word_1_214' title='bbox 318 1521 350 1547; x_wconf 82' lang='grc' dir='ltr'><strong>ἐκ</strong></span> <span class='ocrx_word' id='word_1_215' title='bbox 376 1519 533 1555; x_wconf 79' lang='grc' dir='ltr'>ναυμαχίας</span> <span class='ocrx_word' id='word_1_216' title='bbox 550 1520 567 1554; x_wconf 80' lang='grc' dir='ltr'>ἦ</span> <span class='ocrx_word' id='word_1_217' title='bbox 582 1528 654 1551; x_wconf 79' lang='grc' dir='ltr'>τινος</span> <span class='ocrx_word' id='word_1_218' title='bbox 672 1519 757 1553; x_wconf 77' lang='grc' dir='ltr'>ἄλλης</span> <span class='ocrx_word' id='word_1_219' title='bbox 775 1518 931 1551; x_wconf 78' lang='grc' dir='ltr'>ἐπιϐουλῆς,</span> 
     </span>
    </p>
   </div>
   <div class='ocr_carea' id='block_1_32' title="bbox 140 1563 933 1602">
    <p class='ocr_par' dir='ltr' id='par_1_32' title="bbox 140 1563 933 1602">
     <span class='ocr_line' id='line_1_32' title="bbox 140 1563 933 1602; baseline -0.005 -9"><span class='ocrx_word' id='word_1_220' title='bbox 140 1568 188 1600; x_wconf 76' lang='grc' dir='ltr'><strong>τῆς</strong></span> <span class='ocrx_word' id='word_1_221' title='bbox 202 1567 289 1602; x_wconf 80' lang='grc' dir='ltr'>ὑγρᾶς</span> <span class='ocrx_word' id='word_1_222' title='bbox 312 1566 489 1598; x_wconf 72' lang='grc' dir='ltr'>ύποστάσεας</span> <span class='ocrx_word' id='word_1_223' title='bbox 519 1565 710 1600; x_wconf 80' lang='grc' dir='ltr'>ἁμοχθοτέραν</span> <span class='ocrx_word' id='word_1_224' title='bbox 733 1566 789 1595; x_wconf 81' lang='grc' dir='ltr'>τοῖς</span> <span class='ocrx_word' id='word_1_225' title='bbox 812 1563 933 1598; x_wconf 84' lang='grc' dir='ltr'>κακούρ-</span> 
     </span>
    </p>
   </div>
   <div class='ocr_carea' id='block_1_33' title="bbox 140 1609 933 1647">
    <p class='ocr_par' dir='ltr' id='par_1_33' title="bbox 140 1609 933 1647">
     <span class='ocr_line' id='line_1_33' title="bbox 140 1609 933 1647; baseline -0.006 -7"><span class='ocrx_word' id='word_1_226' title='bbox 140 1622 211 1647; x_wconf 82' lang='grc' dir='ltr'>γοις,</span> <span class='ocrx_word' id='word_1_227' title='bbox 241 1613 302 1640; x_wconf 81' lang='grc' dir='ltr'>καθ’</span> <span class='ocrx_word' id='word_1_228' title='bbox 322 1611 360 1640; x_wconf 83' lang='grc' dir='ltr'>ὧν</span> <span class='ocrx_word' id='word_1_229' title='bbox 386 1612 537 1644; x_wconf 82' lang='grc' dir='ltr'>ἐπιϐούλως</span> <span class='ocrx_word' id='word_1_230' title='bbox 566 1611 734 1640; x_wconf 81' lang='grc' dir='ltr'>διάκεινται,</span> <span class='ocrx_word' id='word_1_231' title='bbox 766 1609 816 1645; x_wconf 84' lang='grc' dir='ltr'>τὴν</span> <span class='ocrx_word' id='word_1_232' title='bbox 844 1609 933 1641; x_wconf 69' lang='grc' dir='ltr'>ἔξοδον</span> 
     </span>
    </p>
   </div>
   <div class='ocr_carea' id='block_1_34' title="bbox 140 1655 932 1695">
    <p class='ocr_par' dir='ltr' id='par_1_34' title="bbox 140 1655 932 1695">
     <span class='ocr_line' id='line_1_34' title="bbox 140 1655 932 1695; baseline -0.008 -8"><span class='ocrx_word' id='word_1_233' title='bbox 140 1661 343 1695; x_wconf 75' lang='grc' dir='ltr'>παρεχομένης.</span> <span class='ocrx_word' id='word_1_234' title='bbox 370 1660 449 1686; x_wconf 78' lang='grc' dir='ltr'>Ἐπεὶ</span> <span class='ocrx_word' id='word_1_235' title='bbox 465 1657 512 1685; x_wconf 84' lang='grc' dir='ltr'>οὖν</span> <span class='ocrx_word' id='word_1_236' title='bbox 527 1657 625 1691; x_wconf 79' lang='grc' dir='ltr'>ταῦτα,</span> <span class='ocrx_word' id='word_1_237' title='bbox 650 1656 886 1691; x_wconf 71' lang='grc' dir='ltr'>ἐπιτετευγμένως</span> <span class='ocrx_word' id='word_1_238' title='bbox 902 1655 932 1682; x_wconf 83' lang='grc' dir='ltr'><strong>τὺ</strong></span> 
     </span>
    </p>
   </div>
   <div class='ocr_carea' id='block_1_35' title="bbox 141 1700 933 1742">
    <p class='ocr_par' dir='ltr' id='par_1_35' title="bbox 141 1700 933 1742">
     <span class='ocr_line' id='line_1_35' title="bbox 141 1700 933 1742; baseline -0.008 -9"><span class='ocrx_word' id='word_1_239' title='bbox 141 1706 365 1742; x_wconf 85' lang='grc' dir='ltr'>δυναμικώτερον</span> <span class='ocrx_word' id='word_1_240' title='bbox 391 1706 449 1737; x_wconf 85' lang='grc' dir='ltr'>τοῖς</span> <span class='ocrx_word' id='word_1_241' title='bbox 472 1704 638 1740; x_wconf 83' lang='grc' dir='ltr'>κακούργοις</span> <span class='ocrx_word' id='word_1_242' title='bbox 655 1702 850 1738; x_wconf 81' lang='grc' dir='ltr'>προσνέμεται.</span> <span class='ocrx_word' id='word_1_243' title='bbox 876 1700 933 1728; x_wconf 74' lang='grc' dir='ltr'><strong>Καὶ</strong></span> 
     </span>
    </p>
   </div>
   <div class='ocr_carea' id='block_1_36' title="bbox 139 1747 932 1786">
    <p class='ocr_par' dir='ltr' id='par_1_36' title="bbox 139 1747 932 1786">
     <span class='ocr_line' id='line_1_36' title="bbox 139 1747 932 1786; baseline -0.006 -8"><span class='ocrx_word' id='word_1_244' title='bbox 139 1753 182 1778; x_wconf 75' lang='grc' dir='ltr'>ὅτι</span> <span class='ocrx_word' id='word_1_245' title='bbox 210 1752 301 1782; x_wconf 81' lang='grc' dir='ltr'>τοῦτο,</span> <span class='ocrx_word' id='word_1_246' title='bbox 318 1753 332 1778; x_wconf 82' lang='grc' dir='ltr'><strong>ὸ</strong></span> <span class='ocrx_word' id='word_1_247' title='bbox 356 1751 506 1786; x_wconf 85' lang='grc' dir='ltr'>Θεοπάτωρ</span> <span class='ocrx_word' id='word_1_248' title='bbox 529 1751 661 1785; x_wconf 74' lang='grc' dir='ltr'>ἐχέγγυος</span> <span class='ocrx_word' id='word_1_249' title='bbox 687 1747 886 1780; x_wconf 72' lang='grc' dir='ltr'>πιστώσασθαι,</span> <span class='ocrx_word' id='word_1_250' title='bbox 901 1747 932 1774; x_wconf 78' lang='grc' dir='ltr'><strong>ἐν</strong></span> 
     </span>
    </p>
   </div>
   <div class='ocr_carea' id='block_1_37' title="bbox 139 1794 933 1833">
    <p class='ocr_par' dir='ltr' id='par_1_37' title="bbox 139 1794 933 1833">
     <span class='ocr_line' id='line_1_37' title="bbox 139 1794 933 1833; baseline -0.008 -8"><span class='ocrx_word' id='word_1_251' title='bbox 139 1796 181 1830; x_wconf 81' lang='grc' dir='ltr'>οἷς</span> <span class='ocrx_word' id='word_1_252' title='bbox 195 1797 246 1833; x_wconf 80' lang='grc' dir='ltr'>τὴν</span> <span class='ocrx_word' id='word_1_253' title='bbox 263 1798 326 1824; x_wconf 87' lang='grc' dir='ltr'>καθ’</span> <span class='ocrx_word' id='word_1_254' title='bbox 354 1797 433 1832; x_wconf 79' lang='grc' dir='ltr'>ἡμῶν</span> <span class='ocrx_word' id='word_1_255' title='bbox 447 1797 502 1823; x_wconf 87' lang='grc' dir='ltr'><strong>τῶν</strong></span> <span class='ocrx_word' id='word_1_256' title='bbox 527 1795 680 1822; x_wconf 83' lang='grc' dir='ltr'>ἐπιϐούλων</span> <span class='ocrx_word' id='word_1_257' title='bbox 706 1795 772 1830; x_wconf 70' lang='grc' dir='ltr'><strong>ἡμῖν</strong></span> <span class='ocrx_word' id='word_1_258' title='bbox 796 1794 933 1829; x_wconf 82' lang='grc' dir='ltr'>δαιμόνων</span> 
     </span>
    </p>
   </div>
   <div class='ocr_carea' id='block_1_38' title="bbox 142 1839 933 1879">
    <p class='ocr_par' dir='ltr' id='par_1_38' title="bbox 142 1839 933 1879">
     <span class='ocr_line' id='line_1_38' title="bbox 142 1839 933 1879; baseline -0.005 -9"><span class='ocrx_word' id='word_1_259' title='bbox 142 1844 308 1879; x_wconf 82' lang='grc' dir='ltr'>προσϐολὴν,</span> <span class='ocrx_word' id='word_1_260' title='bbox 331 1843 443 1879; x_wconf 66' lang='grc' dir='ltr'>βοηθείᾳ.</span> <span class='ocrx_word' id='word_1_261' title='bbox 459 1842 537 1878; x_wconf 84' lang='grc' dir='ltr'>ἡμῶν</span> <span class='ocrx_word' id='word_1_262' title='bbox 562 1842 713 1878; x_wconf 82' lang='grc' dir='ltr'>χρωμένων</span> <span class='ocrx_word' id='word_1_263' title='bbox 737 1843 772 1876; x_wconf 83' lang='grc' dir='ltr'>τῇ</span> <span class='ocrx_word' id='word_1_264' title='bbox 788 1840 836 1868; x_wconf 84' lang='grc' dir='ltr'>τοῦ</span> <span class='ocrx_word' id='word_1_265' title='bbox 856 1839 933 1874; x_wconf 73' lang='grc' dir='ltr'>’Υψι-</span> 
     </span>
    </p>
   </div>
   <div class='ocr_carea' id='block_1_39' title="bbox 141 1884 933 1925">
    <p class='ocr_par' dir='ltr' id='par_1_39' title="bbox 141 1884 933 1925">
     <span class='ocr_line' id='line_1_39' title="bbox 141 1884 933 1925; baseline -0.004 -9"><span class='ocrx_word' id='word_1_266' title='bbox 141 1898 216 1922; x_wconf 77' lang='grc' dir='ltr'>στου,</span> <span class='ocrx_word' id='word_1_267' title='bbox 233 1891 266 1916; x_wconf 80' lang='grc' dir='ltr'><strong>ἐκ</strong></span> <span class='ocrx_word' id='word_1_268' title='bbox 288 1890 337 1925; x_wconf 88' lang='grc' dir='ltr'>μὲν</span> <span class='ocrx_word' id='word_1_269' title='bbox 367 1890 414 1916; x_wconf 77' lang='grc' dir='ltr'>τοῦ</span> <span class='ocrx_word' id='word_1_270' title='bbox 435 1889 582 1925; x_wconf 81' lang='grc' dir='ltr'>ἀριστεροῦ</span> <span class='ocrx_word' id='word_1_271' title='bbox 610 1884 720 1920; x_wconf 83' lang='grc' dir='ltr'>κλίτους</span> <span class='ocrx_word' id='word_1_272' title='bbox 742 1887 933 1923; x_wconf 88' lang='grc' dir='ltr'>χιλιοπλασίαν</span> 
     </span>
    </p>
   </div>
   <div class='ocr_carea' id='block_1_40' title="bbox 141 1933 933 1970">
    <p class='ocr_par' dir='ltr' id='par_1_40' title="bbox 141 1933 933 1970">
     <span class='ocr_line' id='line_1_40' title="bbox 141 1933 933 1970; baseline -0.001 -9"><span class='ocrx_word' id='word_1_273' title='bbox 141 1937 191 1968; x_wconf 75' lang='grc' dir='ltr'>τὴν</span> <span class='ocrx_word' id='word_1_274' title='bbox 203 1936 309 1962; x_wconf 85' lang='grc' dir='ltr'>πτῶσιν</span> <span class='ocrx_word' id='word_1_275' title='bbox 319 1936 373 1963; x_wconf 79' lang='grc' dir='ltr'><strong>τῶν</strong></span> <span class='ocrx_word' id='word_1_276' title='bbox 382 1937 412 1962; x_wconf 86' lang='grc' dir='ltr'>ἐν</span> <span class='ocrx_word' id='word_1_277' title='bbox 426 1936 517 1962; x_wconf 84' lang='grc' dir='ltr'>σκότει</span> <span class='ocrx_word' id='word_1_278' title='bbox 530 1935 767 1970; x_wconf 80' lang='grc' dir='ltr'>διαπορευομένων</span> <span class='ocrx_word' id='word_1_279' title='bbox 782 1933 933 1960; x_wconf 81' lang='grc' dir='ltr'>ἐπιϐούλων</span> 
     </span>
    </p>
   </div>
   <div class='ocr_carea' id='block_1_41' title="bbox 141 1979 933 2017">
    <p class='ocr_par' dir='ltr' id='par_1_41' title="bbox 141 1979 933 2017">
     <span class='ocr_line' id='line_1_41' title="bbox 141 1979 933 2017; baseline -0.005 -8"><span class='ocrx_word' id='word_1_280' title='bbox 141 1983 208 2017; x_wconf 83' lang='grc' dir='ltr'>ἡμῖν</span> <span class='ocrx_word' id='word_1_281' title='bbox 226 1982 406 2017; x_wconf 53' lang='grc' dir='ltr'>ὑπογράφων,</span> <span class='ocrx_word' id='word_1_282' title='bbox 431 1983 462 2008; x_wconf 86' lang='grc' dir='ltr'><strong>τὺ</strong></span> <span class='ocrx_word' id='word_1_283' title='bbox 481 1982 665 2008; x_wconf 72' lang='grc' dir='ltr'>δεκαπλάσιον</span> <span class='ocrx_word' id='word_1_284' title='bbox 681 1981 719 2016; x_wconf 82' lang='grc' dir='ltr'>τῷ</span> <span class='ocrx_word' id='word_1_285' title='bbox 733 1980 812 2016; x_wconf 82' lang='grc' dir='ltr'>δεξιῷ</span> <span class='ocrx_word' id='word_1_286' title='bbox 827 1979 933 2014; x_wconf 80' lang='grc' dir='ltr'>ἀφωρί-</span> 
     </span>
    </p>
   </div>
   <div class='ocr_carea' id='block_1_42' title="bbox 143 2025 932 2064">
    <p class='ocr_par' dir='ltr' id='par_1_42' title="bbox 143 2025 932 2064">
     <span class='ocr_line' id='line_1_42' title="bbox 143 2025 932 2064; baseline -0.003 -11"><span class='ocrx_word' id='word_1_287' title='bbox 143 2036 219 2056; x_wconf 77' lang='grc' dir='ltr'>σατο.</span> <span class='ocrx_word' id='word_1_288' title='bbox 232 2029 287 2055; x_wconf 76' lang='grc' dir='ltr'><strong>Καὶ</strong></span> <span class='ocrx_word' id='word_1_289' title='bbox 300 2029 364 2064; x_wconf 72' lang='grc' dir='ltr'>περὶ</span> <span class='ocrx_word' id='word_1_290' title='bbox 380 2029 428 2063; x_wconf 78' lang='grc' dir='ltr'>μὲν</span> <span class='ocrx_word' id='word_1_291' title='bbox 444 2029 493 2063; x_wconf 80' lang='grc' dir='ltr'><strong>τῆς</strong></span> <span class='ocrx_word' id='word_1_292' title='bbox 505 2028 623 2062; x_wconf 70' lang='grc' dir='ltr'>ἐμϐολῆς</span> <span class='ocrx_word' id='word_1_293' title='bbox 639 2027 692 2053; x_wconf 81' lang='grc' dir='ltr'><strong>τῶν</strong></span> <span class='ocrx_word' id='word_1_294' title='bbox 709 2027 798 2053; x_wconf 82' lang='grc' dir='ltr'>ποδῶν</span> <span class='ocrx_word' id='word_1_295' title='bbox 811 2025 932 2052; x_wconf 81' lang='grc' dir='ltr'>τοιαῦτα.</span> 
     </span>
    </p>
   </div>
   <div class='ocr_carea' id='block_1_43' title="bbox 142 2072 933 2109">
    <p class='ocr_par' dir='ltr' id='par_1_43' title="bbox 142 2072 933 2109">
     <span class='ocr_line' id='line_1_43' title="bbox 142 2072 933 2109; baseline -0.001 -10"><span class='ocrx_word' id='word_1_296' title='bbox 142 2073 179 2099; x_wconf 76' lang='grc' dir='ltr'><strong>Τὸ</strong></span> <span class='ocrx_word' id='word_1_297' title='bbox 191 2073 219 2100; x_wconf 73' lang='grc' dir='ltr'><strong>δὲ</strong></span> <span class='ocrx_word' id='word_1_298' title='bbox 234 2073 333 2109; x_wconf 81' lang='grc' dir='ltr'>κράξαι</span> <span class='ocrx_word' id='word_1_299' title='bbox 350 2075 426 2108; x_wconf 69' lang='grc' dir='ltr'>φωνῇ</span> <span class='ocrx_word' id='word_1_300' title='bbox 443 2073 548 2108; x_wconf 82' lang='grc' dir='ltr'>μεγάλῃ</span> <span class='ocrx_word' id='word_1_301' title='bbox 565 2074 612 2099; x_wconf 73' lang='grc' dir='ltr'>καὶ</span> <span class='ocrx_word' id='word_1_302' title='bbox 627 2072 769 2107; x_wconf 79' lang='grc' dir='ltr'>λεοντιαίῳ</span> <span class='ocrx_word' id='word_1_303' title='bbox 779 2073 933 2107; x_wconf 79' lang='grc' dir='ltr'>ἀπηχήσει,</span> 
     </span>
    </p>
   </div>
   <div class='ocr_carea' id='block_1_44' title="bbox 142 2119 935 2155">
    <p class='ocr_par' dir='ltr' id='par_1_44' title="bbox 142 2119 935 2155">
     <span class='ocr_line' id='line_1_44' title="bbox 142 2119 935 2155; baseline -0.001 -10"><span class='ocrx_word' id='word_1_304' title='bbox 142 2119 193 2154; x_wconf 87' lang='grc' dir='ltr'><strong>τῆς</strong></span> <span class='ocrx_word' id='word_1_305' title='bbox 211 2119 298 2155; x_wconf 85' lang='grc' dir='ltr'>ὀργῆς</span> <span class='ocrx_word' id='word_1_306' title='bbox 320 2120 378 2146; x_wconf 74' lang='grc' dir='ltr'>ἐστι</span> <span class='ocrx_word' id='word_1_307' title='bbox 406 2119 551 2153; x_wconf 82' lang='grc' dir='ltr'>σύμϐολον.</span> <span class='ocrx_word' id='word_1_308' title='bbox 569 2119 615 2145; x_wconf 80' lang='grc' dir='ltr'><strong>Διὸ</strong></span> <span class='ocrx_word' id='word_1_309' title='bbox 638 2119 684 2145; x_wconf 75' lang='grc' dir='ltr'>καὶ</span> <span class='ocrx_word' id='word_1_310' title='bbox 702 2119 840 2154; x_wconf 83' lang='grc' dir='ltr'>μυκηθμῷ</span> <span class='ocrx_word' id='word_1_311' title='bbox 865 2127 935 2153; x_wconf 88' lang='grc' dir='ltr'>παρ-</span> 
     </span>
    </p>
   </div>
   <div class='ocr_carea' id='block_1_45' title="bbox 142 2164 935 2199">
    <p class='ocr_par' dir='ltr' id='par_1_45' title="bbox 142 2164 935 2199">
     <span class='ocr_line' id='line_1_45' title="bbox 142 2164 935 2199; baseline 0 -9"><span class='ocrx_word' id='word_1_312' title='bbox 142 2165 255 2199; x_wconf 82' lang='grc' dir='ltr'>εϐλήθη.</span> <span class='ocrx_word' id='word_1_313' title='bbox 275 2165 434 2199; x_wconf 83' lang='grc' dir='ltr'>Ἐπομένως</span> <span class='ocrx_word' id='word_1_314' title='bbox 456 2164 485 2191; x_wconf 84' lang='grc' dir='ltr'><strong>δὲ</strong></span> <span class='ocrx_word' id='word_1_315' title='bbox 507 2165 540 2199; x_wconf 82' lang='grc' dir='ltr'><strong>τῇ</strong></span> <span class='ocrx_word' id='word_1_316' title='bbox 562 2165 670 2199; x_wconf 81' lang='grc' dir='ltr'>κραυγῇ</span> <span class='ocrx_word' id='word_1_317' title='bbox 694 2164 722 2190; x_wconf 88' lang='grc' dir='ltr'>αἱ</span> <span class='ocrx_word' id='word_1_318' title='bbox 738 2165 808 2190; x_wconf 64' lang='grc' dir='ltr'>ἑπτὰ</span> <span class='ocrx_word' id='word_1_319' title='bbox 825 2164 935 2199; x_wconf 79' lang='grc' dir='ltr'>βρονταὶ</span> 
     </span>
    </p>
   </div>
   <div class='ocr_carea' id='block_1_46' title="bbox 142 2210 936 2246">
    <p class='ocr_par' dir='ltr' id='par_1_46' title="bbox 142 2210 936 2246">
     <span class='ocr_line' id='line_1_46' title="bbox 142 2210 936 2246; baseline -0.003 -8"><span class='ocrx_word' id='word_1_320' title='bbox 142 2211 289 2246; x_wconf 80' lang='grc' dir='ltr'>ἐλάλησαν.</span> <span class='ocrx_word' id='word_1_321' title='bbox 317 2211 425 2241; x_wconf 80' lang='grc' dir='ltr'>Ταύτας</span> <span class='ocrx_word' id='word_1_322' title='bbox 448 2210 476 2237; x_wconf 82' lang='grc' dir='ltr'><strong>δέ</strong></span> <span class='ocrx_word' id='word_1_323' title='bbox 491 2210 541 2241; x_wconf 71' lang='grc' dir='ltr'><strong>τὰς</strong></span> <span class='ocrx_word' id='word_1_324' title='bbox 568 2210 639 2236; x_wconf 78' lang='grc' dir='ltr'>ἑπτὰ</span> <span class='ocrx_word' id='word_1_325' title='bbox 670 2211 796 2246; x_wconf 75' lang='grc' dir='ltr'>βροντὰς,</span> <span class='ocrx_word' id='word_1_326' title='bbox 822 2211 837 2245; x_wconf 83' lang='grc' dir='ltr'><strong>ἢ</strong></span> <span class='ocrx_word' id='word_1_327' title='bbox 865 2211 936 2237; x_wconf 82' lang='grc' dir='ltr'>ἐπτὰ</span> 
     </span>
    </p>
   </div>
   <div class='ocr_carea' id='block_1_47' title="bbox 143 2255 936 2291">
    <p class='ocr_par' dir='ltr' id='par_1_47' title="bbox 143 2255 936 2291">
     <span class='ocr_line' id='line_1_47' title="bbox 143 2255 936 2291; baseline -0.001 -8"><span class='ocrx_word' id='word_1_328' title='bbox 143 2257 236 2290; x_wconf 78' lang='grc' dir='ltr'>φωνὰς</span> <span class='ocrx_word' id='word_1_329' title='bbox 253 2257 283 2288; x_wconf 82' lang='grc' dir='ltr'>ἐξ</span> <span class='ocrx_word' id='word_1_330' title='bbox 309 2256 368 2288; x_wconf 73' lang='grc' dir='ltr'>ἐνὸς</span> <span class='ocrx_word' id='word_1_331' title='bbox 387 2255 435 2282; x_wconf 77' lang='grc' dir='ltr'>τοῦ</span> <span class='ocrx_word' id='word_1_332' title='bbox 458 2255 540 2282; x_wconf 76' lang='grc' dir='ltr'>αὑτοῦ</span> <span class='ocrx_word' id='word_1_333' title='bbox 564 2256 784 2291; x_wconf 81' lang='grc' dir='ltr'>διαρθρουμένας</span> <span class='ocrx_word' id='word_1_334' title='bbox 811 2256 936 2291; x_wconf 76' lang='grc' dir='ltr'>φοϐερῶς</span> 
     </span>
    </p>
   </div>
   <div class='ocr_carea' id='block_1_48' title="bbox 988 328 1781 365">
    <p class='ocr_par' dir='ltr' id='par_1_48' title="bbox 988 328 1781 365">
     <span class='ocr_line' id='line_1_48' title="bbox 988 328 1781 365; baseline 0.004 -12"><span class='ocrx_word' id='word_1_335' title='bbox 988 328 1120 362; x_wconf 79' lang='lat' dir='ltr'><strong>quidnam</strong></span> <span class='ocrx_word' id='word_1_336' title='bbox 1143 329 1195 356; x_wconf 84' lang='lat' dir='ltr'><strong>sibi</strong></span> <span class='ocrx_word' id='word_1_337' title='bbox 1223 329 1300 356; x_wconf 83' lang='lat' dir='ltr'><strong>vult?</strong></span> <span class='ocrx_word' id='word_1_338' title='bbox 1316 329 1438 358; x_wconf 84' lang='lat' dir='ltr'><strong>Libellus</strong></span> <span class='ocrx_word' id='word_1_339' title='bbox 1463 330 1506 358; x_wconf 86' lang='lat' dir='ltr'><strong>hic</strong></span> <span class='ocrx_word' id='word_1_340' title='bbox 1530 336 1642 365; x_wconf 81' lang='lat' dir='ltr'><strong>apertus</strong></span> <span class='ocrx_word' id='word_1_341' title='bbox 1662 330 1743 357; x_wconf 82' lang='lat' dir='ltr'><strong>etiam</strong></span> <span class='ocrx_word' id='word_1_342' title='bbox 1764 338 1781 357; x_wconf 86' lang='lat' dir='ltr'><strong>a</strong></span> 
     </span>
    </p>
   </div>
   <div class='ocr_carea' id='block_1_49' title="bbox 987 374 1778 411">
    <p class='ocr_par' dir='ltr' id='par_1_49' title="bbox 987 374 1778 411">
     <span class='ocr_line' id='line_1_49' title="bbox 987 374 1778 411; baseline 0.003 -11"><span class='ocrx_word' id='word_1_343' title='bbox 987 374 1099 402; x_wconf 87' lang='lat' dir='ltr'><strong>Daniete</strong></span> <span class='ocrx_word' id='word_1_344' title='bbox 1125 375 1215 402; x_wconf 84' lang='lat' dir='ltr'><strong>dictus</strong></span> <span class='ocrx_word' id='word_1_345' title='bbox 1239 380 1291 408; x_wconf 83' lang='lat' dir='ltr'><strong>est,</strong></span> <span class='ocrx_word' id='word_1_346' title='bbox 1307 376 1419 410; x_wconf 77' lang='lat' dir='ltr'><strong>(pratulo</strong></span> <span class='ocrx_word' id='word_1_347' title='bbox 1442 376 1576 410; x_wconf 83' lang='lat' dir='ltr'><strong>judicium</strong></span> <span class='ocrx_word' id='word_1_348' title='bbox 1599 375 1671 411; x_wconf 86' lang='lat' dir='ltr'><strong>apud</strong></span> <span class='ocrx_word' id='word_1_349' title='bbox 1689 376 1778 410; x_wconf 91' lang='lat' dir='ltr'><strong>ipsum</strong></span> 
     </span>
    </p>
   </div>
   <div class='ocr_carea' id='block_1_50' title="bbox 987 421 1780 456">
    <p class='ocr_par' dir='ltr' id='par_1_50' title="bbox 987 421 1780 456">
     <span class='ocr_line' id='line_1_50' title="bbox 987 421 1780 456; baseline 0 -8"><span class='ocrx_word' id='word_1_350' title='bbox 987 421 1073 454; x_wconf 86' lang='lat' dir='ltr'><strong>sedet,</strong></span> <span class='ocrx_word' id='word_1_351' title='bbox 1091 425 1118 448; x_wconf 87' lang='lat' dir='ltr'><strong>et</strong></span> <span class='ocrx_word' id='word_1_352' title='bbox 1136 422 1297 455; x_wconf 86' lang='lat' dir='ltr'><strong>aperiuntur</strong></span> <span class='ocrx_word' id='word_1_353' title='bbox 1315 421 1376 448; x_wconf 88' lang='lat' dir='ltr'><strong>libri</strong></span> <span class='ocrx_word' id='word_1_354' title='bbox 1392 423 1567 449; x_wconf 89' lang='lat' dir='ltr'><strong>continentes</strong></span> <span class='ocrx_word' id='word_1_355' title='bbox 1588 422 1711 448; x_wconf 91' lang='lat' dir='ltr'><strong>omnium</strong></span> <span class='ocrx_word' id='word_1_356' title='bbox 1732 421 1780 456; x_wconf 88' lang='lat' dir='ltr'><strong>qui</strong></span> 
     </span>
    </p>
   </div>
   <div class='ocr_carea' id='block_1_51' title="bbox 987 467 1778 500">
    <p class='ocr_par' dir='ltr' id='par_1_51' title="bbox 987 467 1778 500">
     <span class='ocr_line' id='line_1_51' title="bbox 987 467 1778 500; baseline -0.003 -5"><span class='ocrx_word' id='word_1_357' title='bbox 987 468 1022 495; x_wconf 82' lang='lat' dir='ltr'><strong>ab</strong></span> <span class='ocrx_word' id='word_1_358' title='bbox 1039 467 1117 494; x_wconf 88' lang='lat' dir='ltr'><strong>initio</strong></span> <span class='ocrx_word' id='word_1_359' title='bbox 1135 468 1226 495; x_wconf 68' lang='lat' dir='ltr'><strong>smculi</strong></span> <span class='ocrx_word' id='word_1_360' title='bbox 1240 468 1368 495; x_wconf 75' lang='lat' dir='ltr'><strong>vixerunt</strong></span> <span class='ocrx_word' id='word_1_361' title='bbox 1392 472 1451 495; x_wconf 88' lang='lat' dir='ltr'><strong>acta</strong></span> <span class='ocrx_word' id='word_1_362' title='bbox 1468 473 1494 495; x_wconf 79' lang='lat' dir='ltr'><strong>et</strong></span> <span class='ocrx_word' id='word_1_363' title='bbox 1510 468 1633 495; x_wconf 88' lang='lat' dir='ltr'><strong>nomina.</strong></span> <span class='ocrx_word' id='word_1_364' title='bbox 1656 467 1734 500; x_wconf 86' lang='lat' dir='ltr'><strong>Quod</strong></span> <span class='ocrx_word' id='word_1_365' title='bbox 1755 467 1778 494; x_wconf 93' lang='lat' dir='ltr'><strong>si</strong></span> 
     </span>
    </p>
   </div>
   <div class='ocr_carea' id='block_1_52' title="bbox 987 512 1780 547">
    <p class='ocr_par' dir='ltr' id='par_1_52' title="bbox 987 512 1780 547">
     <span class='ocr_line' id='line_1_52' title="bbox 987 512 1780 547; baseline -0.003 -7"><span class='ocrx_word' id='word_1_366' title='bbox 987 512 1058 547; x_wconf 84' lang='lat' dir='ltr'><strong>apud</strong></span> <span class='ocrx_word' id='word_1_367' title='bbox 1077 513 1214 539; x_wconf 89' lang='lat' dir='ltr'><strong>Danielem</strong></span> <span class='ocrx_word' id='word_1_368' title='bbox 1233 512 1294 540; x_wconf 93' lang='lat' dir='ltr'><strong>libri</strong></span> <span class='ocrx_word' id='word_1_369' title='bbox 1314 517 1389 545; x_wconf 79' lang='lat' dir='ltr'><strong>sum,</strong></span> <span class='ocrx_word' id='word_1_370' title='bbox 1406 512 1451 539; x_wconf 85' lang='lat' dir='ltr'><strong>hic</strong></span> <span class='ocrx_word' id='word_1_371' title='bbox 1472 517 1562 539; x_wconf 91' lang='lat' dir='ltr'><strong>autem</strong></span> <span class='ocrx_word' id='word_1_372' title='bbox 1589 512 1712 539; x_wconf 89' lang='lat' dir='ltr'><strong>libellum</strong></span> <span class='ocrx_word' id='word_1_373' title='bbox 1736 519 1780 539; x_wconf 81' lang='lat' dir='ltr'><strong>os-</strong></span> 
     </span>
    </p>
   </div>
   <div class='ocr_carea' id='block_1_53' title="bbox 987 557 1778 590">
    <p class='ocr_par' dir='ltr' id='par_1_53' title="bbox 987 557 1778 590">
     <span class='ocr_line' id='line_1_53' title="bbox 987 557 1778 590; baseline 0.001 -6"><span class='ocrx_word' id='word_1_374' title='bbox 987 558 1074 585; x_wconf 78' lang='lat' dir='ltr'><strong>tendit</strong></span> <span class='ocrx_word' id='word_1_375' title='bbox 1096 566 1126 585; x_wconf 90' lang='lat' dir='ltr'><strong>se</strong></span> <span class='ocrx_word' id='word_1_376' title='bbox 1140 558 1242 590; x_wconf 82' lang='lat' dir='ltr'><strong>videre.</strong></span> <span class='ocrx_word' id='word_1_377' title='bbox 1259 558 1327 589; x_wconf 81' lang='lat' dir='ltr'><strong>nihil</strong></span> <span class='ocrx_word' id='word_1_378' title='bbox 1350 558 1377 585; x_wconf 93' lang='lat' dir='ltr'><strong>in</strong></span> <span class='ocrx_word' id='word_1_379' title='bbox 1393 558 1445 585; x_wconf 87' lang='lat' dir='ltr'><strong>hoc</strong></span> <span class='ocrx_word' id='word_1_380' title='bbox 1465 558 1643 586; x_wconf 68' lang='lat' dir='ltr'><strong>dissonantia:</strong></span> <span class='ocrx_word' id='word_1_381' title='bbox 1660 562 1712 585; x_wconf 85' lang='lat' dir='ltr'><strong>est.</strong></span> <span class='ocrx_word' id='word_1_382' title='bbox 1733 557 1778 585; x_wconf 85' lang='lat' dir='ltr'><strong>Si-</strong></span> 
     </span>
    </p>
   </div>
   <div class='ocr_carea' id='block_1_54' title="bbox 987 603 1780 639">
    <p class='ocr_par' dir='ltr' id='par_1_54' title="bbox 987 603 1780 639">
     <span class='ocr_line' id='line_1_54' title="bbox 987 603 1780 639; baseline -0.001 -9"><span class='ocrx_word' id='word_1_383' title='bbox 987 604 1096 639; x_wconf 82' lang='lat' dir='ltr'><strong>quidem</strong></span> <span class='ocrx_word' id='word_1_384' title='bbox 1113 605 1184 637; x_wconf 81' lang='lat' dir='ltr'><strong>apud</strong></span> <span class='ocrx_word' id='word_1_385' title='bbox 1206 603 1343 631; x_wconf 78' lang='lat' dir='ltr'><strong>Danielem</strong></span> <span class='ocrx_word' id='word_1_386' title='bbox 1374 603 1436 630; x_wconf 83' lang='lat' dir='ltr'><strong>libri</strong></span> <span class='ocrx_word' id='word_1_387' title='bbox 1462 609 1526 630; x_wconf 91' lang='lat' dir='ltr'><strong>sunt</strong></span> <span class='ocrx_word' id='word_1_388' title='bbox 1549 603 1684 630; x_wconf 71' lang='lat' dir='ltr'><strong>universa-</strong></span> <span class='ocrx_word' id='word_1_389' title='bbox 1702 610 1780 630; x_wconf 85' lang='lat' dir='ltr'><strong>crea-</strong></span> 
     </span>
    </p>
   </div>
   <div class='ocr_carea' id='block_1_55' title="bbox 987 649 1779 684">
    <p class='ocr_par' dir='ltr' id='par_1_55' title="bbox 987 649 1779 684">
     <span class='ocr_line' id='line_1_55' title="bbox 987 649 1779 684; baseline -0.001 -8"><span class='ocrx_word' id='word_1_390' title='bbox 987 654 1066 682; x_wconf 83' lang='lat' dir='ltr'><strong>tur:e,</strong></span> <span class='ocrx_word' id='word_1_391' title='bbox 1083 650 1260 677; x_wconf 78' lang='lat' dir='ltr'><strong>ostendentes</strong></span> <span class='ocrx_word' id='word_1_392' title='bbox 1274 650 1458 684; x_wconf 82' lang='lat' dir='ltr'><strong>cognitionem</strong></span> <span class='ocrx_word' id='word_1_393' title='bbox 1471 649 1610 683; x_wconf 88' lang='lat' dir='ltr'><strong>justorum</strong></span> <span class='ocrx_word' id='word_1_394' title='bbox 1626 653 1653 676; x_wconf 87' lang='lat' dir='ltr'><strong>et</strong></span> <span class='ocrx_word' id='word_1_395' title='bbox 1668 649 1779 683; x_wconf 87' lang='lat' dir='ltr'><strong>iniquo-</strong></span> 
     </span>
    </p>
   </div>
   <div class='ocr_carea' id='block_1_56' title="bbox 987 693 1780 729">
    <p class='ocr_par' dir='ltr' id='par_1_56' title="bbox 987 693 1780 729">
     <span class='ocr_line' id='line_1_56' title="bbox 987 693 1780 729; baseline -0.003 -8"><span class='ocrx_word' id='word_1_396' title='bbox 987 702 1060 726; x_wconf 89' lang='lat' dir='ltr'><strong>rum,</strong></span> <span class='ocrx_word' id='word_1_397' title='bbox 1078 695 1122 721; x_wconf 76' lang='lat' dir='ltr'><strong>Iiic</strong></span> <span class='ocrx_word' id='word_1_398' title='bbox 1136 700 1226 721; x_wconf 83' lang='lat' dir='ltr'><strong>autent</strong></span> <span class='ocrx_word' id='word_1_399' title='bbox 1250 694 1386 721; x_wconf 78' lang='lat' dir='ltr'><strong>duntaxat</strong></span> <span class='ocrx_word' id='word_1_400' title='bbox 1405 694 1452 729; x_wconf 88' lang='lat' dir='ltr'><strong>qui</strong></span> <span class='ocrx_word' id='word_1_401' title='bbox 1477 693 1503 720; x_wconf 90' lang='lat' dir='ltr'><strong>in</strong></span> <span class='ocrx_word' id='word_1_402' title='bbox 1521 693 1634 720; x_wconf 83' lang='lat' dir='ltr'><strong>uelariis</strong></span> <span class='ocrx_word' id='word_1_403' title='bbox 1651 693 1780 727; x_wconf 77' lang='lat' dir='ltr'><strong>operibus</strong></span> 
     </span>
    </p>
   </div>
   <div class='ocr_carea' id='block_1_57' title="bbox 987 738 1778 774">
    <p class='ocr_par' dir='ltr' id='par_1_57' title="bbox 987 738 1778 774">
     <span class='ocr_line' id='line_1_57' title="bbox 987 738 1778 774; baseline -0.003 -8"><span class='ocrx_word' id='word_1_404' title='bbox 987 740 1115 767; x_wconf 78' lang='lat' dir='ltr'><strong>vixerunt</strong></span> <span class='ocrx_word' id='word_1_405' title='bbox 1134 750 1139 766; x_wconf 88' lang='lat'>:</span> <span class='ocrx_word' id='word_1_406' title='bbox 1153 747 1270 774; x_wconf 88' lang='lat' dir='ltr'><strong>quorum</strong></span> <span class='ocrx_word' id='word_1_407' title='bbox 1287 740 1369 767; x_wconf 79' lang='lat' dir='ltr'><strong>etiam</strong></span> <span class='ocrx_word' id='word_1_408' title='bbox 1394 739 1566 774; x_wconf 86' lang='lat' dir='ltr'><strong>potissimum</strong></span> <span class='ocrx_word' id='word_1_409' title='bbox 1586 738 1707 765; x_wconf 84' lang='lat' dir='ltr'><strong>actiones</strong></span> <span class='ocrx_word' id='word_1_410' title='bbox 1723 745 1778 764; x_wconf 86' lang='lat' dir='ltr'><strong>non</strong></span> 
     </span>
    </p>
   </div>
   <div class='ocr_carea' id='block_1_58' title="bbox 988 784 1779 820">
    <p class='ocr_par' dir='ltr' id='par_1_58' title="bbox 988 784 1779 820">
     <span class='ocr_line' id='line_1_58' title="bbox 988 784 1779 820; baseline -0.004 -7"><span class='ocrx_word' id='word_1_411' title='bbox 988 787 1014 813; x_wconf 91' lang='lat' dir='ltr'><strong>in</strong></span> <span class='ocrx_word' id='word_1_412' title='bbox 1031 786 1112 818; x_wconf 87' lang='lat' dir='ltr'><strong>libro,</strong></span> <span class='ocrx_word' id='word_1_413' title='bbox 1122 786 1170 813; x_wconf 88' lang='lat' dir='ltr'><strong>sed</strong></span> <span class='ocrx_word' id='word_1_414' title='bbox 1187 787 1214 813; x_wconf 93' lang='lat' dir='ltr'><strong>in</strong></span> <span class='ocrx_word' id='word_1_415' title='bbox 1230 786 1322 813; x_wconf 88' lang='lat' dir='ltr'><strong>libello</strong></span> <span class='ocrx_word' id='word_1_416' title='bbox 1336 786 1445 820; x_wconf 75' lang='lat' dir='ltr'><strong>scripta:</strong></span> <span class='ocrx_word' id='word_1_417' title='bbox 1457 790 1531 818; x_wconf 87' lang='lat' dir='ltr'><strong>sunt,</strong></span> <span class='ocrx_word' id='word_1_418' title='bbox 1548 784 1779 820; x_wconf 77' lang='lat' dir='ltr'><strong>significanteper</strong></span> 
     </span>
    </p>
   </div>
   <div class='ocr_carea' id='block_1_59' title="bbox 988 832 1779 866">
    <p class='ocr_par' dir='ltr' id='par_1_59' title="bbox 988 832 1779 866">
     <span class='ocr_line' id='line_1_59' title="bbox 988 832 1779 866; baseline -0.005 -6"><span class='ocrx_word' id='word_1_419' title='bbox 988 834 1040 861; x_wconf 85' lang='lat' dir='ltr'><strong>hoc</strong></span> <span class='ocrx_word' id='word_1_420' title='bbox 1054 833 1178 866; x_wconf 85' lang='lat' dir='ltr'><strong>apostolo</strong></span> <span class='ocrx_word' id='word_1_421' title='bbox 1195 833 1222 860; x_wconf 94' lang='lat' dir='ltr'><strong>in</strong></span> <span class='ocrx_word' id='word_1_422' title='bbox 1244 833 1357 860; x_wconf 87' lang='lat' dir='ltr'><strong>nomine</strong></span> <span class='ocrx_word' id='word_1_423' title='bbox 1377 832 1542 859; x_wconf 79' lang='lat' dir='ltr'><strong>diminutive</strong></span> <span class='ocrx_word' id='word_1_424' title='bbox 1559 835 1585 858; x_wconf 91' lang='lat' dir='ltr'><strong>et</strong></span> <span class='ocrx_word' id='word_1_425' title='bbox 1606 838 1701 858; x_wconf 89' lang='lat' dir='ltr'><strong>eorum</strong></span> <span class='ocrx_word' id='word_1_426' title='bbox 1718 836 1779 864; x_wconf 61' lang='lat' dir='ltr'><strong>qua!</strong></span> 
     </span>
    </p>
   </div>
   <div class='ocr_carea' id='block_1_60' title="bbox 988 873 1779 913">
    <p class='ocr_par' dir='ltr' id='par_1_60' title="bbox 988 873 1779 913">
     <span class='ocr_line' id='line_1_60' title="bbox 988 873 1779 913; baseline -0.005 -8"><span class='ocrx_word' id='word_1_427' title='bbox 988 879 1134 906; x_wconf 76' lang='lat' dir='ltr'><strong>imminent</strong></span> <span class='ocrx_word' id='word_1_428' title='bbox 1155 878 1337 913; x_wconf 81' lang='lat' dir='ltr'><strong>parvitatem,</strong></span> <span class='ocrx_word' id='word_1_429' title='bbox 1364 878 1386 905; x_wconf 90' lang='lat' dir='ltr'><strong>si</strong></span> <span class='ocrx_word' id='word_1_430' title='bbox 1420 877 1453 903; x_wconf 83' lang='lat' dir='ltr'><strong>ad</strong></span> <span class='ocrx_word' id='word_1_431' title='bbox 1474 876 1655 904; x_wconf 86' lang='lat' dir='ltr'><strong>universalem</strong></span> <span class='ocrx_word' id='word_1_432' title='bbox 1681 873 1779 910; x_wconf 86' lang='lat' dir='ltr'><strong>judicii</strong></span> 
     </span>
    </p>
   </div>
   <div class='ocr_carea' id='block_1_61' title="bbox 987 920 1779 956">
    <p class='ocr_par' dir='ltr' id='par_1_61' title="bbox 987 920 1779 956">
     <span class='ocr_line' id='line_1_61' title="bbox 987 920 1779 956; baseline -0.005 -6"><span class='ocrx_word' id='word_1_433' title='bbox 987 925 1150 951; x_wconf 75' lang='lat' dir='ltr'><strong>Sententiam</strong></span> <span class='ocrx_word' id='word_1_434' title='bbox 1178 924 1373 956; x_wconf 78' lang='lat' dir='ltr'><strong>conferantur,</strong></span> <span class='ocrx_word' id='word_1_435' title='bbox 1398 926 1425 950; x_wconf 78' lang='lat' dir='ltr'><strong>et</strong></span> <span class='ocrx_word' id='word_1_436' title='bbox 1454 929 1486 949; x_wconf 86' lang='lat' dir='ltr'><strong>ea</strong></span> <span class='ocrx_word' id='word_1_437' title='bbox 1510 928 1572 956; x_wconf 68' lang='lat' dir='ltr'><strong>qua:</strong></span> <span class='ocrx_word' id='word_1_438' title='bbox 1592 920 1678 955; x_wconf 81' lang='lat' dir='ltr'><strong>ipsam</strong></span> <span class='ocrx_word' id='word_1_439' title='bbox 1702 927 1779 946; x_wconf 87' lang='lat' dir='ltr'><strong>com-</strong></span> 
     </span>
    </p>
   </div>
   <div class='ocr_carea' id='block_1_62' title="bbox 984 969 1289 1005">
    <p class='ocr_par' dir='ltr' id='par_1_62' title="bbox 984 969 1289 1005">
     <span class='ocr_line' id='line_1_62' title="bbox 984 969 1289 1005; baseline 0 -9"><span class='ocrx_word' id='word_1_440' title='bbox 984 971 1084 1005; x_wconf 71' lang='lat' dir='ltr'><strong>plendo</strong></span> <span class='ocrx_word' id='word_1_441' title='bbox 1101 969 1289 1004; x_wconf 76' lang='lat' dir='ltr'><strong>perficiuntur.</strong></span> 
     </span>
    </p>
   </div>
   <div class='ocr_carea' id='block_1_63' title="bbox 1021 1011 1778 1050">
    <p class='ocr_par' dir='ltr' id='par_1_63' title="bbox 1021 1011 1778 1050">
     <span class='ocr_line' id='line_1_63' title="bbox 1021 1011 1778 1050; baseline -0.007 -8"><span class='ocrx_word' id='word_1_442' title='bbox 1021 1016 1055 1042; x_wconf 88' lang='lat' dir='ltr'><strong>Et</strong></span> <span class='ocrx_word' id='word_1_443' title='bbox 1069 1016 1156 1050; x_wconf 74' lang='lat' dir='ltr'><strong>posuit</strong></span> <span class='ocrx_word' id='word_1_444' title='bbox 1166 1015 1257 1048; x_wconf 79' lang='lat' dir='ltr'><strong>pedem</strong></span> <span class='ocrx_word' id='word_1_445' title='bbox 1268 1023 1344 1042; x_wconf 66' lang='lat' dir='ltr'><strong>suum</strong></span> <span class='ocrx_word' id='word_1_446' title='bbox 1356 1014 1479 1041; x_wconf 69' lang='lat' dir='ltr'><strong>dextrum</strong></span> <span class='ocrx_word' id='word_1_447' title='bbox 1494 1019 1661 1048; x_wconf 67' lang='grc' dir='ltr'>ευμεν-πιανέ.</span> <span class='ocrx_word' id='word_1_448' title='bbox 1674 1011 1778 1039; x_wconf 86' lang='lat' dir='ltr'><strong>Pedum</strong></span> 
     </span>
    </p>
   </div>
   <div class='ocr_carea' id='block_1_64' title="bbox 985 1060 1781 1097">
    <p class='ocr_par' dir='ltr' id='par_1_64' title="bbox 985 1060 1781 1097">
     <span class='ocr_line' id='line_1_64' title="bbox 985 1060 1781 1097; baseline -0.008 -8"><span class='ocrx_word' id='word_1_449' title='bbox 985 1063 1072 1089; x_wconf 90' lang='lat' dir='ltr'><strong>altero</strong></span> <span class='ocrx_word' id='word_1_450' title='bbox 1096 1061 1208 1097; x_wconf 85' lang='lat' dir='ltr'><strong>quidem</strong></span> <span class='ocrx_word' id='word_1_451' title='bbox 1227 1061 1306 1088; x_wconf 90' lang='lat' dir='ltr'><strong>inniti</strong></span> <span class='ocrx_word' id='word_1_452' title='bbox 1332 1060 1452 1088; x_wconf 71' lang='lat' dir='ltr'><strong>humidae</strong></span> <span class='ocrx_word' id='word_1_453' title='bbox 1471 1067 1605 1095; x_wconf 85' lang='lat' dir='ltr'><strong>aquarum</strong></span> <span class='ocrx_word' id='word_1_454' title='bbox 1630 1065 1781 1092; x_wconf 79' lang='lat' dir='ltr'><strong>congrega-</strong></span> 
     </span>
    </p>
   </div>
   <div class='ocr_carea' id='block_1_65' title="bbox 985 1103 1778 1141">
    <p class='ocr_par' dir='ltr' id='par_1_65' title="bbox 985 1103 1778 1141">
     <span class='ocr_line' id='line_1_65' title="bbox 985 1103 1778 1141; baseline -0.008 -6"><span class='ocrx_word' id='word_1_455' title='bbox 985 1108 1064 1140; x_wconf 82' lang='lat' dir='ltr'><strong>tioni,</strong></span> <span class='ocrx_word' id='word_1_456' title='bbox 1080 1109 1166 1135; x_wconf 83' lang='lat' dir='ltr'><strong>altero</strong></span> <span class='ocrx_word' id='word_1_457' title='bbox 1182 1115 1247 1135; x_wconf 78' lang='lat' dir='ltr'><strong>vero</strong></span> <span class='ocrx_word' id='word_1_458' title='bbox 1272 1113 1368 1139; x_wconf 62' lang='lat' dir='ltr'><strong>terra),</strong></span> <span class='ocrx_word' id='word_1_459' title='bbox 1385 1107 1512 1141; x_wconf 82' lang='lat' dir='ltr'><strong>designat</strong></span> <span class='ocrx_word' id='word_1_460' title='bbox 1528 1105 1588 1140; x_wconf 84' lang='lat' dir='ltr'><strong>ejus</strong></span> <span class='ocrx_word' id='word_1_461' title='bbox 1612 1103 1778 1138; x_wconf 85' lang='lat' dir='ltr'><strong>magnitudi-</strong></span> 
     </span>
    </p>
   </div>
   <div class='ocr_carea' id='block_1_66' title="bbox 984 1149 1776 1189">
    <p class='ocr_par' dir='ltr' id='par_1_66' title="bbox 984 1149 1776 1189">
     <span class='ocr_line' id='line_1_66' title="bbox 984 1149 1776 1189; baseline -0.009 -8"><span class='ocrx_word' id='word_1_462' title='bbox 984 1162 1047 1181; x_wconf 89' lang='lat' dir='ltr'><strong>nem</strong></span> <span class='ocrx_word' id='word_1_463' title='bbox 1067 1154 1113 1189; x_wconf 87' lang='lat' dir='ltr'><strong>qui</strong></span> <span class='ocrx_word' id='word_1_464' title='bbox 1144 1158 1288 1187; x_wconf 83' lang='lat' dir='ltr'><strong>utrumque</strong></span> <span class='ocrx_word' id='word_1_465' title='bbox 1317 1152 1561 1187; x_wconf 78' lang='lat' dir='ltr'><strong>complectebatur.</strong></span> <span class='ocrx_word' id='word_1_466' title='bbox 1590 1149 1667 1182; x_wconf 85' lang='lat' dir='ltr'><strong>Quod</strong></span> <span class='ocrx_word' id='word_1_467' title='bbox 1686 1154 1776 1175; x_wconf 88' lang='lat' dir='ltr'><strong>autem</strong></span> 
     </span>
    </p>
   </div>
   <div class='ocr_carea' id='block_1_67' title="bbox 985 1198 1776 1234">
    <p class='ocr_par' dir='ltr' id='par_1_67' title="bbox 985 1198 1776 1234">
     <span class='ocr_line' id='line_1_67' title="bbox 985 1198 1776 1234; baseline -0.01 -6"><span class='ocrx_word' id='word_1_468' title='bbox 985 1200 1110 1228; x_wconf 83' lang='lat' dir='ltr'><strong>dextrum</strong></span> <span class='ocrx_word' id='word_1_469' title='bbox 1126 1207 1209 1234; x_wconf 80' lang='lat' dir='ltr'><strong>Super</strong></span> <span class='ocrx_word' id='word_1_470' title='bbox 1229 1206 1314 1231; x_wconf 87' lang='lat' dir='ltr'><strong>mare,</strong></span> <span class='ocrx_word' id='word_1_471' title='bbox 1335 1198 1478 1226; x_wconf 88' lang='lat' dir='ltr'><strong>sinistrum</strong></span> <span class='ocrx_word' id='word_1_472' title='bbox 1496 1204 1561 1224; x_wconf 86' lang='lat' dir='ltr'><strong>vero</strong></span> <span class='ocrx_word' id='word_1_473' title='bbox 1581 1203 1662 1230; x_wconf 91' lang='lat' dir='ltr'><strong>super</strong></span> <span class='ocrx_word' id='word_1_474' title='bbox 1678 1199 1776 1221; x_wconf 82' lang='lat' dir='ltr'><strong>terram</strong></span> 
     </span>
    </p>
   </div>
   <div class='ocr_carea' id='block_1_68' title="bbox 984 1239 1777 1282">
    <p class='ocr_par' dir='ltr' id='par_1_68' title="bbox 984 1239 1777 1282">
     <span class='ocr_line' id='line_1_68' title="bbox 984 1239 1777 1282; baseline -0.009 -9"><span class='ocrx_word' id='word_1_475' title='bbox 984 1246 1116 1282; x_wconf 83' lang='lat' dir='ltr'><strong>posuerit,</strong></span> <span class='ocrx_word' id='word_1_476' title='bbox 1133 1253 1187 1273; x_wconf 91' lang='lat' dir='ltr'><strong>non</strong></span> <span class='ocrx_word' id='word_1_477' title='bbox 1203 1245 1238 1272; x_wconf 88' lang='lat' dir='ltr'><strong>ob</strong></span> <span class='ocrx_word' id='word_1_478' title='bbox 1252 1245 1326 1272; x_wconf 84' lang='lat' dir='ltr'><strong>aliud</strong></span> <span class='ocrx_word' id='word_1_479' title='bbox 1345 1244 1450 1271; x_wconf 86' lang='lat' dir='ltr'><strong>dictum</strong></span> <span class='ocrx_word' id='word_1_480' title='bbox 1464 1243 1574 1277; x_wconf 83' lang='lat' dir='ltr'><strong>opinor,</strong></span> <span class='ocrx_word' id='word_1_481' title='bbox 1598 1248 1680 1275; x_wconf 87' lang='lat' dir='ltr'><strong>quam</strong></span> <span class='ocrx_word' id='word_1_482' title='bbox 1703 1239 1777 1274; x_wconf 91' lang='lat' dir='ltr'><strong>quod</strong></span> 
     </span>
    </p>
   </div>
   <div class='ocr_carea' id='block_1_69' title="bbox 985 1287 1777 1324">
    <p class='ocr_par' dir='ltr' id='par_1_69' title="bbox 985 1287 1777 1324">
     <span class='ocr_line' id='line_1_69' title="bbox 985 1287 1777 1324; baseline -0.011 -3"><span class='ocrx_word' id='word_1_483' title='bbox 985 1294 1083 1321; x_wconf 87' lang='lat' dir='ltr'><strong>borum</strong></span> <span class='ocrx_word' id='word_1_484' title='bbox 1097 1293 1294 1321; x_wconf 88' lang='lat' dir='ltr'><strong>elementorum</strong></span> <span class='ocrx_word' id='word_1_485' title='bbox 1311 1291 1435 1318; x_wconf 86' lang='lat' dir='ltr'><strong>ordinem</strong></span> <span class='ocrx_word' id='word_1_486' title='bbox 1458 1294 1601 1324; x_wconf 81' lang='lat' dir='ltr'><strong>sequatur.</strong></span> <span class='ocrx_word' id='word_1_487' title='bbox 1617 1287 1679 1314; x_wconf 81' lang='lat' dir='ltr'><strong>Acri</strong></span> <span class='ocrx_word' id='word_1_488' title='bbox 1697 1293 1777 1313; x_wconf 86' lang='lat' dir='ltr'><strong>nam-</strong></span> 
     </span>
    </p>
   </div>
   <div class='ocr_carea' id='block_1_70' title="bbox 984 1332 1778 1375">
    <p class='ocr_par' dir='ltr' id='par_1_70' title="bbox 984 1332 1778 1375">
     <span class='ocr_line' id='line_1_70' title="bbox 984 1332 1778 1375; baseline -0.013 -8"><span class='ocrx_word' id='word_1_489' title='bbox 984 1349 1038 1375; x_wconf 88' lang='lat' dir='ltr'><strong>quc</strong></span> <span class='ocrx_word' id='word_1_490' title='bbox 1052 1340 1098 1375; x_wconf 89' lang='lat' dir='ltr'><strong>qui</strong></span> <span class='ocrx_word' id='word_1_491' title='bbox 1115 1339 1224 1367; x_wconf 88' lang='lat' dir='ltr'><strong>subtilis</strong></span> <span class='ocrx_word' id='word_1_492' title='bbox 1242 1343 1284 1365; x_wconf 89' lang='lat' dir='ltr'><strong>cst</strong></span> <span class='ocrx_word' id='word_1_493' title='bbox 1299 1337 1471 1369; x_wconf 74' lang='lat' dir='ltr'><strong>Substantire,</strong></span> <span class='ocrx_word' id='word_1_494' title='bbox 1488 1335 1609 1362; x_wconf 73' lang='lat' dir='ltr'><strong>crassior</strong></span> <span class='ocrx_word' id='word_1_495' title='bbox 1626 1340 1697 1368; x_wconf 87' lang='lat' dir='ltr'><strong>aqua</strong></span> <span class='ocrx_word' id='word_1_496' title='bbox 1712 1332 1778 1359; x_wconf 85' lang='lat' dir='ltr'><strong>sub-</strong></span> 
     </span>
    </p>
   </div>
   <div class='ocr_carea' id='block_1_71' title="bbox 982 1377 1779 1420">
    <p class='ocr_par' dir='ltr' id='par_1_71' title="bbox 982 1377 1779 1420">
     <span class='ocr_line' id='line_1_71' title="bbox 982 1377 1779 1420; baseline -0.011 -7"><span class='ocrx_word' id='word_1_497' title='bbox 982 1386 1066 1420; x_wconf 82' lang='lat' dir='ltr'><strong>jacet,</strong></span> <span class='ocrx_word' id='word_1_498' title='bbox 1081 1384 1312 1420; x_wconf 85' lang='lat' dir='ltr'><strong>quemadmodum</strong></span> <span class='ocrx_word' id='word_1_499' title='bbox 1329 1391 1407 1417; x_wconf 62' lang='lat' dir='ltr'><strong>aqum</strong></span> <span class='ocrx_word' id='word_1_500' title='bbox 1425 1387 1516 1409; x_wconf 83' lang='lat' dir='ltr'><strong>terra:</strong></span> <span class='ocrx_word' id='word_1_501' title='bbox 1533 1380 1615 1415; x_wconf 77' lang='lat'><strong>736</strong></span> <span class='ocrx_word' id='word_1_502' title='bbox 1630 1387 1683 1406; x_wconf 90' lang='lat' dir='ltr'><strong>non</strong></span> <span class='ocrx_word' id='word_1_503' title='bbox 1695 1377 1779 1412; x_wconf 81' lang='lat' dir='ltr'><strong>igitur</strong></span> 
     </span>
    </p>
   </div>
   <div class='ocr_carea' id='block_1_72' title="bbox 984 1425 1778 1462">
    <p class='ocr_par' dir='ltr' id='par_1_72' title="bbox 984 1425 1778 1462">
     <span class='ocr_line' id='line_1_72' title="bbox 984 1425 1778 1462; baseline -0.011 -3"><span class='ocrx_word' id='word_1_504' title='bbox 984 1432 1039 1459; x_wconf 86' lang='lat' dir='ltr'><strong>alio</strong></span> <span class='ocrx_word' id='word_1_505' title='bbox 1065 1432 1146 1458; x_wconf 90' lang='lat' dir='ltr'><strong>modo</strong></span> <span class='ocrx_word' id='word_1_506' title='bbox 1165 1431 1190 1457; x_wconf 92' lang='lat' dir='ltr'><strong>id</strong></span> <span class='ocrx_word' id='word_1_507' title='bbox 1218 1431 1322 1457; x_wconf 89' lang='lat' dir='ltr'><strong>dictum</strong></span> <span class='ocrx_word' id='word_1_508' title='bbox 1353 1429 1450 1462; x_wconf 83' lang='lat' dir='ltr'><strong>opinor</strong></span> <span class='ocrx_word' id='word_1_509' title='bbox 1473 1436 1554 1461; x_wconf 87' lang='lat' dir='ltr'><strong>quam</strong></span> <span class='ocrx_word' id='word_1_510' title='bbox 1582 1426 1654 1461; x_wconf 89' lang='lat' dir='ltr'><strong>quod</strong></span> <span class='ocrx_word' id='word_1_511' title='bbox 1683 1425 1778 1452; x_wconf 70' lang='lat' dir='ltr'><strong>dextra</strong></span> 
     </span>
    </p>
   </div>
   <div class='ocr_carea' id='block_1_73' title="bbox 985 1469 1779 1512">
    <p class='ocr_par' dir='ltr' id='par_1_73' title="bbox 985 1469 1779 1512">
     <span class='ocr_line' id='line_1_73' title="bbox 985 1469 1779 1512; baseline -0.013 -7"><span class='ocrx_word' id='word_1_512' title='bbox 985 1485 1094 1512; x_wconf 87' lang='lat' dir='ltr'><strong>semper</strong></span> <span class='ocrx_word' id='word_1_513' title='bbox 1122 1476 1263 1504; x_wconf 84' lang='lat' dir='ltr'><strong>robustior</strong></span> <span class='ocrx_word' id='word_1_514' title='bbox 1287 1479 1329 1502; x_wconf 84' lang='lat' dir='ltr'><strong>est</strong></span> <span class='ocrx_word' id='word_1_515' title='bbox 1352 1474 1483 1504; x_wconf 82' lang='lat' dir='ltr'><strong>sinistra,</strong></span> <span class='ocrx_word' id='word_1_516' title='bbox 1504 1473 1631 1507; x_wconf 83' lang='lat' dir='ltr'><strong>pluribus</strong></span> <span class='ocrx_word' id='word_1_517' title='bbox 1653 1469 1779 1497; x_wconf 78' lang='lat' dir='ltr'><strong>videlicet</strong></span> 
     </span>
    </p>
   </div>
   <div class='ocr_carea' id='block_1_74' title="bbox 986 1514 1778 1556">
    <p class='ocr_par' dir='ltr' id='par_1_74' title="bbox 986 1514 1778 1556">
     <span class='ocr_line' id='line_1_74' title="bbox 986 1514 1778 1556; baseline -0.014 -5"><span class='ocrx_word' id='word_1_518' title='bbox 986 1524 1013 1551; x_wconf 93' lang='lat' dir='ltr'><strong>in</strong></span> <span class='ocrx_word' id='word_1_519' title='bbox 1031 1523 1100 1550; x_wconf 92' lang='lat' dir='ltr'><strong>mari</strong></span> <span class='ocrx_word' id='word_1_520' title='bbox 1122 1522 1206 1556; x_wconf 88' lang='lat' dir='ltr'><strong>impie</strong></span> <span class='ocrx_word' id='word_1_521' title='bbox 1223 1521 1368 1556; x_wconf 79' lang='lat' dir='ltr'><strong>agentibus</strong></span> <span class='ocrx_word' id='word_1_522' title='bbox 1385 1530 1392 1547; x_wconf 85' lang='lat'>:</span> <span class='ocrx_word' id='word_1_523' title='bbox 1417 1520 1521 1554; x_wconf 85' lang='lat' dir='ltr'><strong>piratas</strong></span> <span class='ocrx_word' id='word_1_524' title='bbox 1543 1518 1604 1545; x_wconf 84' lang='lat' dir='ltr'><strong>dico</strong></span> <span class='ocrx_word' id='word_1_525' title='bbox 1620 1521 1647 1544; x_wconf 85' lang='lat' dir='ltr'><strong>et</strong></span> <span class='ocrx_word' id='word_1_526' title='bbox 1667 1523 1715 1543; x_wconf 85' lang='lat' dir='ltr'><strong>eos</strong></span> <span class='ocrx_word' id='word_1_527' title='bbox 1731 1514 1778 1548; x_wconf 92' lang='lat' dir='ltr'><strong>qui</strong></span> 
     </span>
    </p>
   </div>
   <div class='ocr_carea' id='block_1_75' title="bbox 985 1560 1780 1603">
    <p class='ocr_par' dir='ltr' id='par_1_75' title="bbox 985 1560 1780 1603">
     <span class='ocr_line' id='line_1_75' title="bbox 985 1560 1780 1603; baseline -0.013 -7"><span class='ocrx_word' id='word_1_528' title='bbox 985 1568 1075 1597; x_wconf 83' lang='lat' dir='ltr'><strong>navali</strong></span> <span class='ocrx_word' id='word_1_529' title='bbox 1092 1567 1185 1603; x_wconf 71' lang='grc' dir='ltr'>[ιτιείἰο</span> <span class='ocrx_word' id='word_1_530' title='bbox 1208 1572 1321 1594; x_wconf 66' lang='lat' dir='ltr'><strong>cmteros</strong></span> <span class='ocrx_word' id='word_1_531' title='bbox 1337 1567 1365 1593; x_wconf 92' lang='lat' dir='ltr'><strong>in</strong></span> <span class='ocrx_word' id='word_1_532' title='bbox 1381 1573 1457 1592; x_wconf 79' lang='lat' dir='ltr'><strong>utare</strong></span> <span class='ocrx_word' id='word_1_533' title='bbox 1471 1564 1646 1597; x_wconf 79' lang='lat' dir='ltr'><strong>demergunt.</strong></span> <span class='ocrx_word' id='word_1_534' title='bbox 1665 1565 1713 1589; x_wconf 88' lang='lat' dir='ltr'><strong>aut</strong></span> <span class='ocrx_word' id='word_1_535' title='bbox 1729 1560 1780 1587; x_wconf 84' lang='lat' dir='ltr'><strong>ali-</strong></span> 
     </span>
    </p>
   </div>
   <div class='ocr_carea' id='block_1_76' title="bbox 945 1607 1780 1660">
    <p class='ocr_par' dir='ltr' id='par_1_76' title="bbox 945 1607 1780 1660">
     <span class='ocr_line' id='line_1_76' title="bbox 945 1607 1780 1660; baseline -0.013 -16"><span class='ocrx_word' id='word_1_536' title='bbox 945 1629 968 1660; x_wconf 81' lang='lat' dir='ltr'>C</span> <span class='ocrx_word' id='word_1_537' title='bbox 986 1625 1041 1653; x_wconf 89' lang='lat' dir='ltr'><strong>quo</strong></span> <span class='ocrx_word' id='word_1_538' title='bbox 1059 1616 1112 1643; x_wconf 90' lang='lat' dir='ltr'><strong>alio</strong></span> <span class='ocrx_word' id='word_1_539' title='bbox 1131 1615 1211 1642; x_wconf 88' lang='lat' dir='ltr'><strong>modo</strong></span> <span class='ocrx_word' id='word_1_540' title='bbox 1230 1615 1297 1649; x_wconf 87' lang='lat' dir='ltr'><strong>ipsis</strong></span> <span class='ocrx_word' id='word_1_541' title='bbox 1316 1613 1482 1640; x_wconf 86' lang='lat' dir='ltr'><strong>insidiantur</strong></span> <span class='ocrx_word' id='word_1_542' title='bbox 1499 1621 1506 1638; x_wconf 87' lang='lat'><strong>:</strong></span> <span class='ocrx_word' id='word_1_543' title='bbox 1527 1611 1600 1645; x_wconf 89' lang='lat' dir='ltr'><strong>quod</strong></span> <span class='ocrx_word' id='word_1_544' title='bbox 1614 1609 1698 1636; x_wconf 84' lang='lat' dir='ltr'><strong>maris</strong></span> <span class='ocrx_word' id='word_1_545' title='bbox 1715 1607 1780 1635; x_wconf 86' lang='lat' dir='ltr'><strong>sub-</strong></span> 
     </span>
    </p>
   </div>
   <div class='ocr_carea' id='block_1_77' title="bbox 984 1653 1781 1694">
    <p class='ocr_par' dir='ltr' id='par_1_77' title="bbox 984 1653 1781 1694">
     <span class='ocr_line' id='line_1_77' title="bbox 984 1653 1781 1694; baseline -0.016 -3"><span class='ocrx_word' id='word_1_546' title='bbox 984 1663 1087 1691; x_wconf 76' lang='lat' dir='ltr'><strong>SIantia</strong></span> <span class='ocrx_word' id='word_1_547' title='bbox 1103 1663 1196 1689; x_wconf 89' lang='lat' dir='ltr'><strong>minus</strong></span> <span class='ocrx_word' id='word_1_548' title='bbox 1219 1660 1387 1688; x_wconf 90' lang='lat' dir='ltr'><strong>laboriosum</strong></span> <span class='ocrx_word' id='word_1_549' title='bbox 1404 1658 1524 1694; x_wconf 56' lang='lat' dir='ltr'><strong>praebeat</strong></span> <span class='ocrx_word' id='word_1_550' title='bbox 1544 1655 1707 1684; x_wconf 76' lang='lat' dir='ltr'><strong>facinorosis</strong></span> <span class='ocrx_word' id='word_1_551' title='bbox 1722 1653 1781 1680; x_wconf 81' lang='lat' dir='ltr'><strong>exi—</strong></span> 
     </span>
    </p>
   </div>
   <div class='ocr_carea' id='block_1_78' title="bbox 985 1699 1781 1741">
    <p class='ocr_par' dir='ltr' id='par_1_78' title="bbox 985 1699 1781 1741">
     <span class='ocr_line' id='line_1_78' title="bbox 985 1699 1781 1741; baseline -0.014 -4"><span class='ocrx_word' id='word_1_552' title='bbox 985 1715 1042 1738; x_wconf 89' lang='lat' dir='ltr'><strong>tum</strong></span> <span class='ocrx_word' id='word_1_553' title='bbox 1071 1709 1205 1736; x_wconf 88' lang='lat' dir='ltr'><strong>adversus</strong></span> <span class='ocrx_word' id='word_1_554' title='bbox 1229 1715 1277 1734; x_wconf 90' lang='lat' dir='ltr'><strong>eos</strong></span> <span class='ocrx_word' id='word_1_555' title='bbox 1302 1707 1404 1741; x_wconf 86' lang='lat' dir='ltr'><strong>quibus</strong></span> <span class='ocrx_word' id='word_1_556' title='bbox 1431 1704 1606 1732; x_wconf 78' lang='lat' dir='ltr'><strong>insidiantur.</strong></span> <span class='ocrx_word' id='word_1_557' title='bbox 1627 1701 1696 1729; x_wconf 86' lang='lat' dir='ltr'><strong>Cum</strong></span> <span class='ocrx_word' id='word_1_558' title='bbox 1721 1699 1781 1726; x_wconf 61' lang='lat' dir='ltr'><strong>haec</strong></span> 
     </span>
    </p>
   </div>
   <div class='ocr_carea' id='block_1_79' title="bbox 985 1746 1780 1793">
    <p class='ocr_par' dir='ltr' id='par_1_79' title="bbox 985 1746 1780 1793">
     <span class='ocr_line' id='line_1_79' title="bbox 985 1746 1780 1793; baseline -0.015 -9"><span class='ocrx_word' id='word_1_559' title='bbox 985 1758 1068 1793; x_wconf 86' lang='lat' dir='ltr'><strong>igitur</strong></span> <span class='ocrx_word' id='word_1_560' title='bbox 1083 1756 1120 1783; x_wconf 88' lang='lat' dir='ltr'><strong>ita</strong></span> <span class='ocrx_word' id='word_1_561' title='bbox 1138 1755 1212 1786; x_wconf 84' lang='lat' dir='ltr'><strong>sint.</strong></span> <span class='ocrx_word' id='word_1_562' title='bbox 1230 1754 1330 1781; x_wconf 88' lang='lat' dir='ltr'><strong>merito</strong></span> <span class='ocrx_word' id='word_1_563' title='bbox 1347 1760 1379 1780; x_wconf 88' lang='lat' dir='ltr'><strong>ac</strong></span> <span class='ocrx_word' id='word_1_564' title='bbox 1397 1750 1573 1779; x_wconf 71' lang='lat' dir='ltr'><strong>conSecutive</strong></span> <span class='ocrx_word' id='word_1_565' title='bbox 1597 1748 1624 1776; x_wconf 90' lang='lat' dir='ltr'><strong>id</strong></span> <span class='ocrx_word' id='word_1_566' title='bbox 1640 1746 1713 1782; x_wconf 87' lang='lat' dir='ltr'><strong>quod</strong></span> <span class='ocrx_word' id='word_1_567' title='bbox 1731 1753 1780 1781; x_wconf 85' lang='lat' dir='ltr'><strong>po-</strong></span> 
     </span>
    </p>
   </div>
   <div class='ocr_carea' id='block_1_80' title="bbox 986 1793 1781 1830">
    <p class='ocr_par' dir='ltr' id='par_1_80' title="bbox 986 1793 1781 1830">
     <span class='ocr_line' id='line_1_80' title="bbox 986 1793 1781 1830; baseline -0.015 0"><span class='ocrx_word' id='word_1_568' title='bbox 986 1803 1086 1830; x_wconf 87' lang='lat' dir='ltr'><strong>tentius</strong></span> <span class='ocrx_word' id='word_1_569' title='bbox 1103 1807 1145 1829; x_wconf 87' lang='lat' dir='ltr'><strong>est</strong></span> <span class='ocrx_word' id='word_1_570' title='bbox 1165 1800 1306 1828; x_wconf 86' lang='lat' dir='ltr'><strong>sceleratis</strong></span> <span class='ocrx_word' id='word_1_571' title='bbox 1322 1799 1457 1826; x_wconf 84' lang='lat' dir='ltr'><strong>attribuit.</strong></span> <span class='ocrx_word' id='word_1_572' title='bbox 1477 1796 1508 1824; x_wconf 87' lang='lat' dir='ltr'><strong>Et</strong></span> <span class='ocrx_word' id='word_1_573' title='bbox 1524 1796 1628 1823; x_wconf 89' lang='lat' dir='ltr'><strong>idcirco</strong></span> <span class='ocrx_word' id='word_1_574' title='bbox 1643 1793 1691 1820; x_wconf 86' lang='lat' dir='ltr'><strong>Dei</strong></span> <span class='ocrx_word' id='word_1_575' title='bbox 1717 1799 1781 1827; x_wconf 90' lang='lat' dir='ltr'><strong>pro-</strong></span> 
     </span>
    </p>
   </div>
   <div class='ocr_carea' id='block_1_81' title="bbox 985 1839 1780 1885">
    <p class='ocr_par' dir='ltr' id='par_1_81' title="bbox 985 1839 1780 1885">
     <span class='ocr_line' id='line_1_81' title="bbox 985 1839 1780 1885; baseline -0.016 -8"><span class='ocrx_word' id='word_1_576' title='bbox 985 1850 1093 1885; x_wconf 82' lang='lat' dir='ltr'><strong>genitor</strong></span> <span class='ocrx_word' id='word_1_577' title='bbox 1116 1848 1169 1875; x_wconf 86' lang='lat' dir='ltr'><strong>ﬁde</strong></span> <span class='ocrx_word' id='word_1_578' title='bbox 1183 1847 1283 1882; x_wconf 80' lang='lat' dir='ltr'><strong>dignus</strong></span> <span class='ocrx_word' id='word_1_579' title='bbox 1298 1846 1343 1881; x_wconf 93' lang='lat' dir='ltr'><strong>qui</strong></span> <span class='ocrx_word' id='word_1_580' title='bbox 1361 1853 1418 1872; x_wconf 88' lang='lat' dir='ltr'><strong>rem</strong></span> <span class='ocrx_word' id='word_1_581' title='bbox 1436 1843 1590 1873; x_wconf 77' lang='lat' dir='ltr'><strong>conﬁrmet.</strong></span> <span class='ocrx_word' id='word_1_582' title='bbox 1614 1848 1676 1867; x_wconf 91' lang='lat' dir='ltr'><strong>cum</strong></span> <span class='ocrx_word' id='word_1_583' title='bbox 1693 1839 1780 1872; x_wconf 89' lang='lat' dir='ltr'><strong>impe-</strong></span> 
     </span>
    </p>
   </div>
   <div class='ocr_carea' id='block_1_82' title="bbox 986 1884 1781 1924">
    <p class='ocr_par' dir='ltr' id='par_1_82' title="bbox 986 1884 1781 1924">
     <span class='ocr_line' id='line_1_82' title="bbox 986 1884 1781 1924; baseline -0.016 -1"><span class='ocrx_word' id='word_1_584' title='bbox 986 1900 1043 1924; x_wconf 92' lang='lat' dir='ltr'><strong>tum</strong></span> <span class='ocrx_word' id='word_1_585' title='bbox 1072 1893 1263 1922; x_wconf 86' lang='lat' dir='ltr'><strong>insidiantium</strong></span> <span class='ocrx_word' id='word_1_586' title='bbox 1276 1893 1408 1918; x_wconf 85' lang='lat' dir='ltr'><strong>adversus</strong></span> <span class='ocrx_word' id='word_1_587' title='bbox 1434 1897 1486 1917; x_wconf 85' lang='lat' dir='ltr'><strong>nos</strong></span> <span class='ocrx_word' id='word_1_588' title='bbox 1503 1890 1660 1915; x_wconf 67' lang='lat' dir='ltr'><strong>da‘monum</strong></span> <span class='ocrx_word' id='word_1_589' title='bbox 1674 1905 1682 1918; x_wconf 89' lang='lat'><strong>,</strong></span> <span class='ocrx_word' id='word_1_590' title='bbox 1701 1884 1781 1911; x_wconf 89' lang='lat' dir='ltr'><strong>nobis</strong></span> 
     </span>
    </p>
   </div>
   <div class='ocr_carea' id='block_1_83' title="bbox 985 1930 1780 1973">
    <p class='ocr_par' dir='ltr' id='par_1_83' title="bbox 985 1930 1780 1973">
     <span class='ocr_line' id='line_1_83' title="bbox 985 1930 1780 1973; baseline -0.016 -4"><span class='ocrx_word' id='word_1_591' title='bbox 985 1940 1117 1969; x_wconf 82' lang='lat' dir='ltr'><strong>Altissimi</strong></span> <span class='ocrx_word' id='word_1_592' title='bbox 1142 1938 1278 1973; x_wconf 88' lang='lat' dir='ltr'><strong>adjutorio</strong></span> <span class='ocrx_word' id='word_1_593' title='bbox 1298 1937 1449 1968; x_wconf 82' lang='lat' dir='ltr'><strong>utentibus,</strong></span> <span class='ocrx_word' id='word_1_594' title='bbox 1477 1933 1663 1964; x_wconf 77' lang='lat' dir='ltr'><strong>describeret,</strong></span> <span class='ocrx_word' id='word_1_595' title='bbox 1689 1939 1723 1958; x_wconf 88' lang='lat' dir='ltr'><strong>ex</strong></span> <span class='ocrx_word' id='word_1_596' title='bbox 1740 1930 1780 1956; x_wconf 91' lang='lat' dir='ltr'><strong>si-</strong></span> 
     </span>
    </p>
   </div>
   <div class='ocr_carea' id='block_1_84' title="bbox 986 1978 1779 2020">
    <p class='ocr_par' dir='ltr' id='par_1_84' title="bbox 986 1978 1779 2020">
     <span class='ocr_line' id='line_1_84' title="bbox 986 1978 1779 2020; baseline -0.016 -7"><span class='ocrx_word' id='word_1_597' title='bbox 986 1987 1073 2013; x_wconf 85' lang='lat' dir='ltr'><strong>nistra</strong></span> <span class='ocrx_word' id='word_1_598' title='bbox 1104 1984 1214 2020; x_wconf 87' lang='lat' dir='ltr'><strong>quidem</strong></span> <span class='ocrx_word' id='word_1_599' title='bbox 1247 1982 1417 2009; x_wconf 81' lang='lat' dir='ltr'><strong>declinantes</strong></span> <span class='ocrx_word' id='word_1_600' title='bbox 1456 1978 1642 2012; x_wconf 86' lang='lat' dir='ltr'><strong>millecnplum</strong></span> <span class='ocrx_word' id='word_1_601' title='bbox 1684 1983 1779 2003; x_wconf 86' lang='lat' dir='ltr'><strong>casum</strong></span> 
     </span>
    </p>
   </div>
   <div class='ocr_carea' id='block_1_85' title="bbox 986 2019 1781 2065">
    <p class='ocr_par' dir='ltr' id='par_1_85' title="bbox 986 2019 1781 2065">
     <span class='ocr_line' id='line_1_85' title="bbox 986 2019 1781 2065; baseline -0.015 -7"><span class='ocrx_word' id='word_1_602' title='bbox 986 2038 1079 2058; x_wconf 76' lang='lat' dir='ltr'><strong>eorum</strong></span> <span class='ocrx_word' id='word_1_603' title='bbox 1093 2019 1209 2065; x_wconf 83' lang='lat' dir='ltr'><strong>ponens,</strong></span> <span class='ocrx_word' id='word_1_604' title='bbox 1224 2028 1270 2063; x_wconf 89' lang='lat' dir='ltr'><strong>qui</strong></span> <span class='ocrx_word' id='word_1_605' title='bbox 1285 2028 1311 2054; x_wconf 93' lang='lat' dir='ltr'><strong>in</strong></span> <span class='ocrx_word' id='word_1_606' title='bbox 1328 2026 1450 2054; x_wconf 80' lang='lat' dir='ltr'><strong>tenebris</strong></span> <span class='ocrx_word' id='word_1_607' title='bbox 1466 2024 1688 2059; x_wconf 80' lang='lat' dir='ltr'><strong>perambulantes</strong></span> <span class='ocrx_word' id='word_1_608' title='bbox 1702 2019 1781 2047; x_wconf 85' lang='lat' dir='ltr'><strong>nobis</strong></span> 
     </span>
    </p>
   </div>
   <div class='ocr_carea' id='block_1_86' title="bbox 987 2069 1781 2108">
    <p class='ocr_par' dir='ltr' id='par_1_86' title="bbox 987 2069 1781 2108">
     <span class='ocr_line' id='line_1_86' title="bbox 987 2069 1781 2108; baseline -0.016 -4"><span class='ocrx_word' id='word_1_609' title='bbox 987 2077 1165 2108; x_wconf 84' lang='lat' dir='ltr'><strong>insidiantur,</strong></span> <span class='ocrx_word' id='word_1_610' title='bbox 1185 2075 1288 2102; x_wconf 75' lang='lat' dir='ltr'><strong>dextra:</strong></span> <span class='ocrx_word' id='word_1_611' title='bbox 1302 2073 1372 2108; x_wconf 84' lang='lat' dir='ltr'><strong>parti</strong></span> <span class='ocrx_word' id='word_1_612' title='bbox 1386 2071 1504 2104; x_wconf 77' lang='lat' dir='ltr'><strong>decupLo</strong></span> <span class='ocrx_word' id='word_1_613' title='bbox 1529 2069 1662 2103; x_wconf 83' lang='lat' dir='ltr'><strong>majorem</strong></span> <span class='ocrx_word' id='word_1_614' title='bbox 1682 2073 1781 2093; x_wconf 90' lang='lat' dir='ltr'><strong>nume-</strong></span> 
     </span>
    </p>
   </div>
   <div class='ocr_carea' id='block_1_87' title="bbox 987 2111 1781 2152">
    <p class='ocr_par' dir='ltr' id='par_1_87' title="bbox 987 2111 1781 2152">
     <span class='ocr_line' id='line_1_87' title="bbox 987 2111 1781 2152; baseline -0.016 -3"><span class='ocrx_word' id='word_1_615' title='bbox 987 2131 1047 2149; x_wconf 90' lang='lat' dir='ltr'><strong>rum</strong></span> <span class='ocrx_word' id='word_1_616' title='bbox 1066 2121 1219 2149; x_wconf 82' lang='lat' dir='ltr'><strong>constituit.</strong></span> <span class='ocrx_word' id='word_1_617' title='bbox 1237 2119 1267 2146; x_wconf 77' lang='lat' dir='ltr'><strong>Et</strong></span> <span class='ocrx_word' id='word_1_618' title='bbox 1283 2119 1341 2146; x_wconf 78' lang='lat' dir='ltr'><strong>luet:</strong></span> <span class='ocrx_word' id='word_1_619' title='bbox 1357 2119 1389 2145; x_wconf 82' lang='lat' dir='ltr'><strong>de</strong></span> <span class='ocrx_word' id='word_1_620' title='bbox 1407 2117 1506 2152; x_wconf 86' lang='lat' dir='ltr'><strong>pedum</strong></span> <span class='ocrx_word' id='word_1_621' title='bbox 1523 2121 1637 2141; x_wconf 84' lang='lat' dir='ltr'><strong>accessu</strong></span> <span class='ocrx_word' id='word_1_622' title='bbox 1653 2118 1680 2139; x_wconf 86' lang='lat' dir='ltr'><strong>et</strong></span> <span class='ocrx_word' id='word_1_623' title='bbox 1691 2111 1781 2145; x_wconf 70' lang='lat' dir='ltr'><strong>dispo&lt;</strong></span> 
     </span>
    </p>
   </div>
   <div class='ocr_carea' id='block_1_88' title="bbox 986 2157 1782 2201">
    <p class='ocr_par' dir='ltr' id='par_1_88' title="bbox 986 2157 1782 2201">
     <span class='ocr_line' id='line_1_88' title="bbox 986 2157 1782 2201; baseline -0.019 -5"><span class='ocrx_word' id='word_1_624' title='bbox 986 2170 1096 2197; x_wconf 85' lang='lat' dir='ltr'><strong>sitione.</strong></span> <span class='ocrx_word' id='word_1_625' title='bbox 1129 2167 1206 2201; x_wconf 87' lang='lat' dir='ltr'><strong>Quod</strong></span> <span class='ocrx_word' id='word_1_626' title='bbox 1233 2170 1325 2193; x_wconf 86' lang='lat' dir='ltr'><strong>autem</strong></span> <span class='ocrx_word' id='word_1_627' title='bbox 1351 2171 1419 2192; x_wconf 88' lang='lat' dir='ltr'><strong>voce</strong></span> <span class='ocrx_word' id='word_1_628' title='bbox 1441 2169 1541 2195; x_wconf 75' lang='lat' dir='ltr'><strong>magna</strong></span> <span class='ocrx_word' id='word_1_629' title='bbox 1567 2157 1726 2187; x_wconf 86' lang='lat' dir='ltr'><strong>clamaverit</strong></span> <span class='ocrx_word' id='word_1_630' title='bbox 1749 2163 1782 2182; x_wconf 87' lang='lat' dir='ltr'><strong>ac</strong></span> 
     </span>
    </p>
   </div>
   <div class='ocr_carea' id='block_1_89' title="bbox 987 2204 1782 2246">
    <p class='ocr_par' dir='ltr' id='par_1_89' title="bbox 987 2204 1782 2246">
     <span class='ocr_line' id='line_1_89' title="bbox 987 2204 1782 2246; baseline -0.018 -5"><span class='ocrx_word' id='word_1_631' title='bbox 987 2214 1097 2242; x_wconf 81' lang='lat' dir='ltr'><strong>leonino</strong></span> <span class='ocrx_word' id='word_1_632' title='bbox 1115 2220 1193 2246; x_wconf 84' lang='lat' dir='ltr'><strong>sono,</strong></span> <span class='ocrx_word' id='word_1_633' title='bbox 1212 2209 1409 2246; x_wconf 78' lang='lat' dir='ltr'><strong>indignationis</strong></span> <span class='ocrx_word' id='word_1_634' title='bbox 1427 2213 1469 2235; x_wconf 89' lang='lat' dir='ltr'><strong>est</strong></span> <span class='ocrx_word' id='word_1_635' title='bbox 1488 2208 1608 2242; x_wconf 75' lang='lat' dir='ltr'><strong>signum.</strong></span> <span class='ocrx_word' id='word_1_636' title='bbox 1633 2204 1694 2231; x_wconf 91' lang='lat' dir='ltr'><strong>ideo</strong></span> <span class='ocrx_word' id='word_1_637' title='bbox 1711 2210 1782 2237; x_wconf 92' lang='lat' dir='ltr'><strong>quo-</strong></span> 
     </span>
    </p>
   </div>
   <div class='ocr_carea' id='block_1_90' title="bbox 987 2250 1782 2294">
    <p class='ocr_par' dir='ltr' id='par_1_90' title="bbox 987 2250 1782 2294">
     <span class='ocr_line' id='line_1_90' title="bbox 987 2250 1782 2294; baseline -0.016 -7"><span class='ocrx_word' id='word_1_638' title='bbox 987 2268 1040 2294; x_wconf 88' lang='lat' dir='ltr'><strong>que</strong></span> <span class='ocrx_word' id='word_1_639' title='bbox 1057 2259 1159 2294; x_wconf 81' lang='lat' dir='ltr'><strong>rugitui</strong></span> <span class='ocrx_word' id='word_1_640' title='bbox 1182 2261 1359 2292; x_wconf 85' lang='lat' dir='ltr'><strong>comparatus</strong></span> <span class='ocrx_word' id='word_1_641' title='bbox 1377 2258 1420 2282; x_wconf 85' lang='lat' dir='ltr'><strong>est</strong></span> <span class='ocrx_word' id='word_1_642' title='bbox 1435 2261 1531 2282; x_wconf 70' lang='lat' dir='ltr'><strong>sanus.</strong></span> <span class='ocrx_word' id='word_1_643' title='bbox 1547 2251 1612 2278; x_wconf 81' lang='lat' dir='ltr'><strong>Post</strong></span> <span class='ocrx_word' id='word_1_644' title='bbox 1632 2250 1782 2278; x_wconf 87' lang='lat' dir='ltr'><strong>clamorem</strong></span> 
     </span>
    </p>
   </div>
   <div class='ocr_carea' id='block_1_91' title="bbox 142 2296 934 2338">
    <p class='ocr_par' dir='ltr' id='par_1_91' title="bbox 142 2301 934 2338">
     <span class='ocr_line' id='line_1_91' title="bbox 142 2301 934 2338; baseline -0.001 -8"><span class='ocrx_word' id='word_1_645' title='bbox 142 2304 260 2338; x_wconf 71' lang='grc' dir='ltr'>ἀγγέλου</span> <span class='ocrx_word' id='word_1_646' title='bbox 277 2304 326 2334; x_wconf 73' lang='grc' dir='ltr'>τὰς</span> <span class='ocrx_word' id='word_1_647' title='bbox 351 2303 502 2337; x_wconf 81' lang='grc' dir='ltr'>ἀγγελικὰς</span> <span class='ocrx_word' id='word_1_648' title='bbox 526 2302 657 2336; x_wconf 79' lang='grc' dir='ltr'>δυνάμεις</span> <span class='ocrx_word' id='word_1_649' title='bbox 681 2301 750 2329; x_wconf 77' lang='grc' dir='ltr'>εἶναι</span> <span class='ocrx_word' id='word_1_650' title='bbox 776 2302 934 2338; x_wconf 73' lang='grc' dir='ltr'>νομίζομεν,</span> 
     </span>
    </p>
   </div>
   <div class='ocr_carea' id='block_1_92' title="bbox 986 2296 1782 2338">
    <p class='ocr_par' dir='ltr' id='par_1_92' title="bbox 990 2296 1782 2332">
     <span class='ocr_line' id='line_1_92' title="bbox 990 2296 1782 2332; baseline -0.014 -1"><span class='ocrx_word' id='word_1_651' title='bbox 990 2313 1054 2332; x_wconf 79' lang='lat' dir='ltr'><strong>vero</strong></span> <span class='ocrx_word' id='word_1_652' title='bbox 1066 2304 1240 2332; x_wconf 85' lang='lat' dir='ltr'><strong>eonsecutive</strong></span> <span class='ocrx_word' id='word_1_653' title='bbox 1252 2303 1345 2329; x_wconf 79' lang='lat' dir='ltr'><strong>locuta</strong></span> <span class='ocrx_word' id='word_1_654' title='bbox 1359 2305 1423 2329; x_wconf 90' lang='lat' dir='ltr'><strong>sunt</strong></span> <span class='ocrx_word' id='word_1_655' title='bbox 1434 2300 1566 2326; x_wconf 88' lang='lat' dir='ltr'><strong>tonitrua.</strong></span> <span class='ocrx_word' id='word_1_656' title='bbox 1580 2296 1666 2324; x_wconf 87' lang='lat' dir='ltr'><strong>Porro</strong></span> <span class='ocrx_word' id='word_1_657' title='bbox 1678 2299 1782 2329; x_wconf 85' lang='lat' dir='ltr'><strong>septem</strong></span> 
     </span>
    </p>
   </div>
   <div class='ocr_carea' id='block_1_93' title="bbox 142 2347 936 2386">
    <p class='ocr_par' dir='ltr' id='par_1_93' title="bbox 142 2347 936 2386">
     <span class='ocr_line' id='line_1_93' title="bbox 142 2347 936 2386; baseline -0.004 -10"><span class='ocrx_word' id='word_1_658' title='bbox 142 2350 182 2376; x_wconf 67' lang='grc' dir='ltr'>διὸ</span> <span class='ocrx_word' id='word_1_659' title='bbox 197 2351 245 2376; x_wconf 75' lang='grc' dir='ltr'><strong>καὶ</strong></span> <span class='ocrx_word' id='word_1_660' title='bbox 264 2350 302 2381; x_wconf 75' lang='grc' dir='ltr'>ὡς</span> <span class='ocrx_word' id='word_1_661' title='bbox 320 2348 444 2386; x_wconf 79' lang='grc' dir='ltr'>βρονταῖς</span> <span class='ocrx_word' id='word_1_662' title='bbox 470 2348 679 2381; x_wconf 78' lang='grc' dir='ltr'>ἀπεικάσθησαν</span> <span class='ocrx_word' id='word_1_663' title='bbox 690 2356 696 2362; x_wconf 90' lang='grc'><strong><em>“</em></strong></span> <span class='ocrx_word' id='word_1_664' title='bbox 714 2348 730 2382; x_wconf 85' lang='grc' dir='ltr'>ἢ</span> <span class='ocrx_word' id='word_1_665' title='bbox 748 2347 781 2374; x_wconf 69' lang='grc' dir='ltr'><strong>τὰ</strong></span> <span class='ocrx_word' id='word_1_666' title='bbox 804 2356 936 2383; x_wconf 74' lang='grc' dir='ltr'>προειρη-</span> 
     </span>
    </p>
   </div>
   <div class='ocr_carea' id='block_1_94' title="bbox 145 2394 768 2431">
    <p class='ocr_par' dir='ltr' id='par_1_94' title="bbox 145 2394 768 2431">
     <span class='ocr_line' id='line_1_94' title="bbox 145 2394 768 2431; baseline 0.002 -10"><span class='ocrx_word' id='word_1_667' title='bbox 145 2396 213 2431; x_wconf 79' lang='grc' dir='ltr'>μένα</span> <span class='ocrx_word' id='word_1_668' title='bbox 229 2396 258 2422; x_wconf 81' lang='grc' dir='ltr'>ἐν</span> <span class='ocrx_word' id='word_1_669' title='bbox 276 2397 333 2428; x_wconf 84' lang='grc' dir='ltr'>τοῖς</span> <span class='ocrx_word' id='word_1_670' title='bbox 345 2395 503 2431; x_wconf 76' lang='grc' dir='ltr'>ἔμπροσθεν</span> <span class='ocrx_word' id='word_1_671' title='bbox 520 2395 591 2422; x_wconf 79' lang='grc' dir='ltr'>ἑπτὰ</span> <span class='ocrx_word' id='word_1_672' title='bbox 610 2394 768 2428; x_wconf 82' lang='grc' dir='ltr'>πνεύματα.</span> 
     </span>
    </p>
   </div>
   <div class='ocr_carea' id='block_1_95' title="bbox 991 2342 1782 2383">
    <p class='ocr_par' dir='ltr' id='par_1_95' title="bbox 991 2342 1782 2383">
     <span class='ocr_line' id='line_1_95' title="bbox 991 2342 1782 2383; baseline -0.015 -4"><span class='ocrx_word' id='word_1_673' title='bbox 991 2352 1048 2379; x_wconf 68' lang='lat' dir='ltr'><strong>haec</strong></span> <span class='ocrx_word' id='word_1_674' title='bbox 1074 2351 1195 2378; x_wconf 90' lang='lat' dir='ltr'><strong>tonitrua</strong></span> <span class='ocrx_word' id='word_1_675' title='bbox 1214 2355 1261 2376; x_wconf 91' lang='lat' dir='ltr'><strong>aut</strong></span> <span class='ocrx_word' id='word_1_676' title='bbox 1281 2353 1384 2383; x_wconf 84' lang='lat' dir='ltr'><strong>septem</strong></span> <span class='ocrx_word' id='word_1_677' title='bbox 1412 2354 1493 2374; x_wconf 85' lang='lat' dir='ltr'><strong>voces</strong></span> <span class='ocrx_word' id='word_1_678' title='bbox 1515 2345 1549 2372; x_wconf 84' lang='lat' dir='ltr'><strong>ab</strong></span> <span class='ocrx_word' id='word_1_679' title='bbox 1570 2351 1625 2371; x_wconf 92' lang='lat' dir='ltr'><strong>uno</strong></span> <span class='ocrx_word' id='word_1_680' title='bbox 1641 2346 1668 2371; x_wconf 88' lang='lat' dir='ltr'><strong>et</strong></span> <span class='ocrx_word' id='word_1_681' title='bbox 1686 2342 1782 2370; x_wconf 89' lang='lat' dir='ltr'><strong>eodem</strong></span> 
     </span>
    </p>
   </div>
   <div class='ocr_carea' id='block_1_96' title="bbox 990 2392 1783 2433">
    <p class='ocr_par' dir='ltr' id='par_1_96' title="bbox 990 2392 1783 2433">
     <span class='ocr_line' id='line_1_96' title="bbox 990 2392 1783 2433; baseline -0.011 -9"><span class='ocrx_word' id='word_1_682' title='bbox 990 2398 1085 2433; x_wconf 79' lang='lat' dir='ltr'><strong>angelo</strong></span> <span class='ocrx_word' id='word_1_683' title='bbox 1114 2396 1271 2425; x_wconf 86' lang='lat' dir='ltr'><strong>terribiliter</strong></span> <span class='ocrx_word' id='word_1_684' title='bbox 1288 2402 1453 2431; x_wconf 74' lang='lat' dir='ltr'><strong>expressas,</strong></span> <span class='ocrx_word' id='word_1_685' title='bbox 1477 2392 1671 2420; x_wconf 75' lang='lat' dir='ltr'><strong>existimamus</strong></span> <span class='ocrx_word' id='word_1_686' title='bbox 1698 2395 1783 2423; x_wconf 79' lang='lat' dir='ltr'><strong>ange-</strong></span> 
     </span>
    </p>
   </div>
   <div class='ocr_carea' id='block_1_97' title="bbox 143 2435 1783 2477">
    <p class='ocr_par' dir='ltr' id='par_1_97' title="bbox 143 2435 1783 2477">
     <span class='ocr_line' id='line_1_97' title="bbox 143 2435 1783 2477; baseline -0.004 -7"><span class='ocrx_word' id='word_1_687' title='bbox 143 2443 210 2471; x_wconf 79' lang='lat' dir='ltr'><strong>licas</strong></span> <span class='ocrx_word' id='word_1_688' title='bbox 223 2450 284 2470; x_wconf 86' lang='lat' dir='ltr'><strong>esse</strong></span> <span class='ocrx_word' id='word_1_689' title='bbox 302 2446 462 2477; x_wconf 80' lang='lat' dir='ltr'><strong>potestates.</strong></span> <span class='ocrx_word' id='word_1_690' title='bbox 476 2441 536 2469; x_wconf 82' lang='lat' dir='ltr'><strong>ideo</strong></span> <span class='ocrx_word' id='word_1_691' title='bbox 552 2449 663 2476; x_wconf 87' lang='lat' dir='ltr'><strong>quoque</strong></span> <span class='ocrx_word' id='word_1_692' title='bbox 693 2440 822 2468; x_wconf 88' lang='lat' dir='ltr'><strong>tonitruis</strong></span> <span class='ocrx_word' id='word_1_693' title='bbox 848 2440 1008 2470; x_wconf 70' lang='lat' dir='ltr'><strong>assimilatm</strong></span> <span class='ocrx_word' id='word_1_694' title='bbox 1038 2447 1102 2470; x_wconf 89' lang='lat' dir='ltr'><strong>sunt</strong></span> <span class='ocrx_word' id='word_1_695' title='bbox 1121 2452 1127 2470; x_wconf 91' lang='lat'><strong>:</strong></span> <span class='ocrx_word' id='word_1_696' title='bbox 1154 2447 1202 2470; x_wconf 88' lang='lat' dir='ltr'><strong>aut</strong></span> <span class='ocrx_word' id='word_1_697' title='bbox 1233 2446 1336 2477; x_wconf 77' lang='lat' dir='ltr'><strong>septem</strong></span> <span class='ocrx_word' id='word_1_698' title='bbox 1352 2440 1465 2476; x_wconf 87' lang='lat' dir='ltr'><strong>spiritus</strong></span> <span class='ocrx_word' id='word_1_699' title='bbox 1487 2439 1521 2466; x_wconf 84' lang='lat' dir='ltr'><strong>de</strong></span> <span class='ocrx_word' id='word_1_700' title='bbox 1545 2437 1646 2473; x_wconf 88' lang='lat' dir='ltr'><strong>quibus</strong></span> <span class='ocrx_word' id='word_1_701' title='bbox 1678 2435 1783 2463; x_wconf 83' lang='lat' dir='ltr'><strong>dictum</strong></span> 
     </span>
    </p>
   </div>
   <div class='ocr_carea' id='block_1_98' title="bbox 142 2487 475 2523">
    <p class='ocr_par' dir='ltr' id='par_1_98' title="bbox 142 2487 475 2523">
     <span class='ocr_line' id='line_1_98' title="bbox 142 2487 475 2523; baseline -0.009 -7"><span class='ocrx_word' id='word_1_702' title='bbox 142 2493 186 2516; x_wconf 82' lang='lat' dir='ltr'><strong>est</strong></span> <span class='ocrx_word' id='word_1_703' title='bbox 201 2488 227 2515; x_wconf 91' lang='lat' dir='ltr'><strong>in</strong></span> <span class='ocrx_word' id='word_1_704' title='bbox 246 2487 475 2523; x_wconf 67' lang='lat' dir='ltr'><strong>prmcedentibus.</strong></span> 
     </span>
    </p>
   </div>
   <div class='ocr_carea' id='block_1_99' title="bbox 181 2531 937 2567">
    <p class='ocr_par' dir='ltr' id='par_1_99' title="bbox 181 2531 937 2567">
     <span class='ocr_line' id='line_1_99' title="bbox 181 2531 937 2567; baseline -0.003 -7"><span class='ocrx_word' id='word_1_705' title='bbox 181 2534 296 2567; x_wconf 81' lang='grc' dir='ltr'>Ὠσπερ</span> <span class='ocrx_word' id='word_1_706' title='bbox 309 2533 388 2559; x_wconf 66' lang='grc' dir='ltr'>,λέων</span> <span class='ocrx_word' id='word_1_707' title='bbox 398 2531 540 2566; x_wconf 80' lang='grc' dir='ltr'>μυκᾶται.</span> <span class='ocrx_word' id='word_1_708' title='bbox 556 2531 594 2557; x_wconf 77' lang='grc' dir='ltr'><strong>Οὐ</strong></span> <span class='ocrx_word' id='word_1_709' title='bbox 608 2531 755 2564; x_wconf 76' lang='grc' dir='ltr'>προσφυῶς</span> <span class='ocrx_word' id='word_1_710' title='bbox 771 2531 817 2557; x_wconf 67' lang='grc' dir='ltr'>ἐπὶ</span> <span class='ocrx_word' id='word_1_711' title='bbox 829 2531 937 2563; x_wconf 81' lang='grc' dir='ltr'>λέοντος</span> 
     </span>
    </p>
   </div>
   <div class='ocr_carea' id='block_1_100' title="bbox 144 2575 936 2615">
    <p class='ocr_par' dir='ltr' id='par_1_100' title="bbox 144 2575 936 2615">
     <span class='ocr_line' id='line_1_100' title="bbox 144 2575 936 2615; baseline -0.008 -8"><span class='ocrx_word' id='word_1_712' title='bbox 144 2581 161 2615; x_wconf 80' lang='grc' dir='ltr'><strong>ἡ</strong></span> <span class='ocrx_word' id='word_1_713' title='bbox 177 2580 221 2607; x_wconf 79' lang='grc' dir='ltr'><strong>διὰ</strong></span> <span class='ocrx_word' id='word_1_714' title='bbox 234 2579 282 2605; x_wconf 76' lang='grc' dir='ltr'>τοῦ</span> <span class='ocrx_word' id='word_1_715' title='bbox 299 2577 436 2613; x_wconf 78' lang='grc' dir='ltr'>μυκᾶσθαι</span> <span class='ocrx_word' id='word_1_716' title='bbox 455 2577 531 2611; x_wconf 80' lang='grc' dir='ltr'><strong>φωνή</strong></span> <span class='ocrx_word' id='word_1_717' title='bbox 544 2585 551 2592; x_wconf 89' lang='grc'><strong>·</strong></span> <span class='ocrx_word' id='word_1_718' title='bbox 576 2576 621 2602; x_wconf 78' lang='grc' dir='ltr'>ἐπὶ</span> <span class='ocrx_word' id='word_1_719' title='bbox 646 2575 716 2611; x_wconf 80' lang='grc' dir='ltr'>βοῶν</span> <span class='ocrx_word' id='word_1_720' title='bbox 733 2577 788 2611; x_wconf 79' lang='grc' dir='ltr'><strong>γὰρ</strong></span> <span class='ocrx_word' id='word_1_721' title='bbox 816 2576 917 2611; x_wconf 78' lang='grc' dir='ltr'>μᾶλλον</span> <span class='ocrx_word' id='word_1_722' title='bbox 928 2585 936 2593; x_wconf 74' lang='grc' dir='ltr'><strong>ι</strong></span> 
     </span>
    </p>
   </div>
   <div class='ocr_carea' id='block_1_101' title="bbox 144 2622 938 2659">
    <p class='ocr_par' dir='ltr' id='par_1_101' title="bbox 144 2622 938 2659">
     <span class='ocr_line' id='line_1_101' title="bbox 144 2622 938 2659; baseline -0.006 -6"><span class='ocrx_word' id='word_1_723' title='bbox 144 2627 235 2654; x_wconf 77' lang='grc' dir='ltr'>λέουσι</span> <span class='ocrx_word' id='word_1_724' title='bbox 248 2625 276 2651; x_wconf 81' lang='grc' dir='ltr'><strong>δέ</strong></span> <span class='ocrx_word' id='word_1_725' title='bbox 294 2624 325 2651; x_wconf 82' lang='grc' dir='ltr'>τὸ</span> <span class='ocrx_word' id='word_1_726' title='bbox 351 2623 463 2659; x_wconf 85' lang='grc' dir='ltr'>βρύχειν</span> <span class='ocrx_word' id='word_1_727' title='bbox 480 2622 644 2657; x_wconf 74' lang='grc' dir='ltr'>ἀφώρισται.</span> <span class='ocrx_word' id='word_1_728' title='bbox 666 2623 727 2649; x_wconf 85' lang='grc' dir='ltr'>’Ότι</span> <span class='ocrx_word' id='word_1_729' title='bbox 747 2623 839 2657; x_wconf 57' lang='grc' dir='ltr'>μέντοι</span> <span class='ocrx_word' id='word_1_730' title='bbox 858 2622 938 2648; x_wconf 82' lang='grc' dir='ltr'>τοῦτο</span> 
     </span>
    </p>
   </div>
   <div class='ocr_carea' id='block_1_102' title="bbox 144 2666 939 2706">
    <p class='ocr_par' dir='ltr' id='par_1_102' title="bbox 144 2666 939 2706">
     <span class='ocr_line' id='line_1_102' title="bbox 144 2666 939 2706; baseline -0.006 -8"><span class='ocrx_word' id='word_1_731' title='bbox 144 2671 175 2698; x_wconf 77' lang='grc' dir='ltr'>οὺ</span> <span class='ocrx_word' id='word_1_732' title='bbox 188 2670 337 2706; x_wconf 80' lang='grc' dir='ltr'>παρέργως</span> <span class='ocrx_word' id='word_1_733' title='bbox 355 2668 474 2703; x_wconf 76' lang='grc' dir='ltr'>ἐπῆλθεν</span> <span class='ocrx_word' id='word_1_734' title='bbox 503 2669 576 2702; x_wconf 78' lang='grc' dir='ltr'>ἐρεῖν</span> <span class='ocrx_word' id='word_1_735' title='bbox 590 2667 674 2702; x_wconf 76' lang='grc' dir='ltr'>αὐτῷ,</span> <span class='ocrx_word' id='word_1_736' title='bbox 694 2667 708 2693; x_wconf 83' lang='grc' dir='ltr'>ὁ</span> <span class='ocrx_word' id='word_1_737' title='bbox 723 2667 811 2694; x_wconf 79' lang='grc' dir='ltr'>ταῦτα</span> <span class='ocrx_word' id='word_1_738' title='bbox 832 2666 939 2699; x_wconf 77' lang='grc' dir='ltr'>διεξιὼν</span> 
     </span>
    </p>
   </div>
   <div class='ocr_carea' id='block_1_103' title="bbox 145 2713 938 2750">
    <p class='ocr_par' dir='ltr' id='par_1_103' title="bbox 145 2713 938 2750">
     <span class='ocr_line' id='line_1_103' title="bbox 145 2713 938 2750; baseline -0.004 -7"><span class='ocrx_word' id='word_1_739' title='bbox 145 2716 292 2748; x_wconf 79' lang='grc' dir='ltr'>συνετίζει,</span> <span class='ocrx_word' id='word_1_740' title='bbox 315 2714 353 2750; x_wconf 87' lang='grc' dir='ltr'>μὴ</span> <span class='ocrx_word' id='word_1_741' title='bbox 379 2714 524 2747; x_wconf 72' lang='grc' dir='ltr'>ἐπιμείνας</span> <span class='ocrx_word' id='word_1_742' title='bbox 542 2715 573 2748; x_wconf 86' lang='grc' dir='ltr'><strong>τῇ</strong></span> <span class='ocrx_word' id='word_1_743' title='bbox 591 2713 636 2739; x_wconf 80' lang='grc' dir='ltr'>τοῦ</span> <span class='ocrx_word' id='word_1_744' title='bbox 663 2713 803 2748; x_wconf 77' lang='grc' dir='ltr'>μυκᾶσθαι</span> <span class='ocrx_word' id='word_1_745' title='bbox 831 2713 938 2749; x_wconf 74' lang='grc' dir='ltr'>χρήσει,</span> 
     </span>
    </p>
   </div>
   <div class='ocr_carea' id='block_1_104' title="bbox 145 2757 940 2797">
    <p class='ocr_par' dir='ltr' id='par_1_104' title="bbox 145 2757 940 2797">
     <span class='ocr_line' id='line_1_104' title="bbox 145 2757 940 2797; baseline -0.004 -8"><span class='ocrx_word' id='word_1_746' title='bbox 145 2762 214 2790; x_wconf 63' lang='grc' dir='ltr'>ἀλλὰ</span> <span class='ocrx_word' id='word_1_747' title='bbox 226 2762 296 2797; x_wconf 68' lang='grc' dir='ltr'>πρὸς</span> <span class='ocrx_word' id='word_1_748' title='bbox 308 2761 339 2788; x_wconf 83' lang='grc' dir='ltr'>τὸ</span> <span class='ocrx_word' id='word_1_749' title='bbox 354 2760 463 2795; x_wconf 76' lang='grc' dir='ltr'>ἐκραξε</span> <span class='ocrx_word' id='word_1_750' title='bbox 480 2759 610 2795; x_wconf 70' lang='grc' dir='ltr'>μεταϐὰς.</span> <span class='ocrx_word' id='word_1_751' title='bbox 626 2759 695 2794; x_wconf 69' lang='grc' dir='ltr'>Περὶ</span> <span class='ocrx_word' id='word_1_752' title='bbox 707 2759 756 2794; x_wconf 77' lang='grc' dir='ltr'>μὲν</span> <span class='ocrx_word' id='word_1_753' title='bbox 767 2757 814 2786; x_wconf 78' lang='grc' dir='ltr'>οὖν</span> <span class='ocrx_word' id='word_1_754' title='bbox 824 2759 940 2786; x_wconf 79' lang='grc' dir='ltr'>λεόντων</span> 
     </span>
    </p>
   </div>
   <div class='ocr_carea' id='block_1_105' title="bbox 147 2805 940 2844">
    <p class='ocr_par' dir='ltr' id='par_1_105' title="bbox 147 2805 940 2844">
     <span class='ocr_line' id='line_1_105' title="bbox 147 2805 940 2844; baseline -0.003 -9"><span class='ocrx_word' id='word_1_755' title='bbox 147 2809 212 2844; x_wconf 82' lang='grc' dir='ltr'>βοῆς</span> <span class='ocrx_word' id='word_1_756' title='bbox 228 2806 506 2843; x_wconf 79' lang='grc' dir='ltr'>ἀκριϐολογουμένοις</span> <span class='ocrx_word' id='word_1_757' title='bbox 526 2806 623 2833; x_wconf 80' lang='grc' dir='ltr'>ταῦτα.</span> <span class='ocrx_word' id='word_1_758' title='bbox 642 2805 703 2831; x_wconf 80' lang='grc' dir='ltr'><strong>Ἐπὶ</strong></span> <span class='ocrx_word' id='word_1_759' title='bbox 726 2805 753 2831; x_wconf 80' lang='grc' dir='ltr'><strong>δὲ</strong></span> <span class='ocrx_word' id='word_1_760' title='bbox 769 2805 940 2840; x_wconf 80' lang='grc' dir='ltr'>ἁμαρτωλῶν</span> 
     </span>
    </p>
   </div>
   <div class='ocr_carea' id='block_1_106' title="bbox 146 2851 940 2890">
    <p class='ocr_par' dir='ltr' id='par_1_106' title="bbox 146 2851 940 2890">
     <span class='ocr_line' id='line_1_106' title="bbox 146 2851 940 2890; baseline -0.004 -8"><span class='ocrx_word' id='word_1_761' title='bbox 146 2853 364 2890; x_wconf 79' lang='grc' dir='ltr'>τιμωρουμένων</span> <span class='ocrx_word' id='word_1_762' title='bbox 377 2854 513 2889; x_wconf 79' lang='grc' dir='ltr'>ὀδυνηρᾶς</span> <span class='ocrx_word' id='word_1_763' title='bbox 528 2852 652 2888; x_wconf 83' lang='grc' dir='ltr'>φθογγῆς</span> <span class='ocrx_word' id='word_1_764' title='bbox 667 2852 694 2878; x_wconf 87' lang='grc' dir='ltr'><strong>τί</strong></span> <span class='ocrx_word' id='word_1_765' title='bbox 708 2851 739 2878; x_wconf 75' lang='grc' dir='ltr'>τὸ</span> <span class='ocrx_word' id='word_1_766' title='bbox 755 2851 854 2888; x_wconf 82' lang='grc' dir='ltr'>μᾶλλον</span> <span class='ocrx_word' id='word_1_767' title='bbox 875 2861 940 2879; x_wconf 87' lang='grc' dir='ltr'>κατ-</span> 
     </span>
    </p>
   </div>
   <div class='ocr_carea' id='block_1_107' title="bbox 147 2897 940 2938">
    <p class='ocr_par' dir='ltr' id='par_1_107' title="bbox 147 2897 940 2938">
     <span class='ocr_line' id='line_1_107' title="bbox 147 2897 940 2938; baseline -0.004 -10"><span class='ocrx_word' id='word_1_768' title='bbox 147 2902 273 2938; x_wconf 77' lang='grc' dir='ltr'>άλληλον,</span> <span class='ocrx_word' id='word_1_769' title='bbox 290 2901 307 2936; x_wconf 85' lang='grc' dir='ltr'>ἢ</span> <span class='ocrx_word' id='word_1_770' title='bbox 324 2901 354 2927; x_wconf 75' lang='grc' dir='ltr'>τὸ</span> <span class='ocrx_word' id='word_1_771' title='bbox 368 2900 492 2936; x_wconf 84' lang='grc' dir='ltr'>βρύκειν,</span> <span class='ocrx_word' id='word_1_772' title='bbox 506 2899 552 2935; x_wconf 76' lang='grc' dir='ltr'><strong>ἀφ’</strong></span> <span class='ocrx_word' id='word_1_773' title='bbox 570 2897 600 2926; x_wconf 72' lang='grc' dir='ltr'>οὗ</span> <span class='ocrx_word' id='word_1_774' title='bbox 623 2898 762 2935; x_wconf 80' lang='grc' dir='ltr'>βρυγμός;</span> <span class='ocrx_word' id='word_1_775' title='bbox 786 2898 898 2935; x_wconf 81' lang='grc' dir='ltr'>βρύκειν</span> <span class='ocrx_word' id='word_1_776' title='bbox 912 2899 940 2926; x_wconf 85' lang='grc' dir='ltr'><strong>δὲ</strong></span> 
     </span>
    </p>
   </div>
   <div class='ocr_carea' id='block_1_108' title="bbox 145 2945 939 2984">
    <p class='ocr_par' dir='ltr' id='par_1_108' title="bbox 145 2945 939 2984">
     <span class='ocr_line' id='line_1_108' title="bbox 145 2945 939 2984; baseline -0.004 -9"><span class='ocrx_word' id='word_1_777' title='bbox 145 2947 306 2984; x_wconf 77' lang='grc' dir='ltr'>ὠνομάσθη,</span> <span class='ocrx_word' id='word_1_778' title='bbox 333 2947 387 2975; x_wconf 79' lang='grc' dir='ltr'><strong>ἀπὸ</strong></span> <span class='ocrx_word' id='word_1_779' title='bbox 415 2946 460 2973; x_wconf 83' lang='grc' dir='ltr'>τοῦ</span> <span class='ocrx_word' id='word_1_780' title='bbox 488 2946 590 2981; x_wconf 79' lang='grc' dir='ltr'>βρώσει</span> <span class='ocrx_word' id='word_1_781' title='bbox 618 2945 747 2978; x_wconf 78' lang='grc' dir='ltr'>ἐοικέναι,</span> <span class='ocrx_word' id='word_1_782' title='bbox 771 2945 809 2978; x_wconf 82' lang='grc' dir='ltr'>ὼς</span> <span class='ocrx_word' id='word_1_783' title='bbox 825 2946 871 2973; x_wconf 69' lang='grc' dir='ltr'>ἐπὶ</span> <span class='ocrx_word' id='word_1_784' title='bbox 892 2945 939 2973; x_wconf 78' lang='grc' dir='ltr'>τοῦ</span> 
     </span>
    </p>
   </div>
   <div class='ocr_carea' id='block_1_109' title="bbox 1028 2530 1783 2566">
    <p class='ocr_par' dir='ltr' id='par_1_109' title="bbox 1028 2530 1783 2566">
     <span class='ocr_line' id='line_1_109' title="bbox 1028 2530 1783 2566; baseline -0.003 -9"><span class='ocrx_word' id='word_1_785' title='bbox 1028 2531 1256 2565; x_wconf 81' lang='lat' dir='ltr'><strong>Quemadmodum</strong></span> <span class='ocrx_word' id='word_1_786' title='bbox 1284 2531 1322 2558; x_wconf 82' lang='lat' dir='ltr'><strong>leo</strong></span> <span class='ocrx_word' id='word_1_787' title='bbox 1351 2531 1445 2566; x_wconf 82' lang='lat' dir='ltr'><strong>mugit.</strong></span> <span class='ocrx_word' id='word_1_788' title='bbox 1465 2530 1525 2557; x_wconf 71' lang='lat' dir='ltr'><strong>Non</strong></span> <span class='ocrx_word' id='word_1_789' title='bbox 1554 2534 1597 2558; x_wconf 90' lang='lat' dir='ltr'><strong>est</strong></span> <span class='ocrx_word' id='word_1_790' title='bbox 1621 2533 1783 2557; x_wconf 79' lang='lat' dir='ltr'><strong>consuetum</strong></span> 
     </span>
    </p>
   </div>
   <div class='ocr_carea' id='block_1_110' title="bbox 994 2575 1784 2612">
    <p class='ocr_par' dir='ltr' id='par_1_110' title="bbox 994 2575 1784 2612">
     <span class='ocr_line' id='line_1_110' title="bbox 994 2575 1784 2612; baseline -0.004 -8"><span class='ocrx_word' id='word_1_791' title='bbox 994 2583 1023 2604; x_wconf 93' lang='lat' dir='ltr'><strong>ut</strong></span> <span class='ocrx_word' id='word_1_792' title='bbox 1041 2578 1073 2607; x_wconf 76' lang='lat' dir='ltr'><strong>in,</strong></span> <span class='ocrx_word' id='word_1_793' title='bbox 1094 2580 1171 2606; x_wconf 85' lang='lat' dir='ltr'><strong>leone</strong></span> <span class='ocrx_word' id='word_1_794' title='bbox 1192 2586 1244 2605; x_wconf 78' lang='lat' dir='ltr'><strong>vox</strong></span> <span class='ocrx_word' id='word_1_795' title='bbox 1262 2577 1435 2612; x_wconf 85' lang='lat' dir='ltr'><strong>exprimatur</strong></span> <span class='ocrx_word' id='word_1_796' title='bbox 1460 2585 1508 2611; x_wconf 73' lang='lat' dir='ltr'><strong>per</strong></span> <span class='ocrx_word' id='word_1_797' title='bbox 1526 2575 1675 2611; x_wconf 79' lang='grc' dir='ltr'>μυκᾶσθαι,</span> <span class='ocrx_word' id='word_1_798' title='bbox 1695 2575 1719 2602; x_wconf 90' lang='lat' dir='ltr'><strong>id</strong></span> <span class='ocrx_word' id='word_1_799' title='bbox 1741 2580 1784 2602; x_wconf 86' lang='lat' dir='ltr'><strong>est.</strong></span> 
     </span>
    </p>
   </div>
   <div class='ocr_carea' id='block_1_111' title="bbox 994 2620 1783 2657">
    <p class='ocr_par' dir='ltr' id='par_1_111' title="bbox 994 2620 1783 2657">
     <span class='ocr_line' id='line_1_111' title="bbox 994 2620 1783 2657; baseline -0.004 -8"><span class='ocrx_word' id='word_1_800' title='bbox 994 2623 1109 2656; x_wconf 80' lang='lat' dir='ltr'><strong>mugire,</strong></span> <span class='ocrx_word' id='word_1_801' title='bbox 1127 2630 1189 2649; x_wconf 89' lang='lat' dir='ltr'><strong>nam</strong></span> <span class='ocrx_word' id='word_1_802' title='bbox 1207 2622 1259 2649; x_wconf 89' lang='lat' dir='ltr'><strong>hoc</strong></span> <span class='ocrx_word' id='word_1_803' title='bbox 1286 2623 1368 2649; x_wconf 89' lang='lat' dir='ltr'><strong>boum</strong></span> <span class='ocrx_word' id='word_1_804' title='bbox 1390 2623 1477 2657; x_wconf 79' lang='lat' dir='ltr'><strong>magis</strong></span> <span class='ocrx_word' id='word_1_805' title='bbox 1498 2626 1558 2654; x_wconf 90' lang='lat' dir='ltr'><strong>est,</strong></span> <span class='ocrx_word' id='word_1_806' title='bbox 1576 2620 1703 2648; x_wconf 82' lang='lat' dir='ltr'><strong>leonibus</strong></span> <span class='ocrx_word' id='word_1_807' title='bbox 1719 2627 1783 2647; x_wconf 91' lang='lat' dir='ltr'><strong>vero</strong></span> 
     </span>
    </p>
   </div>
   <div class='ocr_carea' id='block_1_112' title="bbox 991 2666 1782 2704">
    <p class='ocr_par' dir='ltr' id='par_1_112' title="bbox 991 2666 1782 2704">
     <span class='ocr_line' id='line_1_112' title="bbox 991 2666 1782 2704; baseline -0.004 -9"><span class='ocrx_word' id='word_1_808' title='bbox 991 2668 1116 2704; x_wconf 85' lang='grc' dir='ltr'>βρύκειν,</span> <span class='ocrx_word' id='word_1_809' title='bbox 1135 2669 1161 2696; x_wconf 91' lang='lat' dir='ltr'><strong>id</strong></span> <span class='ocrx_word' id='word_1_810' title='bbox 1178 2672 1220 2696; x_wconf 91' lang='lat' dir='ltr'><strong>est</strong></span> <span class='ocrx_word' id='word_1_811' title='bbox 1232 2669 1324 2704; x_wconf 84' lang='lat' dir='ltr'><strong>rugire</strong></span> <span class='ocrx_word' id='word_1_812' title='bbox 1337 2669 1395 2696; x_wconf 84' lang='lat' dir='ltr'><strong>sive</strong></span> <span class='ocrx_word' id='word_1_813' title='bbox 1415 2667 1532 2696; x_wconf 85' lang='lat' dir='ltr'><strong>stridere</strong></span> <span class='ocrx_word' id='word_1_814' title='bbox 1550 2666 1712 2694; x_wconf 87' lang='lat' dir='ltr'><strong>attributum</strong></span> <span class='ocrx_word' id='word_1_815' title='bbox 1729 2671 1782 2693; x_wconf 79' lang='lat' dir='ltr'><strong>est.</strong></span> 
     </span>
    </p>
   </div>
   <div class='ocr_carea' id='block_1_113' title="bbox 993 2715 1784 2751">
    <p class='ocr_par' dir='ltr' id='par_1_113' title="bbox 993 2715 1784 2751">
     <span class='ocr_line' id='line_1_113' title="bbox 993 2715 1784 2751; baseline -0.004 -8"><span class='ocrx_word' id='word_1_816' title='bbox 993 2715 1049 2743; x_wconf 90' lang='lat' dir='ltr'><strong>lloe</strong></span> <span class='ocrx_word' id='word_1_817' title='bbox 1064 2723 1129 2743; x_wconf 86' lang='lat' dir='ltr'><strong>sane</strong></span> <span class='ocrx_word' id='word_1_818' title='bbox 1147 2716 1193 2751; x_wconf 91' lang='lat' dir='ltr'><strong>qui</strong></span> <span class='ocrx_word' id='word_1_819' title='bbox 1210 2716 1261 2744; x_wconf 88' lang='lat' dir='ltr'><strong>ista</strong></span> <span class='ocrx_word' id='word_1_820' title='bbox 1278 2716 1494 2744; x_wconf 80' lang='lat' dir='ltr'><strong>transcurrendo</strong></span> <span class='ocrx_word' id='word_1_821' title='bbox 1510 2715 1641 2747; x_wconf 77' lang='lat' dir='ltr'><strong>declarat,</strong></span> <span class='ocrx_word' id='word_1_822' title='bbox 1658 2721 1713 2741; x_wconf 90' lang='lat' dir='ltr'><strong>non</strong></span> <span class='ocrx_word' id='word_1_823' title='bbox 1734 2721 1784 2740; x_wconf 82' lang='lat' dir='ltr'><strong>ne-</strong></span> 
     </span>
    </p>
   </div>
   <div class='ocr_carea' id='block_1_114' title="bbox 992 2760 1785 2798">
    <p class='ocr_par' dir='ltr' id='par_1_114' title="bbox 992 2760 1785 2798">
     <span class='ocr_line' id='line_1_114' title="bbox 992 2760 1785 2798; baseline -0.001 -10"><span class='ocrx_word' id='word_1_824' title='bbox 992 2763 1123 2798; x_wconf 77' lang='lat' dir='ltr'><strong>gligenter</strong></span> <span class='ocrx_word' id='word_1_825' title='bbox 1135 2762 1170 2790; x_wconf 88' lang='lat' dir='ltr'><strong>ab</strong></span> <span class='ocrx_word' id='word_1_826' title='bbox 1187 2762 1246 2796; x_wconf 88' lang='lat' dir='ltr'><strong>ipso</strong></span> <span class='ocrx_word' id='word_1_827' title='bbox 1265 2762 1319 2790; x_wconf 91' lang='lat' dir='ltr'><strong>dici</strong></span> <span class='ocrx_word' id='word_1_828' title='bbox 1333 2766 1549 2791; x_wconf 86' lang='lat' dir='ltr'><strong>commemorat:</strong></span> <span class='ocrx_word' id='word_1_829' title='bbox 1569 2760 1640 2796; x_wconf 86' lang='lat' dir='ltr'><strong>quod</strong></span> <span class='ocrx_word' id='word_1_830' title='bbox 1658 2760 1785 2787; x_wconf 80' lang='lat' dir='ltr'><strong>videlicet</strong></span> 
     </span>
    </p>
   </div>
   <div class='ocr_carea' id='block_1_115' title="bbox 992 2805 1783 2842">
    <p class='ocr_par' dir='ltr' id='par_1_115' title="bbox 992 2805 1783 2842">
     <span class='ocr_line' id='line_1_115' title="bbox 992 2805 1783 2842; baseline -0.003 -8"><span class='ocrx_word' id='word_1_831' title='bbox 992 2815 1045 2834; x_wconf 90' lang='lat' dir='ltr'><strong>non</strong></span> <span class='ocrx_word' id='word_1_832' title='bbox 1065 2807 1174 2835; x_wconf 79' lang='lat' dir='ltr'><strong>lurserit</strong></span> <span class='ocrx_word' id='word_1_833' title='bbox 1190 2807 1216 2834; x_wconf 86' lang='lat' dir='ltr'><strong>in</strong></span> <span class='ocrx_word' id='word_1_834' title='bbox 1234 2816 1286 2835; x_wconf 87' lang='lat' dir='ltr'><strong>usu</strong></span> <span class='ocrx_word' id='word_1_835' title='bbox 1306 2807 1378 2835; x_wconf 85' lang='lat' dir='ltr'><strong>verbi</strong></span> <span class='ocrx_word' id='word_1_836' title='bbox 1397 2807 1547 2842; x_wconf 74' lang='grc' dir='ltr'>μυκᾶσθαι,</span> <span class='ocrx_word' id='word_1_837' title='bbox 1568 2806 1593 2833; x_wconf 91' lang='lat' dir='ltr'><strong>id</strong></span> <span class='ocrx_word' id='word_1_838' title='bbox 1608 2811 1650 2833; x_wconf 82' lang='lat' dir='ltr'><strong>est</strong></span> <span class='ocrx_word' id='word_1_839' title='bbox 1666 2805 1783 2842; x_wconf 74' lang='lat' dir='ltr'><strong>mugire,</strong></span> 
     </span>
    </p>
   </div>
   <div class='ocr_carea' id='block_1_116' title="bbox 992 2851 1781 2889">
    <p class='ocr_par' dir='ltr' id='par_1_116' title="bbox 992 2851 1781 2889">
     <span class='ocr_line' id='line_1_116' title="bbox 992 2851 1781 2889; baseline 0 -9"><span class='ocrx_word' id='word_1_840' title='bbox 992 2853 1038 2880; x_wconf 72' lang='grc' dir='ltr'>ενι]</span> <span class='ocrx_word' id='word_1_841' title='bbox 1058 2853 1200 2881; x_wconf 82' lang='lat' dir='ltr'><strong>transierit</strong></span> <span class='ocrx_word' id='word_1_842' title='bbox 1215 2853 1247 2880; x_wconf 89' lang='lat' dir='ltr'><strong>ad</strong></span> <span class='ocrx_word' id='word_1_843' title='bbox 1264 2853 1377 2881; x_wconf 90' lang='lat' dir='ltr'><strong>verbum</strong></span> <span class='ocrx_word' id='word_1_844' title='bbox 1392 2852 1503 2889; x_wconf 76' lang='grc' dir='ltr'>ἔκραξε,</span> <span class='ocrx_word' id='word_1_845' title='bbox 1520 2851 1545 2880; x_wconf 92' lang='lat' dir='ltr'><strong>id</strong></span> <span class='ocrx_word' id='word_1_846' title='bbox 1561 2857 1616 2884; x_wconf 86' lang='lat' dir='ltr'><strong>est,</strong></span> <span class='ocrx_word' id='word_1_847' title='bbox 1638 2851 1781 2880; x_wconf 86' lang='lat' dir='ltr'><strong>clamavit.</strong></span> 
     </span>
    </p>
   </div>
   <div class='ocr_carea' id='block_1_117' title="bbox 992 2897 1782 2935">
    <p class='ocr_par' dir='ltr' id='par_1_117' title="bbox 992 2897 1782 2935">
     <span class='ocr_line' id='line_1_117' title="bbox 992 2897 1782 2935; baseline -0.003 -9"><span class='ocrx_word' id='word_1_848' title='bbox 992 2900 1024 2927; x_wconf 85' lang='lat' dir='ltr'><strong>Et</strong></span> <span class='ocrx_word' id='word_1_849' title='bbox 1043 2900 1099 2927; x_wconf 71' lang='lat' dir='ltr'><strong>llzl‘C</strong></span> <span class='ocrx_word' id='word_1_850' title='bbox 1118 2899 1228 2935; x_wconf 83' lang='lat' dir='ltr'><strong>quidem</strong></span> <span class='ocrx_word' id='word_1_851' title='bbox 1248 2899 1281 2927; x_wconf 90' lang='lat' dir='ltr'><strong>de</strong></span> <span class='ocrx_word' id='word_1_852' title='bbox 1299 2901 1420 2926; x_wconf 89' lang='lat' dir='ltr'><strong>clamore</strong></span> <span class='ocrx_word' id='word_1_853' title='bbox 1434 2899 1545 2926; x_wconf 78' lang='lat' dir='ltr'><strong>leonum</strong></span> <span class='ocrx_word' id='word_1_854' title='bbox 1564 2897 1606 2926; x_wconf 87' lang='lat' dir='ltr'><strong>bis</strong></span> <span class='ocrx_word' id='word_1_855' title='bbox 1624 2897 1698 2925; x_wconf 85' lang='lat' dir='ltr'><strong>dicta</strong></span> <span class='ocrx_word' id='word_1_856' title='bbox 1715 2898 1782 2931; x_wconf 84' lang='lat' dir='ltr'><strong>sint,</strong></span> 
     </span>
    </p>
   </div>
   <div class='ocr_carea' id='block_1_118' title="bbox 991 2944 1783 2982">
    <p class='ocr_par' dir='ltr' id='par_1_118' title="bbox 991 2944 1783 2982">
     <span class='ocr_line' id='line_1_118' title="bbox 991 2944 1783 2982; baseline 0 -10"><span class='ocrx_word' id='word_1_857' title='bbox 991 2947 1038 2982; x_wconf 85' lang='lat' dir='ltr'><strong>qui</strong></span> <span class='ocrx_word' id='word_1_858' title='bbox 1057 2947 1164 2982; x_wconf 80' lang='lat' dir='ltr'><strong>singula</strong></span> <span class='ocrx_word' id='word_1_859' title='bbox 1183 2951 1277 2975; x_wconf 73' lang='lat' dir='ltr'><strong>exacte</strong></span> <span class='ocrx_word' id='word_1_860' title='bbox 1293 2946 1455 2974; x_wconf 84' lang='lat' dir='ltr'><strong>discutiunt.</strong></span> <span class='ocrx_word' id='word_1_861' title='bbox 1476 2944 1562 2973; x_wconf 81' lang='lat' dir='ltr'><strong>Porro</strong></span> <span class='ocrx_word' id='word_1_862' title='bbox 1580 2945 1606 2972; x_wconf 85' lang='lat' dir='ltr'><strong>in</strong></span> <span class='ocrx_word' id='word_1_863' title='bbox 1623 2953 1690 2974; x_wconf 88' lang='lat' dir='ltr'><strong>voce</strong></span> <span class='ocrx_word' id='word_1_864' title='bbox 1705 2945 1783 2972; x_wconf 85' lang='lat' dir='ltr'><strong>dolo-</strong></span> 
     </span>
    </p>
   </div>
  </div>
