2095 3160
124 179 172 211 Cll

651 181 857 212 ‘COMMENT.
881 183 922 214 lN
942 183 1208 215 APOCALYPSIN.

1708 184 1763 216 642

123 237 164 271 τῷ
192 234 263 262 κατά
279 235 406 270 βούλησιν
427 237 564 271 παριστᾷν
593 237 640 264 τοῦ
661 238 722 264 καθ’
739 235 770 264 οὒ
795 239 810 264 ὁ
838 239 912 273 ὅρκος

970 240 1149 273 incungrmun
1167 239 1218 265 I‘uit
1239 238 1333 273 jurarc
1357 238 1384 265 in
1406 244 1440 265 eo
1454 237 1502 272 qui
1525 236 1603 271 vivit,
1617 237 1650 265 ad
1670 243 1765 267 osten‘

124 283 324 318 παρείληπται.
338 283 404 315 Θεδς
422 284 472 316 μὲν
488 284 551 310 ἐπεὶ
570 284 631 310 κατ’
648 284 755 316 οὐδενὸς
770 283 826 320 εἶχε
856 286 918 320 μεί-

124 331 201 362 ζονος
215 329 324 364 ὀμόσαι,
342 330 409 363 ὅπερ
437 330 471 356 δι’
486 329 548 361 ἓοος
569 331 626 361 τοῖς
647 330 804 365 ὀμνύουσιν,
822 331 919 366 ὀμνύει

124 376 187 402 καθ’
203 375 313 403 ἑαυτοῦ.
327 377 392 407 Καὶ,
412 385 421 401 ι
439 377 506 402 Κατ’
521 376 642 411 ἐμαυτοῦ
654 377 709 412 γὰρ
719 376 824 412 ὤμοσα,
842 378 918 412 λέγει

125 421 238 457 Κύριος.
260 432 270 448 ι
287 422 414 456 ’Ἄγγελοι
434 422 462 448 δὲ
476 422 513 453 ὡς
531 423 636 457 κτίσμα
654 423 725 448 κατὰ
735 423 783 449 τοῦ
799 423 917 450 κτίστου

125 468 268 502 ὀμνύουσι,
284 468 335 503 τὴν
350 467 492 503 ἡμετέραν
508 468 639 495 ἀπιστίαν
653 468 697 494 διὰ
718 469 765 494 τοῦ
780 468 859 495 θείου
869 470 918 503 τῆς

126 515 313 550 παραλήψεως
326 514 512 549 πιστούμενοι.
527 515 630 548 Ὠμοσε
643 514 697 549 γὰρ
707 515 804 549 χρόνον
819 515 917 550 μηκέτι

126 561 208 592 εῖναι,
227 561 319 592 καλῶς
342 560 390 586 καὶ
405 560 525 596 ἀληοῶς,
548 560 592 586 ὅτι
621 561 731 594 χρόνος
754 561 810 587 οὐκ
831 561 917 588 ἔσται

125 609 181 635 ἔτι.
200 607 236 634 Τὸ
251 607 306 641 γὰρ
318 606 378 633 τότε
395 606 610 641 διαστηματικὸν
626 607 715 642 ῥεῦμα
726 607 775 642 τῆς
790 608 918 642 χρονικῆς

126 654 316 685 ὑποστάσεως,
334 653 485 687 ἁνέσπερόν
499 661 529 678 τε
543 651 620 678 ἔσται
633 652 678 678 καὶ
693 652 852 683 ἀδιάκοπον,
869 654 917 679 καὶ

124 701 168 726 διά
190 699 272 726 τοῦτο
287 699 322 725 οὐ
336 699 442 734 χρόνος.
459 698 507 730 Τίς
525 698 580 733 γὰρ
604 698 718 733 ἡλιακοῦ
733 699 823 733 φωτὸς
837 699 917 734 χρεία

123 748 173 781 τῆς
186 746 321 780 συστολῆς
337 744 400 771 καθ’
415 744 449 780 ἢν
465 745 619 775 ἀνάπαυσις
644 744 698 771 τῶν
711 745 765 771 ἀπὸ
777 744 828 779 τῆς
849 745 918 780 ἡμέ-

126 801 176 829 ρας
189 792 284 819 κόπων
296 792 353 821 τοῖς
365 790 444 822 ζώοις
454 789 609 824 ὲγγίνετσις
625 791 716 826 Χωρὶς
731 792 786 826 γὰρ
802 791 915 823 τούτων,

123 839 165 868 τις
179 836 294 871 ἡλιακοῦ
311 835 400 870 φωτὸς
415 835 509 870 χρεία;
528 835 623 867 Ἥλιος
640 836 690 870 μὲν
704 835 750 862 οὖν
774 836 861 867 ἔσται,
876 837 917 863 ὃτι

127 884 190 920 μηδ’
207 885 248 915 εἰς
261 882 434 917 ἀνυπαρξίαν
450 882 564 918 χωρήσῃ
578 883 592 908 ὀ
612 883 659 909 νῦν
674 882 789 917 κόσμος,
804 883 862 909 ἀλλ’
877 884 918 915 εἰς

125 930 332 964 ἀνακαινισμόν.
355 930 459 966 Ὠσπερ
476 931 503 957 δὲ
515 931 562 957 νῦν
581 931 669 967 ἄστρα
685 933 736 967 μὲν
749 932 808 958 ἐστι
823 933 871 959 καὶ
886 933 914 958 ἐν

124 976 229 1012 ἡμέρᾳ,
243 976 273 1002 οὐ
286 976 338 1012 μὴν
349 976 501 1010 καθορᾶται
514 977 725 1012 ὖπερνικώντων
739 977 788 1013 τὴν
803 978 915 1004 ἐκείνων

123 1021 286 1056 λαμπηδόνα
303 1021 350 1048 τοῦ
365 1022 440 1056 ἡλίου
456 1023 510 1049 τῶν
534 1024 735 1059 μαρμαρυγῶν,
753 1024 801 1051 καὶ
817 1023 913 1058 οὕτως,

123 1067 194 1094 ὥστε
209 1069 249 1094 ὅτι
265 1069 334 1094 εἰσὶν
350 1070 379 1095 ἐν
391 1069 499 1104 οὐρανῷ
514 1070 682 1104 ἀγνοεῖσθαι,
694 1070 766 1097 οὕτω
781 1074 829 1097 καὶ⁸
842 1072 914 1100 τότε.

122 1114 161 1140 Τὸ
173 1115 229 1150 γὰρ
251 1115 292 1141 ὅτι
307 1115 370 1141 οὐδὲ
389 1115 439 1149 μία
458 1116 532 1142 αἰτία
553 1116 601 1142 τοῦ
620 1117 659 1148 εἰς
673 1117 845 1152 ἀνυπαρξίαν
858 1126 914 1152 χωο

123 1161 207 1196 ρῆσαι
224 1159 344 1194 παντελῆ
360 1159 400 1195 τῷ
425 1159 473 1186 νῦν
490 1160 584 1196 κόσμῳ
598 1161 666 1193 τέως
690 1161 809 1196 ἀγνοεῖν,
831 1162 880 1197 οὐχ
897 1162 914 1198 ἡ

121 1205 244 1241 τυχοῦσα
260 1205 368 1239 ἄγνοια.

160 1339 221 1365 ὀτι
249 1340 360 1374 χρόνος
384 1340 440 1367 οὐκ
461 1340 505 1366 ἔτι
529 1341 628 1368 ἔσται.
655 1340 759 1376 Χρόνον
780 1340 817 1376 μὴ
843 1338 914 1367 εἶναι

932 912 954 941 Β

971 285 1091 312 dendum
1120 292 1180 312 esse
1194 284 1381 318 jnramentum
1405 284 1484 318 juxta
1504 283 1674 312 voluntatem
1703 285 1766 319 ejus

971 340 1021 367 per
1037 340 1118 367 quem
1136 336 1309 365 assumptum
1333 335 1384 358 est.
1403 330 1437 358 Et
1453 330 1524 358 Deus
1549 331 1660 365 quidem
1671 351 1680 363 ,
1694 339 1764 367 quo-

973 377 1045 404 niam
1062 385 1109 412 per
1124 377 1228 404 nullqu
1245 377 1377 412 majorem
1391 377 1479 412 potuit
1491 377 1584 412 jurare
1595 397 1602 408 .
1619 377 1691 412 quod
1706 385 1765 405 mo-

973 423 1011 451 ris
1022 427 1064 451 est
1077 424 1248 457 jnrantihus,
1261 423 1334 457 jurat
1348 430 1396 457 per
1413 423 1545 457 seipsum.
1563 422 1595 450 Et
1608 423 1645 450 ait
1662 432 1669 450 ι
1686 433 1696 449 ι
1714 423 1766 451 Pcr

971 471 1164 505 memetipsmn
1190 469 1301 504 juravi,
1327 469 1394 495 dicit
1416 469 1548 496 Dominus
1571 469 1613 502 ";
1635 479 1644 495 ι
1676 470 1764 504 angeli

971 523 1037 543 vero
1051 519 1182 549 tanquam
1198 519 1333 541 creaturas
1350 521 1398 547 per
1412 513 1570 540 Creatorem
1591 514 1700 548 iurant,
1718 522 1765 548 per

970 559 1054 587 divini
1080 558 1210 585 Numinis
1233 557 1449 591 assumptionem
1475 557 1671 586 continuantes
1712 566 1764 585 no-

976 610 1060 632 stram
1088 604 1275 631 dimdentiam.
1307 603 1413 630 Juravit
1431 610 1550 638 namque
1563 603 1692 638 deinceps
1709 612 1763 631 non

971 650 1029 678 fore
1054 657 1176 685 tempus,
1202 653 1276 677 recte
1298 657 1331 676 ac
1351 656 1424 679 vere,
1446 648 1515 684 quod
1533 653 1634 684 tempus
1648 658 1701 677 non
1713 651 1764 676 erit

971 696 1101 730 amplius.
1140 695 1265 730 Spatium
1297 695 1370 722 enim
1406 694 1564 729 temporalis
1603 694 1765 722 substantiae

971 742 1043 777 quod
1060 745 1126 768 tunc
1138 740 1215 773 ﬂuet,
1231 741 1291 768 sine
1305 748 1419 774 vespera
1433 747 1465 767 ac
1480 740 1690 775 interpolatione
1700 741 1763 773 erit,

970 793 997 815 et
1015 788 1051 815 ita
1078 795 1132 814 non
1159 789 1212 814 erit
1229 792 1349 821 tempus.
1373 786 1441 820 Quis
1461 787 1534 813 enim
1565 794 1633 814 usus
1651 787 1764 815 luminis

970 833 1080 865 solaris,
1105 840 1168 860 cum
1186 832 1316 860 animalia
1336 833 1514 866 requiescunt
1531 840 1545 859 a
1561 832 1668 860 diurnis
1687 833 1764 859 labo-

971 879 1067 906 ribus?
1078 878 1146 906 Nam
1159 878 1220 906 sine
1235 879 1280 906 his
1295 887 1357 914 quae
1368 883 1410 907 est
1426 879 1526 906 solaris
1540 879 1653 906 luminis
1669 887 1765 907 neces-

968 925 1036 952 sitas
1057 925 1098 952 vcl
1113 926 1196 952 etiam
1217 925 1307 952 usus?
1325 924 1371 952 Sol
1390 925 1500 960 quidem
1517 925 1580 957 erit,
1594 926 1659 960 quia
1675 933 1764 960 neque

967 971 1002 998 ad
1016 972 1157 998 interitum
1174 971 1267 998 tendet
1281 979 1402 1006 praesens
1419 971 1548 1004 mundus,
1561 971 1609 998 sed
1627 972 1662 998 ad
1681 972 1762 998 inno-

967 1018 1117 1044 vationem.
1139 1017 1376 1050 Quemadmodum
1405 1024 1470 1044 vera
1500 1025 1574 1044 nunc
1599 1022 1673 1044 astra
1699 1023 1763 1045 sunt

967 1063 1077 1098 quidem
1091 1063 1173 1090 etiam
1190 1063 1217 1090 in
1232 1063 1288 1095 die,
1304 1071 1358 1090 non
1373 1068 1464 1090 tamen
1479 1063 1690 1099 conspiciuntur
1704 1064 1762 1090 vin-

966 1114 1046 1137 cente
1073 1109 1249 1144 splendorem
1275 1108 1384 1135 illarqu
1410 1109 1477 1136 solis
1497 1109 1615 1144 fulgore,
1641 1110 1709 1137 adeo
1733 1115 1762 1137 ut

966 1157 1125 1185 nesciantur
1153 1163 1215 1184 esse
1239 1157 1265 1183 in
1282 1156 1353 1183 coelo
1374 1164 1381 1183 :
1409 1156 1446 1183 ita
1462 1159 1490 1182 et
1517 1160 1594 1183 tunc.
1620 1155 1760 1190 Siquidem

966 1203 1095 1238 ignorare
1117 1203 1191 1237 quod
1209 1202 1284 1229 nulla
1305 1202 1341 1229 sit
1356 1209 1440 1229 causa
1465 1209 1515 1228 cur
1531 1209 1654 1236 praesens
1681 1210 1762 1229 mun-

965 1249 1017 1276 dus
1034 1249 1157 1276 tenderet
1174 1248 1207 1275 ad
1225 1248 1376 1283 perlectum
1395 1247 1548 1280 interitum,
1564 1255 1619 1274 non
1640 1247 1762 1283 vulgaris

965 1299 1039 1322 esset
1054 1295 1220 1329 ignorantia.

1001 1341 1078 1374 Quod
1095 1346 1198 1376 tempus
1213 1349 1264 1368 non
1284 1341 1335 1368 erit
1350 1341 1474 1375 anipliut.
1493 1339 1612 1375 Tempus
1628 1348 1682 1368 non
1704 1340 1763 1368 fore

122 1385 241 1420 ὤμοσεν,
266 1385 297 1411 οὺ
320 1385 376 1411 τῶν
394 1385 558 1420 τηνικαῦτα,
585 1386 652 1414 ἀλλὰ
678 1387 732 1413 τῶν
755 1387 799 1414 ὅτε
821 1387 912 1422 μέλλει

965 1386 1067 1422 iuravit
1079 1406 1086 1419 ,
1105 1394 1159 1414 non
1185 1386 1219 1414 ab
1242 1393 1277 1413 eo
1297 1392 1420 1420 tempore
1439 1392 1494 1421 quo
1511 1386 1567 1412 haec
1583 1385 1760 1420 loquebatur,

123 1431 267 1462 σαλπίζειν
289 1432 303 1457 ὁ
326 1430 442 1466 ἕϐδομος
458 1431 583 1466 ἄγγελος.
598 1433 643 1459 Διὸ
658 1433 706 1460 καὶ
721 1433 808 1464 οὕτως
829 1435 913 1461 ἀκου-

966 1432 1013 1459 sed
1043 1439 1099 1466 quo
1125 1433 1260 1466 septimus
1286 1431 1401 1465 angelus
1419 1431 1482 1458 tuba
1506 1431 1650 1458 caniturus
1676 1436 1760 1458 esset.

122 1478 202 1504 στέον
231 1478 300 1513 μετὰ
321 1478 501 1513 προσθήκης,
521 1480 563 1505 ὅτι
586 1480 682 1514 χρόνος
698 1479 749 1506 οὐκ
772 1479 813 1506 ἔτι
836 1479 912 1505 ἔσται

965 1476 1028 1504 Ideo
1041 1485 1151 1512 quoque
1178 1478 1214 1504 ita
1238 1477 1444 1512 intelligendum
1460 1481 1519 1508 est,
1539 1484 1602 1504 cum
1619 1477 1761 1504 additionc

121 1523 178 1550 ἀπὸ
192 1523 239 1550 τοῦ
256 1523 315 1550 νῦν.
333 1523 370 1549 Οὐ
386 1523 441 1558 γὰρ
462 1522 510 1550 οὖν
526 1524 597 1551 κατὰ
613 1524 693 1551 τοῦτο
709 1526 722 1552 ὁ
744 1525 836 1560 ὅρκος.
855 1525 912 1551 ἀλλ’

965 1523 1038 1558 quod
1058 1529 1165 1558 tempus
1180 1522 1310 1557 deinceps
1323 1523 1357 1550 ab
1372 1530 1405 1550 eo
1420 1523 1531 1550 instanti
1551 1531 1606 1550 non
1621 1523 1684 1550 erit.
1706 1522 1761 1551 Ne-

121 1569 163 1595 ῦτι
177 1569 205 1595 ὲν
217 1570 276 1600 ταῖς
291 1569 409 1604 ἡμέραις
425 1569 475 1604 τῆς
484 1569 577 1604 φωνῆς
591 1570 639 1597 τοῦ
651 1571 768 1606 ἑϐδόμου
782 1571 910 1605 ἀγγέλου.

965 1576 1016 1603 que
1033 1569 1106 1596 enim
1124 1569 1158 1596 de
1172 1569 1299 1603 prmsenti
1316 1568 1419 1596 factum
1437 1574 1479 1596 est
1490 1569 1678 1604 juramentnm
1691 1590 1698 1602 ,
1712 1570 1760 1597 ed

121 1615 202 1642 Κατὰ
219 1616 312 1650 σχῆμα
331 1615 360 1641 δὲ
385 1615 530 1650 ἐλλείψεως
545 1616 663 1652 εἴρηται.
695 1617 829 1644 Ἐλλείπει
857 1617 912 1653 γὰρ

119 1661 161 1692 τδ,
175 1660 237 1686 τότε
255 1660 333 1686 ἔσται
345 1660 394 1687 τοῦ
410 1662 506 1696 χρόνου
530 1662 546 1697 ἡ
561 1662 692 1694 ἀπουσία,
713 1662 760 1690 τοῦ
777 1663 822 1690 τὸν
836 1664 911 1698 ἦλιον

121 1706 159 1742 μὴ
181 1707 291 1741 μετρεῖν
306 1707 340 1733 τὰ
356 1708 471 1742 χρονικὰ
495 1708 679 1743 διαστήματα.
695 1709 760 1735 Ὅτε
775 1709 830 1745 γὰρ
848 1710 912 1745 μέλ-

118 1753 160 1778 λΞι
172 1751 316 1783 σαλπίζειν
327 1753 340 1778 ὁ
354 1752 468 1788 ἕϐδομος
479 1753 606 1787 ἄγγελος,
618 1754 679 1780 τότε
689 1755 736 1780 καὶ
751 1755 784 1781 τὰ
798 1756 911 1789 χρονικὰ

118 1799 294 1832 διαστήματα
319 1798 448 1833 ἐλλείψει,
465 1800 513 1825 καὶ
532 1801 607 1826 πᾶσα
624 1801 640 1835 ἡ
655 1801 710 1826 τῶν
727 1801 834 1827 ἀσεϐῶν
851 1803 912 1828 ἐπι-

120 1844 253 1878 στήσεται
279 1842 402 1874 κόλασις,
437 1844 576 1880 διαφόροις
603 1845 736 1877 ὲκόικίαις
764 1847 909 1873 συντελου-

120 1889 202 1924 μένη.
219 1889 316 1925 Καιρῷ
330 1889 477 1925 τοιγαροῦν
490 1890 528 1925 τῷ
540 1893 708 1926 προσήκοντι
720 1892 908 1925 σαλπίζοντος,

118 1935 197 1962 ἔσται
215 1935 371 1968 συντέλεια,
388 1937 419 1962 οὐ
435 1935 483 1962 νῦν
499 1936 543 1962 ὅτε
555 1937 584 1962 ἐν
601 1938 633 1972 τῇ
647 1936 748 1973 θεωρίᾳ
765 1937 795 1964 τὺ
815 1938 910 1965 σαλπί-

119 1989 177 2008 σαι.
192 1982 272 2008 Κατὰ
292 1982 320 2008 δὲ
343 1982 389 2008 τὸν
402 1984 576 2016 προσήκοντα
592 1983 689 2018 καιρδν
704 1983 751 2010 καὶ
764 1983 798 2010 τὰ
817 1985 911 2011 σαλπί-

118 2027 202 2058 ζοντα
230 2027 307 2058 τέλος
332 2027 465 2062 λήψεται,
491 2028 568 2063 φησὶ,
594 2029 641 2054 καὶ
675 2029 705 2054 τὸ
733 2030 910 2064 μυστήριονὸ

117 2072 281 2107 εὐηγγέλισε
292 2073 357 2105 Θεὸς
371 2075 427 2105 τοῖς
439 2073 537 2100 ἑαυτοῦ
552 2073 656 2105 δούλοις
667 2075 723 2106 τοῖς
743 2075 907 2109 προφήταις.

120 2117 204 2152 ’Δχρι
219 2118 274 2153 γὰρ
286 2118 337 2152 τῆς
355 2118 474 2154 κρίσεως
489 2119 535 2145 καὶ
552 2120 600 2154 τῆς
618 2119 673 2145 τῶν
687 2120 795 2154 ἑκάστῳ
813 2119 909 2154 βεὸιω-

119 2163 210 2198 μένων
237 2163 410 2195 ἀντιδόσεως,
429 2165 638 2199 προεφήτευσαν
654 2166 678 2191 al
704 2165 854 2201 προφῆται.
876 2167 909 2192 Ὀ

116 2208 166 2235 καὶ
184 2208 285 2243 Παύλῳ
306 2209 346 2244 τῷ
365 2209 432 2245 θείῳ
448 2210 532 2241 δοκεῖ,
555 2210 682 2244 γλώσσας
697 2219 727 2237 τε
751 2211 909 2239 παύσεσθαι

116 2254 180 2280 κατ’
197 2255 285 2281 ἐκεῖνο
302 2255 412 2290 καιροῦ,
435 2256 484 2282 καὶ
503 2257 673 2292 προφητείας
695 2257 905 2293 καταργηθήσε-

117 2299 192 2326 σθαι.
210 2299 418 2336 Εὐαγγελισμδν
433 2301 462 2328 δὲ
484 2302 534 2338 τὴν
557 2302 660 2329 τούτων
682 2303 796 2330 ἔκϐασιν
814 2303 904 2337 καλεῖ,

113 2342 160 2370 διὰ
173 2344 224 2380 τὴν
239 2345 447 2381 ἡτοιμασμένην
462 2348 519 2379 τοῖς
532 2347 620 2380 ἁγίοις
633 2348 798 2376 ἀνάπαυσιν.

150 2475 206 2502 Kal
229 2475 248 2509 ἠ
261 2476 346 2511 φωνὴ
361 2476 403 2511 ῆν
420 2477 539 2512 ἥκουσα
550 2479 585 2506 ἐκ
599 2479 652 2507 τοῦ
666 2481 797 2514 οὐρανοῦ
812 2482 907 2509 πάλιν

113 2521 255 2549 dulcium
279 2524 344 2557 μετ’
373 2524 447 2558 ἐμοῦ
467 2525 517 2552 καὶ
537 2525 673 2559 ,λέγουσα
686 2535 694 2542 ·
721 2528 838 2562 ’Ὕπαγε
854 2529 905 2555 καὶ

112 2567 187 2594 λάϐε
210 2568 244 2594 τὸ
264 2568 454 2604 ,βισλιδὰριον
467 2572 500 2597 τὸ
515 2571 705 2607 ἀνεῳγμένον
722 2573 758 2599 ἐν
770 2573 807 2608 τῇ
829 2575 906 2609 χειρὶ

111 2612 167 2639 τοῦ
180 2613 312 2647 ἀγγέλου
324 2615 376 2642 τοῦ
390 2615 521 2650 ἑστῶτος
533 2617 582 2644 ἐπὶ
602 2617 657 2652 τῆς
669 2619 830 2654 θαλάσσης
855 2621 904 2648 καὶ

110 2657 161 2684 ἐπι
187 2657 245 2693 τῆς
265 2659 333 2694 γῆς.
354 2661 412 2688 Kal
435 2661 578 2696 ἀπῆλθον
596 2664 673 2697 πρὸς
697 2665 752 2691 τὸν
769 2665 904 2700 ἀττελον

926 2248 947 2275 D

965 1614 991 1641 in
1009 1614 1117 1645 diebus,
1142 1613 1244 1649 inquit,
1260 1613 1337 1640 vocis
1358 1614 1464 1648 septimi
1480 1614 1580 1648 angeli.
1595 1613 1702 1641 Dictum
1717 1618 1761 1641 est

964 1665 1055 1686 autem
1078 1667 1127 1693 per
1141 1660 1255 1694 ligurum
1269 1659 1385 1694 ellipsis,
1400 1660 1425 1686 id
1442 1665 1485 1687 est
1510 1659 1632 1687 defectus
1650 1668 1657 1687 :
1670 1659 1762 1687 deﬁcit

963 1705 1047 1732 enim.
1063 1704 1141 1731 Tunc
1156 1705 1209 1732 crit
1224 1706 1357 1740 temporis
1374 1705 1435 1732 linis
1452 1705 1492 1732 vel
1507 1705 1650 1737 absentia,
1672 1710 1701 1732 ut
1718 1705 1759 1732 sol

964 1759 1017 1777 non
1041 1751 1200 1778 dimetiatur
1233 1751 1396 1786 temporalia
1424 1750 1577 1778 intervalla.
1617 1751 1758 1785 Siquidem

964 1797 1008 1824 ubi
1034 1796 1176 1824 caniturus
1197 1802 1238 1824 est
1268 1797 1401 1832 septimus
1427 1797 1556 1832 angelus,
1584 1801 1650 1823 tunc
1676 1797 1758 1824 etiam

962 1842 1122 1876 temporalia
1140 1843 1225 1877 spatia
1241 1851 1289 1870 seu
1316 1843 1457 1870 intervalla
1474 1843 1601 1870 deﬁcient
1621 1852 1628 1870 τ
1652 1846 1680 1871 ct
1695 1843 1757 1870 uni-

962 1895 1042 1915 versa
1073 1889 1221 1924 impiorum
1248 1890 1356 1924 punitio
1389 1889 1559 1922 imminebit,
1591 1897 1653 1924 quae
1675 1889 1759 1917 rariis

963 1936 1053 1969 poenis
1080 1935 1246 1969 perﬁciatur.
1274 1935 1344 1963 Cum
1374 1935 1459 1971 igitur
1486 1943 1608 1971 congruo
1638 1941 1760 1971 tempore

963 1981 1108 2008 caniturus
1127 1986 1178 2013 cst,
1195 1981 1249 2008 crit
1263 1981 1477 2013 consummatio,
1490 1988 1546 2008 non
1561 1988 1634 2009 nunc
1648 1982 1759 2016 quando

963 2023 990 2050 in
1014 2025 1244 2059 contemplatione
1271 2026 1335 2052 tuba
1354 2025 1440 2053 canit.
1462 2026 1641 2053 Convenieuti
1665 2031 1757 2053 autem

964 2074 1088 2105 tempore
1106 2071 1187 2098 linem
1203 2079 1313 2106 quoque
1337 2071 1474 2106 accipient
1490 2079 1551 2106 quae
1569 2072 1633 2100 tuba
1654 2080 1757 2099 canun-

963 2121 1018 2148 tur,
1041 2116 1139 2151 inquit,
1166 2121 1194 2144 et
1217 2117 1376 2152 mysterium
1393 2117 1465 2152 quod
1483 2118 1658 2145 annuntiavit
1686 2117 1757 2145 Deus

962 2162 1051 2189 servis
1069 2162 1128 2190 suis
1152 2163 1303 2198 prophetis.
1320 2162 1388 2190 Nam
1417 2170 1505 2198 usque
1528 2163 1561 2190 ad
1576 2163 1710 2199 judicium
1730 2170 1757 2192 et

961 2216 1057 2236 eorum
1084 2210 1273 2243 repensionem
1301 2217 1362 2245 qua:
1381 2210 1498 2245 quisque
1519 2210 1546 2237 in
1568 2211 1622 2238 vita
1641 2212 1755 2246 peregit,

963 2255 1104 2282 vaticinati
1119 2259 1183 2282 sunt
1199 2255 1337 2290 prophetae
1351 2263 1359 2282 :
1371 2256 1444 2290 quod
1463 2260 1489 2283 et
1504 2255 1568 2283 divo
1582 2255 1670 2284 Paulo
1683 2257 1755 2284 vidc-

961 2305 1017 2332 tur,
1038 2309 1136 2336 nempe
1165 2301 1270 2336 linguas
1295 2309 1329 2329 eo
1353 2306 1475 2336 tempore
1500 2307 1656 2330 cessaturas
1682 2311 1754 2336 esse,

961 2347 1043 2382 739
1053 2352 1080 2374 et
1095 2347 1252 2382 prophetiae
1268 2347 1429 2375 abolendas.
1447 2347 1550 2375 Harum
1563 2354 1655 2376 autem
1669 2357 1754 2377 even-

961 2397 1019 2420 tum
1035 2399 1113 2421 vocat
1127 2394 1340 2429 εὐαγγελισμὸν,
1358 2395 1383 2422 id
1401 2399 1443 2422 est
1459 2395 1548 2422 betam
1564 2396 1754 2424 annuntiatio-

962 2446 1035 2470 nam,
1056 2445 1166 2475 propter
1186 2447 1307 2475 paratam
1326 2442 1429 2469 sanctis
1447 2443 1582 2476 requiem.

997 2484 1029 2512 IX
1037 2504 1045 2516 ,
1055 2486 1082 2517 8,
1090 2485 1119 2512 9.
1132 2485 1166 2512 Et
1180 2494 1315 2521 tamquam
1323 2487 1411 2514 audivi
1420 2487 1451 2514 de
1459 2488 1522 2514 caelo
1534 2496 1638 2515 rursum
1645 2488 1752 2523 loquens

961 2539 1070 2563 merum,
1089 2537 1113 2559 el
1126 2533 1214 2559 dicem
1227 2540 1236 2560 :
1251 2532 1311 2565 Abi,
1326 2538 1350 2560 et
1369 2535 1457 2567 accipe
1468 2534 1584 2562 libellum
1593 2540 1710 2568 apertum
1720 2536 1752 2561 de

960 2586 1041 2605 manu
1063 2578 1150 2612 angeli
1167 2579 1262 2605 stantis
1277 2587 1354 2614 super
1374 2588 1447 2606 mure
1460 2586 1483 2607 et
1497 2588 1575 2614 super
1591 2586 1699 2607 (eiram.
1716 2579 1750 2606 Et

960 2623 1015 2650 abii
1027 2623 1062 2650 ad
1078 2624 1211 2658 angelum,
1230 2625 1338 2660 dixique
1352 2626 1392 2653 illi
1408 2632 1434 2652 nt
1450 2627 1524 2653 daret
1539 2627 1604 2653 milii
1622 2626 1750 2659 libellum,

957 2674 982 2696 et
996 2670 1034 2695 ait
1047 2669 1112 2696 mihi
1125 2678 1134 2696 :
1147 2670 1252 2704 Accipe,
1267 2676 1292 2698 et
1314 2672 1409 2698 devora
1427 2672 1514 2698 illum:
1527 2678 1550 2698 et
1572 2672 1651 2705 faciet
1674 2680 1749 2698 (mnu

110 2703 210 2738 λέγων
225 2703 314 2740 αὐτῷ,
324 2706 432 2735 δοῦναί
444 2717 494 2742 μοι
510 2709 542 2735 τὸ
553 2710 752 2744 βῶλιδὰριον,
762 2712 809 2738 καὶ
825 2712 907 2747 λέγει

965 2714 1040 2741 ’ἰαινὶ
1052 2721 1163 2742 venirent
1178 2721 1263 2750 luunt,
1282 2717 1327 2744 sed
1344 2718 1371 2744 in
1386 2726 1430 2745 ore
1447 2723 1491 2745 luo
1516 2718 1564 2745 erit
1583 2718 1668 2746 dulcis
1688 2723 1750 2745 lun-

109 2756 163 2780 μοι
174 2757 181 2763 ·
197 2749 276 2777 Λάϐε
291 2751 339 2778 καί
356 2752 511 2788 κατάφαγε
524 2755 610 2787 αὐτὸ,
625 2755 675 2782 καὶ
695 2755 835 2790 πικρανεῖ
847 2765 907 2784 σου
955 2768 1035 2794 quam
1052 2761 1111 2788 mel.

112 2795 171 2828 τὴν
183 2797 311 2830 κοιλίαν,
322 2799 392 2826 ἀλλ’
402 2800 438 2827 ἐν
452 2800 492 2833 τῷ
505 2802 633 2837 στόματί
642 2810 701 2830 σου
711 2802 796 2830 ἔσται
810 2804 906 2838 γλυκὺ
924 2806 965 2839 ὡς
974 2807 1052 2842 μέλι.

147 2874 171 2892 ⁵⁷
198 2874 268 2904 Gcn.
285 2884 353 2909 un.
370 2877 417 2905 16.
