2095 3160
334 177 388 208 643

749 175 912 207 ΑΒΕΤΠΕ
930 175 1118 206 ClESAllE/E
1138 175 1379 207 CAPPADOCIAS
1398 174 1570 206 EPISCOPI

1905 172 1960 206 θιι

369 234 482 268 Oportet
505 232 538 260 ad
558 232 704 267 pleniorem
722 239 815 259 eorum
839 239 900 266 quae
924 231 1054 258 dicuntur
1080 232 1123 258 in-

1214 233 1259 258 Δετ
1272 232 1340 266 πρὸς
1354 231 1546 266 ἐντελεστέραν
1556 231 1611 258 τῶν
1627 230 1783 265 λεγομένων
1805 231 1906 265 γνῶσιν
1922 231 1961 265 τῷ

333 279 518 314 telligentiam,
543 283 590 305 aut
613 279 748 313 praedictae
769 278 911 305 sententia:
939 281 1033 312 aptare
1059 285 1120 304 ver-

334 326 398 352 bum
411 324 622 355 substantivum,
633 329 663 350 ut
677 324 710 351 sit
724 331 841 351 sensus:
856 324 887 350 lit
905 331 956 350 vox
973 331 1055 357 quam
1071 331 1117 350 au-

332 371 387 397 divi
402 371 436 397 de
453 373 531 401 coelo,
548 377 658 404 rursum
677 375 737 397 erat
764 370 879 404 loquens
903 377 1008 396 mecum
1026 374 1053 396 et
1078 370 1122 396 di-

331 422 397 442 cens
414 423 420 440 :
440 419 497 445 aut,
518 413 596 441 lianc
620 422 713 442 vocem
732 415 823 441 audivi
853 422 963 441 rursum
986 415 1119 441 dicentem

333 459 398 486 mihi
417 468 423 485 :
439 460 490 486 hoc
512 464 602 486 autem
618 465 670 492 est,
687 469 696 485 ι
712 459 809 487 Audivi
837 468 945 487 rursum
962 460 1117 486 dicentem:

331 505 392 537 Abi,
402 510 429 532 et
444 506 536 539 accipe
547 505 799 540 libellumapertum
810 507 842 531 de
853 513 934 532 manu
951 506 1038 540 angeli
1049 511 1121 533 stan-

331 552 365 578 tis
376 559 460 586 super
469 559 543 577 mare
556 555 583 577 et
594 558 674 586 super
692 552 858 578 terramJEt
874 552 917 578 llic
927 552 979 578 alia
994 552 1119 586 qu:cdam

329 597 494 623 eminentior
522 597 644 631 angelica
675 602 796 631 potestas
834 597 940 623 videtur
973 597 1121 632 praecipere

329 642 514 676 evangelista,
547 647 576 669 ut
591 649 638 676 per
670 642 769 669 librum
798 642 983 676 cognitionem
1005 643 1120 677 accipiat

332 696 427 715 eorum
438 696 500 722 qua:
513 689 625 715 oraculo
636 689 820 716 tradebantur.
839 689 908 722 Quid
923 694 1013 716 autem
1027 691 1120 724 loque-

331 734 411 760 batur
425 733 436 760 ’ἐ
453 733 485 760 Ut
503 739 612 768 caperet
625 735 723 761 librum
739 736 773 762 ab
787 736 894 770 angelo.

366 825 460 859 Accipe
475 831 499 852 et
509 825 604 852 devora
616 825 701 856 illum,
718 830 771 853 etc.
785 825 864 853 Juxta
883 827 955 861 quod
967 827 1032 854 mihi
1049 835 1117 861 prae-

329 875 435 904 crptum
457 875 526 902 erat,
545 871 643 905 inquit,
661 871 713 897 abii
729 871 761 898 ad
778 873 903 907 angelum
930 878 1027 906 petens
1040 873 1117 900 libel-

330 915 398 947 lum,
416 920 442 942 et
460 922 600 950 acceptum
622 917 726 943 comedi
747 918 823 950 juxta
840 917 912 945 illius
940 924 1116 953 praeceptum,

328 960 388 994 qni,
409 965 438 987 ut
457 961 480 987 ei
494 968 603 995 quoque
615 961 702 988 visum
719 962 806 989 fuerat
820 963 866 997 qui
882 962 1004 996 dederat,
1022 964 1048 990 in
1064 964 1117 990 ini-

329 1006 367 1032 tio
380 1006 468 1034 dulcis
477 1013 535 1034 erat
550 1012 660 1042 propter
671 1008 827 1035 futurorum
839 1010 1022 1044 cognitionem
1037 1018 1116 1038 :nam

329 1052 382 1079 hoc
395 1053 520 1087 designat
542 1061 589 1087 per
603 1062 645 1086 ns,
661 1054 724 1088 quia
739 1062 786 1088 per
799 1054 886 1088 ipsum
903 1055 930 1082 lit
945 1055 1051 1082 initium
1069 1064 1117 1083 co-

329 1098 486 1126 mestionis:
504 1106 587 1133 porro
602 1107 712 1127 amarus
733 1105 792 1127 erat
806 1101 833 1127 in
858 1106 963 1133 ventre,
995 1107 1116 1129 ventrem

331 1144 427 1173 dicens
443 1144 528 1171 animi
545 1145 784 1180 recogitationem,
804 1146 862 1174 sive
877 1154 1052 1181 progressum
1070 1155 1116 1175 ra-

329 1189 472 1216 tionalinm
489 1191 691 1218 alimentorum.
709 1192 844 1224 Quoniam
853 1193 926 1219 enim
942 1198 1054 1220 noverat
1065 1194 1118 1221 im-

329 1234 436 1268 piorum
454 1235 598 1268 supplicia.
614 1243 674 1269 qua:
688 1236 722 1263 ab
738 1243 834 1263 eorum
854 1245 916 1272 quae
933 1245 948 1264 a
962 1237 1018 1266 Deo
1035 1246 1117 1273 sepa-

329 1279 380 1306 rati
403 1284 482 1307 erant
513 1281 643 1315 operibus
671 1283 875 1316 procedebant:
902 1288 1016 1310 noverat
1035 1285 1116 1312 etiam

327 1324 401 1359 quod
415 1324 472 1352 base
487 1327 594 1357 notitia,
613 1335 711 1361 nempe
722 1328 794 1361 quod
813 1328 937 1356 homines
950 1329 993 1356 sui
1009 1330 1117 1364 generis

329 1369 385 1396 Deo
402 1370 577 1399 abominandi
594 1378 697 1405 essent,
715 1377 742 1399 et
759 1373 794 1400 ob
808 1373 834 1400 id
850 1374 948 1402 merito
963 1375 990 1402 in
1010 1375 1116 1410 suppli-

328 1415 369 1441 cia
394 1416 550 1449 abjiciendi,
573 1425 655 1444 causa
672 1417 740 1445 foret
756 1419 948 1447 amaritudinis
968 1420 995 1447 in
1019 1427 1052 1448 eo
1067 1421 1114 1455 qui

326 1461 557 1496 contemplatione
568 1463 669 1496 dignus
681 1463 837 1497 haberetur,
852 1465 887 1491 ob
898 1466 1114 1500 compassionem

326 1512 390 1540 erga
410 1507 472 1533 illos
485 1507 531 1541 qui
548 1508 588 1535 sui
607 1509 715 1543 generis
728 1514 830 1537 essent.
847 1510 942 1538 Potest
959 1511 1008 1538 hoc
1026 1512 1108 1539 etiam

327 1552 409 1579 modo
421 1551 454 1579 de
468 1552 510 1580 bis
525 1553 577 1581 dici
593 1562 600 1580 :
615 1554 750 1586 Quoniam
769 1555 796 1582 in
815 1555 866 1583 hoc
889 1556 958 1584 libro
974 1557 1112 1592 descripta

326 1601 404 1624 erant
417 1597 542 1625 universa
562 1599 650 1626 studia
666 1607 760 1627 eorum
776 1600 823 1635 qui
839 1601 866 1627 in
879 1601 930 1629 hac
944 1602 997 1629 vita
1016 1603 1115 1630 versati
1129 1589 1150 1618 ο

329 1641 435 1669 fuerant
455 1643 552 1676 merito
568 1643 646 1678 juxta
659 1644 735 1672 inilia
754 1646 864 1680 quidem
885 1646 911 1672 in
932 1646 1003 1673 felici
1030 1647 1116 1674 bono-

327 1694 388 1713 rum
406 1694 519 1722 opernm
536 1696 665 1716 successu
680 1690 998 1729 dnlcescerenvidebalur
1010 1700 1018 1718 :
1031 1699 1114 1726 porro

331 1731 377 1758 ubi
396 1731 505 1767 longius
529 1734 719 1767 processisset,
746 1735 820 1769 quod
845 1736 946 1762 indicat
969 1736 1116 1764 devorandi

327 1782 391 1807 vox,
408 1781 435 1802 et
461 1777 488 1803 in
506 1785 652 1811 pravorum
670 1779 887 1807 abominationcs
908 1781 1055 1814 perductus
1072 1789 1117 1809 es-

328 1824 379 1852 set.
395 1821 476 1856 740
489 1823 610 1850 cruciatu
627 1827 652 1850 et
668 1824 850 1852 amaritudine
864 1825 1018 1860 replebatur
1031 1835 1038 1853 :
1053 1834 1116 1853 cru-

328 1865 398 1892 ciatu
411 1867 532 1900 quidem,
548 1873 657 1903 propter
672 1870 805 1904 ejulatum
822 1876 995 1905 peccaturum
1010 1879 1042 1899 ex
1056 1876 1114 1899 tor-

328 1912 428 1939 mentis
441 1920 447 1939 :
471 1914 655 1941 amaritudine
669 1922 745 1947 vero,
759 1915 823 1950 quia
843 1921 939 1943 contra
953 1917 991 1944 illi
1006 1918 1053 1952 qui
1071 1917 1114 1945 sui

326 1958 432 1989 generis
448 1963 536 1992 erant,
553 1967 587 1987 ne
602 1967 649 1988 eos
663 1961 772 1995 quidem
800 1962 918 1989 tulerant
933 1963 980 1998 qui
1006 1963 1113 1998 egregia
1124 1994 1133 2003 ο

1172 278 1346 312 προκειμένῳ
1362 277 1483 314 ρητῷ,ἢ
1510 277 1541 303 τὸ
1565 277 1734 311 ὑπαρκτικδν
1755 277 1829 312 ῥῆμα
1847 277 1963 312 προσνέ‹

1174 331 1246 357 μειν,
1258 323 1296 353 ὡς
1311 319 1380 348 εἶναι
1395 321 1480 353 οὕτως
1493 330 1501 337 ο
1519 322 1575 348 Καὶ
1585 322 1602 356 ἡ
1618 322 1693 356 φωνὴ
1707 324 1740 356 ἣν
1756 322 1861 356 ἤκουσα
1872 323 1904 348 ὲκ
1915 321 1962 348 τοῦ

1171 367 1298 402 οὐρανοῦ,
1315 365 1349 402 ἦν
1368 367 1449 394 πάλιν
1463 367 1583 394 λαλοῦσα
1595 367 1652 402 μετ’
1668 366 1735 401 ἐμοῦ
1757 367 1805 393 καὶ
1822 367 1940 401 λέγουσα

1173 414 1202 449 ἢ,
1233 413 1341 448 Ταύτην
1352 414 1400 448 τὴν
1418 413 1510 448 φωνὴν
1535 413 1640 448 ἤκουσα
1654 413 1734 439 πάλιν
1754 413 1885 446 λέγουσαν
1901 413 1963 448 μετ’

1172 458 1251 493 ἐμοῦ.
1270 458 1356 485 Τοῦτο
1370 459 1398 484 δέ
1413 459 1470 484 ἐστι
1492 458 1534 490 τὺ,
1550 467 1559 483 ι
1580 458 1702 483 Ἤκουσα
1720 457 1800 484 πάλιν
1817 456 1960 490 λέγουσαν’
1988 485 1993 488 γ

1172 504 1282 538 ’Υπαγε
1307 505 1353 530 καὶ
1378 504 1444 530 λάϐε
1461 503 1491 530 τό
1506 503 1672 539 βιϐλιδόιριον
1688 503 1720 530 τὸ
1742 504 1915 538 ἀνεῳγμένον
1932 504 1962 530 ὲν

1171 552 1203 584 τῇ
1222 550 1295 585 χειρὶ
1312 549 1359 576 τοῦ
1371 549 1488 583 ἀγγέλου
1499 549 1546 575 τοῦ
1562 550 1679 580 ἑστῶτος
1699 549 1746 575 ἐπὶ
1759 550 1808 584 τῆς
1823 549 1962 584 θαλάσσης

1171 597 1218 622 καὶ
1230 596 1276 622 ἐπὶ
1301 595 1352 630 τῆς
1380 595 1442 630 γῆς.
1462 605 1471 620 ι
1489 595 1635 622 Κάνταῦθα
1663 596 1730 631 ἄλλη
1758 604 1801 627 τις
1824 596 1960 630 ἀγγελικὴ

1172 641 1311 676 ὑπερτὲρα
1335 641 1448 675 δύναμις
1483 641 1520 675 τῷ
1551 641 1733 675 εὐαγγελιστῇ
1763 641 1959 675 ἐγκελεύεσθαι

1171 686 1293 719 φαίνεται
1305 686 1348 712 διὰ
1360 686 1406 712 τοῦ
1425 686 1527 720 βιὸλίου
1542 686 1592 722 τὴν
1611 686 1712 720 γνῶσιν
1729 686 1783 713 τῶν
1796 687 1961 726 χρησμῳδη-

1170 732 1273 758 θέντων
1290 732 1483 764 ὑποδέξασθαι.
1504 732 1537 758 Τί
1567 732 1595 758 δὲ
1622 733 1730 765 ὲλάλει;
1750 733 1850 759 Λαϐεἰν
1869 733 1899 759 τὸ
1918 733 1960 768 βι-

1170 777 1243 803 ϐλίον
1261 778 1292 804 ὲκ
1307 777 1355 804 τοῦ
1370 778 1498 811 ἀγγέλου.

1205 823 1282 850 Λάϐε
1308 823 1358 849 καί
1382 823 1534 858 κατάφαγε
1560 824 1653 856 αὐτὸ,
1670 824 1717 850 καὶ
1736 823 1809 858 ἑξῆς.
1832 824 1911 850 Κατὰ
1930 825 1960 850 τὸ

1172 867 1345 903 προσταχθέν
1361 876 1417 902 μοι,
1435 868 1529 902 φησιν,
1547 867 1668 902 ἀπῆλθον
1690 867 1759 902 πρὸς
1783 866 1829 892 τὸν
1842 866 1958 900 ἄγγελον

1136 922 1154 948 Β
1170 914 1253 941 αἰτῶν
1269 914 1299 940 τὸ
1329 914 1505 949 βιϐλιδάριον,
1537 913 1583 939 καὶ
1607 913 1698 940 λαὸὼν
1723 913 1825 946 ἔφαγον
1843 913 1915 939 κατὰ
1929 913 1960 938 τὸ

1171 959 1275 986 ἐκείνου
1296 960 1473 994 πρόσταγμα,
1490 959 1503 985 ὃ
1520 959 1566 985 καὶ
1583 956 1632 993 ἦν,
1648 959 1685 989 ὡς
1697 959 1782 984 ἐδόκει
1801 958 1846 985 καὶ
1863 958 1901 992 τῷ
1915 958 1960 983 δε-

1168 1005 1276 1037 δωκότι,
1303 1005 1390 1039 γλυκὺ
1412 1006 1461 1040 μὲν
1485 1004 1545 1030 κατ’
1562 1005 1662 1039 ἀρχὰς,
1679 1004 1724 1030 διὰ
1747 1005 1797 1039 τὴν
1823 1004 1878 1029 τῶν
1896 1003 1960 1038 μελ-

1168 1051 1268 1079 λόντων
1283 1052 1384 1085 γνῶσιν
1395 1059 1402 1067 ·
1428 1051 1509 1077 τοῦτο
1523 1051 1577 1086 γὰρ
1591 1051 1743 1076 αἰνίττεται
1761 1050 1804 1076 διὰ
1822 1050 1869 1076 τοῦ
1897 1050 1943 1076 στό

1169 1105 1266 1132 ματος,
1287 1097 1328 1123 ὅτι
1339 1096 1373 1122 δι’
1388 1096 1470 1122 αὐτοῦ
1487 1097 1504 1130 ἡ
1520 1096 1567 1122 τοῦ
1593 1096 1694 1121 ἐσθιειν
1713 1095 1783 1130 ἀρχή
1795 1103 1802 1109 ·
1819 1095 1917 1130 τεικρὺν
1930 1095 1958 1121 δὲ

1167 1143 1196 1169 ὲν
1207 1142 1308 1177 κοιλίᾳ,
1322 1141 1425 1169 κοιλίαν
1439 1142 1470 1168 τὸ
1486 1142 1657 1177 διανοητικδν
1668 1141 1755 1175 λέγων
1773 1140 1789 1176 ἢ
1807 1141 1959 1176 χωρητικὸν

1166 1187 1220 1214 τῶν
1236 1187 1352 1221 λογικῶν
1366 1186 1483 1222 τροφῶν.
1505 1186 1583 1213 Ἐπεὶ
1596 1186 1650 1220 γὰρ
1666 1186 1737 1220 ἔγνω
1754 1186 1803 1217 τὰς
1819 1185 1873 1212 τῶν
1890 1186 1955 1212 ἀσε-

1166 1233 1222 1258 6ὦν
1251 1232 1376 1264 κολάσεις
1403 1233 1433 1265 ἐξ
1464 1232 1554 1267 ἔργων
1581 1231 1732 1267 ἐσχηκυίας
1758 1231 1807 1266 τὴν
1841 1231 1959 1266 ὕπαρξιν

1165 1277 1220 1303 τῶν
1233 1278 1419 1313 ἀπηχημένων
1435 1276 1505 1312 Θεῷ,
1521 1276 1592 1311 ἔγνω
1605 1278 1653 1303 καὶ
1666 1277 1703 1307 ὼς
1717 1276 1756 1311 τῷ
1770 1277 1820 1310 τῆς
1840 1276 1957 1312 θεωρίις

1165 1323 1310 1358 ὴξιωμένῳ
1332 1323 1376 1350 διὰ
1398 1322 1570 1358 συμπάθειαν
1599 1322 1647 1349 τοῦ
1672 1322 1820 1357 ὁμογενοῦς
1841 1322 1956 1357 πικρίας

1166 1369 1310 1404 παραίτιον
1330 1370 1474 1404 γενήσεται
1494 1370 1511 1404 ἡ
1526 1369 1627 1402 γνῶσις
1647 1369 1693 1395 τοῦ
1722 1369 1868 1404 ὁμογενοῦς
1884 1368 1959 1394 ἐϐδε-

1165 1414 1301 1448 λυγμένου
1314 1414 1384 1450 Θεῷ,
1401 1415 1449 1441 καὶ
1462 1415 1505 1441 διὰ
1519 1415 1598 1441 τοῦτο
1624 1414 1768 1442 κολάσεσιν
1782 1415 1865 1447 ἀξίως
1890 1415 1957 1441 ὐπο-

1166 1460 1380 1496 δληθησομένου.
1399 1461 1476 1487 Ἔστι
1491 1461 1538 1487 καὶ
1551 1460 1639 1492 οὕτως
1655 1461 1720 1495 περὶ
1734 1460 1836 1487 τούτων
1848 1461 1936 1487 εἰπεῖν
1949 1469 1956 1475 ·

1166 1506 1222 1533 Καὶ
1237 1506 1330 1541 ἐπειδὴ
1347 1507 1376 1533 ὲν
1393 1506 1431 1541 τῷ
1447 1506 1544 1542 βιϐλίῳ
1562 1505 1651 1541 τούτῳ
1675 1507 1752 1532 πᾶσα
1765 1505 1957 1541 ὲναπόγραφος

1165 1554 1182 1588 ἡ
1207 1552 1261 1578 τῶν
1285 1553 1314 1579 ὲν
1336 1552 1403 1588 τῷδε
1430 1553 1469 1587 τῷ
1484 1552 1534 1587 βίῳ
1559 1551 1836 1586 ὲμπεπολιτευμένων
1852 1551 1957 1585 ἀγωγὴ,

1168 1598 1280 1629 εἰκότως
1297 1599 1358 1624 κατ’
1371 1599 1460 1633 ἀρχὰς
1477 1599 1527 1633 μὲν
1541 1598 1570 1624 ἐν
1585 1599 1619 1633 τῇ
1631 1598 1686 1624 τῶν
1699 1598 1892 1632 ἀγαθουργιῶν
1914 1598 1959 1623 εὑ-

1167 1643 1249 1679 τυχίᾳ
1263 1644 1448 1678 γλυκανοῆναι
1459 1644 1595 1678 ἐφαίνετο.
1613 1644 1676 1670 Ἐπὶ
1690 1643 1758 1670 πολὺ
1773 1644 1801 1670 δὲ
1813 1642 1957 1678 προϐὰντι,

1167 1689 1236 1725 ὅπερ
1251 1690 1268 1725 ἡ
1285 1690 1436 1722 κατάποσις
1451 1691 1617 1725 είσηγείται,
1629 1690 1677 1717 καὶ
1692 1691 1751 1721 ταῖς
1768 1688 1822 1715 τῶν
1837 1689 1956 1723 κακούρ-

1168 1744 1226 1770 γων
1243 1736 1443 1771 περιενεχθέντι
1454 1736 1615 1772 βδελυρίαις,
1635 1736 1731 1770 ὀδύνης
1748 1735 1957 1771 ἀναπλησθῆναι

1169 1782 1218 1808 καὶ
1248 1782 1360 1816 πικρίας
1375 1790 1382 1796 ·
1410 1782 1518 1817 ὀδύνης,
1537 1782 1581 1808 διὰ
1595 1783 1641 1808 τὸν
1656 1783 1688 1809 ἐκ
1699 1782 1752 1808 τῶν
1766 1782 1890 1816 βασάνων
1903 1781 1958 1806 τῶν

1170 1827 1340 1862 ἁμαρτωλῶν
1364 1827 1512 1862 ὀλολυγμόν
1523 1836 1530 1844 ’
1547 1828 1661 1862 πικρίας
1673 1846 1682 1859 ,
1696 1828 1738 1854 ὅτι
1753 1827 1790 1862 μὴ
1814 1825 1958 1860 ἐνάμιλλον

1169 1872 1216 1898 καὶ
1226 1872 1303 1899 αὐτοὶ
1318 1873 1457 1907 ὁμογενεῖς
1465 1873 1542 1904 ὄντες
1554 1875 1610 1904 τοῖς
1623 1871 1832 1907 κιτωρθωκόσιν
1843 1871 1957 1907 ἠνέχθη-

1169 1918 1270 1945 σαν.Ἦ
1283 1918 1341 1950 πῶς
1356 1919 1389 1945 ἂν
1397 1919 1428 1945 τὸ
1438 1919 1527 1952 λόγιον
1541 1919 1676 1945 ὲκτελεῖτο
1689 1918 1729 1950 τδ,
1740 1927 1749 1943 ι
1762 1917 1874 1953 Χαίρειν
1889 1917 1958 1952 μετὰ

1168 1964 1331 2000 χαιρόντων,
1348 1965 1394 1991 καὶ
1408 1965 1511 1992 κλαίειν
1526 1965 1597 2000 μετὰ
1616 1965 1783 1998 κλαιόντων;
1799 1973 1809 1990 ι

325 1999 448 2030 facinora
463 2004 656 2037 praestiterant.
670 2005 924 2042 Alioquiquomodo
939 1999 1296 2043 complereturvoraculum,
1314 2020 1323 2035 ι
1339 2009 1460 2038 Gaudete
1485 1999 1547 2038 cum
1562 2011 1746 2045 gaudentibus
1758 2015 1784 2038 ct
1811 2009 1872 2037 ﬂete
1893 2016 1956 2037 cum

325 2047 454 2076 ﬂentibus
464 2049 504 2076 “2
519 2059 528 2076 ι

605 2105 721 2133 CAPUT
737 2105 821 2134 XXIX

326 2158 403 2191 Quod
429 2158 548 2187 libellum
574 2161 606 2188 de
638 2170 718 2188 manu
743 2163 831 2198 angeli
850 2164 1011 2199 euangelista
1036 2173 1113 2192 acce-

675 2199 754 2231 perit.
1129 2218 1151 2245 υ

367 2251 415 2285 ιχ,
428 2252 472 2283 10,
488 2251 531 2278 Μ.
547 2251 581 2278 Et
594 2254 682 2287 accepi
699 2254 817 2281 libellum
831 2255 864 2282 de
878 2265 958 2283 manu
975 2257 1071 2292 angeli,
1086 2263 1110 2285 et

326 2296 447 2322 devoravi
462 2296 550 2329 illum,
561 2299 704 2331 erutqueiu
717 2307 762 2325 ore
777 2307 834 2326 mea
849 2305 975 2335 tanquam
987 2302 1038 2328 mel
1053 2302 1112 2328 dul-

326 2342 375 2371 cis,
391 2345 415 2366 et
434 2349 493 2367 cum
518 2341 683 2369 devorantem
699 2343 786 2376 illum,
803 2347 965 2373 amaricatus
977 2351 1015 2374 est
1027 2346 1113 2374 uenter

325 2393 398 2412 meus
410 2394 420 2412 :
433 2390 458 2412 et
473 2386 563 2413 dicunt
580 2389 662 2415 mihi:
678 2388 786 2423 Oportet
799 2395 823 2417 te
837 2399 942 2417 rursum
958 2392 1113 2427 prophetare

325 2430 355 2458 in
375 2432 489 2466 populis,
505 2437 529 2459 et
545 2435 673 2468 gentibus,
685 2440 708 2461 et
726 2435 834 2471 linguis,
846 2441 871 2463 et
888 2438 991 2472 regibus
1010 2439 1111 2466 multis.

361 2517 455 2546 Potest
469 2525 496 2547 et
510 2521 563 2547 alio
586 2521 667 2549 modo
682 2522 716 2549 de
729 2523 911 2551 amaritudine
922 2531 954 2551 ac
968 2525 1114 2553 dulcedine

325 2561 421 2590 haberi
441 2565 644 2600 contemplatio.
672 2566 806 2599 Quoniam
830 2569 902 2595 enim
931 2575 1043 2597 sanctus
1065 2571 1112 2605 qui

326 2608 383 2635 lnec
398 2609 554 2637 intuebatur
569 2620 667 2646 expers
680 2618 739 2640 erat
756 2613 912 2648 lInjnsmodi
930 2616 1112 2651 impietatum,

324 2653 436 2687 jubelur
453 2664 499 2690 per
513 2656 573 2683 libri
589 2659 802 2690 devorationcm.
819 2661 844 2687 in
857 2669 911 2695 quo
923 2667 950 2688 et
964 2663 1075 2689 nomina
1087 2668 1114 2690 et

331 2700 455 2728 actiones
469 2701 613 2735 impiorum
635 2703 855 2737 continebantur,
874 2708 1051 2742 omniumque
1064 2715 1115 2742 pu-

327 2745 456 2778 nitiones,
480 2747 601 2781 jubetur,
619 2749 749 2784 inquam,
767 2759 819 2777 non
849 2752 1009 2786 simpliciter
1021 2752 1113 2786 edere,

326 2789 411 2823 (nam
426 2790 478 2818 hoc
503 2793 642 2827 vulgarem
667 2798 693 2821 et
723 2796 941 2832 qualemcunque
966 2798 1111 2833 experien-

360 2863 385 2883 ⁸⁸
411 2865 491 2895 Rom.
510 2876 557 2903 xu,
586 2869 628 2898 i5.

1450 2108 1574 2134 ΚΕΦΑΛ.
1592 2107 1655 2135 ΚΘ’.

1169 2163 1270 2195 ὀπως
1281 2162 1315 2190 τὸ
1328 2163 1519 2198 ,βιϐλιδάριον
1534 2164 1568 2199 ἐκ
1590 2163 1690 2197 χειρὸς
1717 2164 1771 2191 τοῦ
1790 2164 1921 2199 ἀγγέλου
1940 2168 1958 2193 ὁ

1376 2199 1431 2225 sua
1436 2201 1552 2233 Πελιστ
1557 2198 1594 2232 ὴς
1606 2199 1742 2233 ειληερεν.

1204 2254 1258 2282 Kal
1273 2254 1384 2281 ἔλαϐον
1395 2255 1428 2281 τὸ
1442 2255 1566 2286 ,βιϐλίον
1578 2255 1611 2281 ἐκ
1625 2255 1680 2288 τῆς
1693 2257 1792 2289 χειρὸς
1800 2256 1854 2283 τοῦ
1870 2257 1957 2292 ἀγγέ-

1163 2302 1237 2333 λου,
1257 2300 1307 2326 καὶ
1324 2300 1493 2335 κατέφαγον
1505 2301 1588 2328 αὑτό.
1606 2302 1658 2328 Καὶ
1675 2299 1714 2336 ἦν
1726 2302 1761 2328 air
1776 2302 1817 2336 τῷ
1830 2304 1957 2337 στόματί

1160 2354 1231 2380 μου,
1248 2345 1288 2378 ὡς
1304 2345 1374 2379 μέλι
1389 2346 1497 2380 γλυκύ.
1513 2346 1567 2372 Καὶ
1585 2346 1635 2373 ὅτε
1655 2348 1771 2381 ἔφαγον
1791 2349 1875 2380 αὐτὸ,
1895 2349 1957 2375 ἐπιη

1164 2391 1277 2425 νριὶνθη
1292 2391 1311 2425 ἡ
1324 2391 1423 2417 κοιλία
1445 2400 1505 2424 μου
1516 2411 1524 2424 ,
1555 2392 1606 2418 καὶ
1618 2391 1747 2426 λέγουσι
1765 2402 1816 2428 μοι
1826 2402 1833 2410 ⁶
1851 2395 1901 2420 Δεῖ
1918 2403 1956 2422 σε

1164 2436 1259 2463 πάλιν
1287 2437 1497 2471 προφητεῦσαι
1523 2437 1572 2463 ἐπὶ
1586 2438 1688 2472 λαοῖς,
1707 2439 1758 2465 καὶ
1775 2440 1825 2467 ἐπι
1842 2440 1954 2472 ἔθνεσι,

1164 2481 1214 2507 καὶ
1234 2481 1400 2515 γλώσσαις,
1415 2481 1465 2507 καὶ
1478 2482 1646 2513 ,βασιλεῦσι
1655 2484 1793 2516 πολλοῖς.

1203 2527 1283 2553 Ἔστι
1297 2527 1346 2553 καὶ
1365 2527 1453 2559 ἄλλως
1470 2527 1535 2563 περὶ
1557 2528 1604 2554 τοῦ
1633 2529 1734 2564 πικροῦ
1755 2529 1891 2565 Θεωρῆσαι
1909 2531 1956 2556 καὶ

1164 2570 1211 2596 τοῦ
1228 2571 1361 2605 γλυκέως.
1383 2572 1459 2597 Ἐπεὶ
1484 2572 1538 2607 γὰρ
1559 2573 1573 2599 ὁ
1586 2572 1672 2599 ταῦτα
1685 2574 1755 2608 ὁρῶν
1772 2573 1858 2608 ἅγιος,
1875 2574 1955 2600 ἀπεί-

1168 2622 1250 2649 ρατος
1263 2615 1393 2641 τοιούτων
1406 2616 1603 2650 ἀνοσιουργιῶν
1617 2618 1734 2653 ὑπῆρχε,
1750 2617 1890 2646 κελεύεται
1910 2619 1955 2644 διὰ

1165 2661 1214 2695 τῆς
1228 2662 1408 2693 καταπόσεως
1420 2662 1466 2688 τοῦ
1478 2662 1594 2697 βιϐλίου,
1645 2663 1714 2690 αἵτε
1730 2663 1897 2698 ὀνομάστραι
1908 2665 1956 2690 καὶ

1165 2708 1193 2733 at
1211 2707 1324 2741 πράξεις
1338 2708 1393 2734 τῶν
1405 2709 1511 2735 ἀσεδῶν
1518 2709 1678 2744 ἐνεφέροντο
1688 2710 1736 2736 καὶ
1749 2710 1777 2736 αί
1792 2710 1836 2736 διὰ
1848 2711 1954 2741 πάντας

1165 2753 1300 2786 κολάσεις,
1319 2754 1398 2781 τοῦτο
1427 2757 1476 2790 οὐχ
1503 2755 1716 2791 ἁπλῶς”φαγεῖν
1731 2755 1820 2791 (τοῦτο
1837 2756 1890 2791 γὰρ
1905 2757 1955 2788 τὴν

1165 2798 1203 2831 ὼς
1220 2799 1299 2836 ἔτυχε
1327 2802 1425 2836 πεῖραν
1442 2801 1636 2837 ὑποϐάλλεται)
1647 2822 1654 2836 ,
1680 2802 1749 2829 ἀλλὰ
1765 2804 1950 2837 καταφαγεῖν,
