2095 3160
156 157 209 190 645

700 157 894 189 COMMENT.
917 156 959 187 ΙΝ
978 156 1246 189 APOCALYPSIN.

1739 157 1792 190 646

155 215 308 250 τουτέστιν,
317 215 347 242 ὲν
364 214 448 252 πείρᾳ
460 215 508 242 τοῦ
520 215 684 251 πράγματος
696 216 833 249 γενέσθαι,
853 215 900 241 καὶ
913 215 951 247 ὡς

1006 216 1070 242 tiam
1090 215 1214 250 designat
1227 215 1250 250 ),
1267 215 1314 243 sed
1331 215 1474 248 devorare,
1493 216 1544 243 hoc
1569 219 1611 244 est
1628 215 1734 250 plenam
1754 217 1793 244 rei

157 262 310 298 αὐτουργὸν
324 263 503 298 κομισθῆναι,
528 262 564 294 ὼς
588 262 633 289 διὰ
651 262 701 297 τῆς
726 262 828 297 πολλῆς
852 262 950 297 πείρας

157 307 324 342 ιληλακότος
337 307 385 334 τοῦ
407 308 541 335 τοιούτου.
562 308 602 334 Δι’
629 308 698 342 ὅπερ
726 307 868 342 καταρχὰς
901 307 952 342 μὲν

156 353 200 380 διὰ
215 354 266 389 τὴν
294 354 417 388 γνῶσιν,
439 354 502 389 ἥτις
518 354 563 381 ἀεὶ
588 354 824 389 περισπούδαστος
843 352 950 388 ἀνθρώ-

155 408 229 433 ποις,
246 400 414 435 γλυκύτητος
440 400 560 435 ἔμφασιν
576 402 728 436 παρασχεῖν
744 401 880 435 φαίνεται,
905 409 952 427 πι-

157 445 239 480 κρίας
262 446 302 477 δὲ,
319 446 363 473 διὰ
387 446 438 481 τὴν
463 446 685 481 ἀπαραλὸγιστον
702 447 804 481 γνῶσιν
829 447 885 474 τῶν
915 447 949 482 τῇ

157 491 260 527 ἀμοιϐῇ
275 492 329 518 τῶν
346 493 545 528 ὰνοσιουργιῶν
561 493 794 528 ὑποκεισομένων.

192 622 242 649 Δεῖ
256 629 294 648 σε
305 622 400 649 πάλιν
416 622 633 657 προφητεῦσαι.
659 623 710 650 Διὰ
726 623 829 651 τούτων
843 624 949 651 δείκνυ-

156 676 202 694 ται
215 668 253 704 μὴ
267 668 366 694 αὐτίκα
382 669 451 702 μετὰ
459 669 508 704 τὴν
521 669 616 704 ὅρασιν
627 669 677 704 τῆς
689 669 889 704 ἀποκαλύψεως
899 670 949 704 τὴν

158 714 272 740 ἔκϐασιν
287 714 342 740 τῶν
357 715 513 749 ὁραθέντων
528 715 734 748 ἐπακολουθεῖν,
750 715 817 742 ἀλλὰ
832 716 887 742 δεῖν
902 716 949 743 τὸν

159 761 296 795 μακάριον
316 760 410 787 τοῦτον
424 761 521 788 πολλοῦ
538 761 585 788 τοῦ
606 762 703 797 χρόνου
718 763 949 797 παρατεινομένου

161 804 245 839 μέχρι
271 804 321 839 τῆς
347 805 502 836 συντελείας
524 806 570 832 τοῦ
589 806 686 841 θνητοῦ
707 807 811 841 κόσμου
840 806 948 840 τούτου,

157 849 227 875 καθὸ
242 849 328 876 ταῦτα
348 849 397 885 τὴν
425 850 565 886 πλήρωσιν
591 851 668 878 λάϐοι
681 872 688 885 ,
705 852 812 884 πολλοῖς
842 861 949 888 προφη-

1003 261 1200 296 experientiam
1225 269 1345 294 sumere,
1365 267 1393 289 et
1405 262 1484 297 quasi
1505 262 1543 289 rei
1567 266 1665 289 auctor
1692 263 1794 297 depor-

1005 308 1070 339 tari,
1092 313 1221 341 tauquam
1242 308 1327 335 multa
1341 308 1507 342 experientia
1525 308 1559 335 ad
1578 308 1629 335 hoc
1646 308 1792 342 pervertis-

1002 357 1044 380 set
1059 362 1066 382 ι
1082 358 1193 388 propter
1207 354 1280 388 quod
1302 354 1328 380 in
1341 354 1419 381 initio
1432 353 1555 388 quidem,
1570 358 1680 388 propter
1692 354 1790 388 cogni-

1002 398 1103 425 tionem
1121 406 1181 433 quze
1204 406 1311 433 semper
1328 399 1362 426 ab
1390 399 1550 426 hominibus
1574 407 1674 434 magno
1701 399 1794 426 studio

1001 444 1164 476 all'eclatnr,
1200 445 1351 472 dulcedinis
1387 444 1650 472 demonstrationem
1679 452 1734 479 pra:
1764 452 1794 472 se

1001 490 1074 518 ferre
1088 490 1216 518 videtur:
1239 490 1448 519 amaricationis
1470 498 1536 518 vero
1555 496 1668 526 propter
1693 491 1795 518 infalli-

1001 535 1082 563 bilem
1101 536 1287 571 cognitionem
1305 544 1401 563 eorum
1418 544 1479 571 quae
1495 537 1615 571 reposita
1630 541 1696 563 sunt
1711 537 1738 563 in
1754 544 1794 563 re-

1001 582 1179 609 tributionem
1195 581 1378 616 impielalum.

1037 628 1146 661 Oportet
1163 632 1186 655 te
1206 636 1310 654 rursum
1322 628 1487 662 prophetare.
1506 626 1558 655 Per
1571 627 1629 655 luec
1641 628 1794 656 ostenditur

1000 673 1073 708 quod
1090 670 1144 700 non
1159 674 1250 701 statim
1266 678 1327 708 post
1342 674 1474 700 visionem
1498 673 1677 700 revelatiouis
1694 681 1794 707 seque-

1000 724 1179 747 rcturcorum
1191 725 1304 747 eventus
1315 728 1375 754 qua:
1391 719 1449 747 visa
1459 723 1549 751 erant,
1561 719 1608 746 sed
1624 719 1698 753 quod
1710 726 1795 753 opor-

1001 769 1070 792 teret
1084 766 1157 793 hunc
1167 767 1275 793 beatum
1291 766 1380 792 virum
1395 766 1481 792 multo
1496 771 1628 800 tempore,
1644 765 1716 799 quod
1731 772 1795 799 pro-

1001 813 1159 840 tenderetur
1170 821 1257 847 usque
1269 813 1302 840 ad
1318 812 1505 847 corruptibilis
1522 811 1604 846 hujus
1622 811 1716 838 mundi
1731 818 1792 837 cou-

1001 858 1225 891 summalionem,
1241 859 1306 885 dum
1317 858 1376 885 haec
1386 858 1617 892 complementum
1628 857 1794 892 accipereut,

157 895 276 927 τεύσειν,
299 896 354 922 εἴτε
381 895 427 922 διὰ
455 897 583 930 γνώσεως
608 897 655 924 τοῦ
679 897 844 932 ΕὐαγγεΜου
868 899 951 925 αὑτοῦ

1006 905 1098 931 multis
1112 905 1292 939 prophetare:
1308 905 1366 932 sive
1381 913 1429 939 per
1443 904 1629 938 cognitionem
1646 903 1688 930 sui
1704 903 1794 930 Evan-

158 941 188 965 ἐν
213 936 235 973 ᾧ
260 941 322 967 τινὰ
342 940 397 966 τῶν
414 940 567 975 μελλόντων
594 942 767 976 ἐμφέρεται,
794 943 811 978 ἢ
836 942 884 969 καὶ
905 943 950 969 διὰ

157 986 207 1020 τῆς
235 986 420 1022 προκειμένης
454 987 676 1022 Ἀποκαλύψεως,
702 988 739 1019 ὼς
755 988 807 1024 ἤδη
829 988 948 1023 εἴρηται.

159 1032 217 1058 Οικ
241 1032 349 1067 ἀγνοεῖν
368 1032 396 1059 δὲ
420 1033 461 1060 δεῖ
479 1033 518 1066 ὡς
546 1034 600 1060 ἀπὸ
621 1034 715 1061 τούτου
728 1034 775 1060 τοῦ
792 1034 874 1069 ῥητοῦ
891 1034 948 1067 τοῦ,

158 1077 209 1103 Δεῖ
242 1084 279 1104 σε
310 1077 405 1105 πάλιν
440 1079 667 1113 προφητεῦσαι,
697 1079 790 1115 ἔχουσι
816 1080 896 1112 δόξαν
925 1081 950 1107 oi

159 1123 252 1150 πολλοὶ
267 1124 305 1156 ὠς
321 1125 404 1160 μέχρι
431 1126 481 1160 τῆς
507 1125 665 1157 συντελείας
688 1127 702 1153 ὁ
719 1126 854 1162 μακάριος
870 1124 950 1159 οὗτος

162 1169 209 1204 ζῇ,
223 1169 270 1196 καὶ
297 1169 358 1205 ἥξει
385 1170 457 1197 κατὰ
485 1171 580 1206 καιρὸν
602 1172 650 1198 τοῦ
679 1172 863 1208 ’Δντιχρίστου
881 1172 951 1207 μετὰ

166 1215 252 1251 Ἑνὼχ
270 1217 318 1244 καὶ
348 1216 440 1243 Ἦλιοῦ
458 1217 516 1252 ἅμα
535 1217 628 1249 αὐτοῖς
640 1218 876 1254 ἐπανορθούμενος
889 1219 952 1250 τοὺς

158 1261 310 1297 τηνικαῦτα
333 1262 506 1298 ἀνθρώπους,
524 1263 573 1290 καὶ
600 1263 653 1290 ὑπὸ
684 1264 732 1291 τοῦ
765 1265 951 1301 Ἀντιχρίστου

158 1306 408 1342 ἁποκτανθήσεται.

195 1353 249 1379 Καὶ
261 1352 351 1388 ἐδόθη
361 1362 412 1388 μοι
429 1354 564 1389 κάλαμος
586 1355 688 1390 ὅμοιος
708 1355 821 1389 ῥάϐδῳ,
839 1355 950 1391 λέγων·

161 1399 302 1433 Ἕτειραι,
313 1399 363 1427 καὶ
375 1400 530 1434 μέτρησον
539 1402 593 1428 τὸν
603 1401 680 1428 ναὸν
693 1401 746 1429 τοῦ
757 1401 841 1434 Θεοῦ,
857 1401 905 1428 καὶ
918 1401 952 1428 τὸ

159 1445 388 1480 θυσιαστήριον,
401 1446 450 1473 καὶ
466 1446 537 1480 τοὺς
548 1447 800 1481 προσκυνοῦντας
811 1449 845 1474 ὲν
859 1446 951 1480 αὐτῷ,

159 1489 210 1516 καὶ
219 1489 275 1524 τὴν
283 1491 385 1524 αὐλὴν
396 1491 570 1525 τὴνὲξωθεν
588 1492 641 1519 τοῦ
660 1492 737 1519 ναοῦ
756 1493 867 1519 ἔκϐαλε
883 1491 953 1524 ἔξω,

159 1535 210 1562 καὶ
222 1535 261 1569 μὴ
277 1536 376 1570 αὐτὴν
392 1537 556 1571 μετρήσῃς,
579 1537 623 1563 ὅτι
645 1538 734 1572 ἐδόθη
758 1537 819 1571 τοῖς
839 1537 952 1569 ἔθνεσι,

159 1581 211 1609 καὶ
226 1582 284 1616 τὴν
291 1583 382 1610 πόλιν
391 1585 448 1617 τὴν
456 1584 546 1616 ἁγίαν
553 1585 726 1617 πατήσουσι
732 1584 833 1619 μῆνας
845 1593 953 1612 τεσσα-

155 1629 353 1662 pauor-tabum

195 1674 248 1700 Τὸν
263 1674 387 1709 κάλαμον
415 1675 444 1701 ὃν
464 1676 587 1703 δεδόσθαι
604 1675 678 1710 αὐτῷ
708 1677 722 1702 ὁ
747 1676 948 1712 εὐιγγελιστὴς

161 1729 255 1755 φησιν,
275 1722 300 1748 ει
316 1722 416 1756 γνῶσίν
433 1730 470 1753 ιις
488 1722 575 1748 ἐθέλοι
591 1723 682 1749 καλεῖν
702 1722 803 1758 νοερῶν
817 1724 949 1757 πραγμα-

160 1775 227 1799 των,
243 1766 313 1793 καθὸ
328 1767 375 1793 καὶ
390 1767 472 1793 Δαυῗδ
484 1767 607 1802 κάλαμον
621 1768 777 1803 ὀξυγρὰφου
796 1769 948 1802 κεκτῆσθαι

161 1813 211 1847 ’τὴν
229 1812 326 1839 ἑαυτοῦ
341 1813 468 1847 γλῶσσαν
485 1815 573 1849 αὐχεῖ,
595 1814 646 1841 οὐκ
660 1815 693 1841 ἂν
711 1815 839 1849 ἁμάρτοι.
857 1815 953 1840 Τοίνυν

161 1860 211 1885 καὶ
239 1861 253 1886 ὁ
280 1860 480 1894 εὐαγγελιστὴς
496 1861 545 1896 τὴν
562 1861 663 1894 γνῶσιν
681 1861 731 1896 τὴν
754 1862 853 1896 vespm;
878 1860 953 1896 αὑτῴ

161 1909 353 1943 ὲγγινομὲνην,
373 1909 416 1935 διὰ
434 1908 557 1944 καλάμου
571 1907 672 1940 δόσεὼς
687 1917 754 1944 φησι
773 1908 952 1943 χρηματίσαι,

162 1954 192 1986 ὃς
204 1955 252 1981 καὶ
265 1955 355 1990 ρἀδῳ
383 1957 417 1991 τῇ
443 1956 576 1990 ὁμοιώσει
606 1954 769 1986 ἀπεικαστο,
788 1955 839 1988 τῆς
855 1954 953 1988 ρἀὃου

161 2002 245 2028 πάλιν
253 2001 284 2028 τὸ
297 2002 486 2037 ὑπερειστικὺν
499 2001 699 2036 αἱνιττομένης.
717 2000 774 2035 Τὴν
787 2000 841 2026 τῶν
853 2000 954 2035 νοερῶν

162 2048 253 2074 τοίνυν
264 2048 365 2081 γνῶσιν
379 2047 517 2075 κάνταῦθα
532 2047 576 2074 διὰ
589 2048 637 2081 τὴς
651 2047 698 2073 τοῦ
719 2046 843 2080 καλάμου
855 2046 955 2078 δόσεως

163 2094 322 2121 ὑποδιδόντα
341 2093 386 2120 τὸν
403 2093 605 2129 χρηματισμὸν,
620 2093 657 2124 ὡς
672 2091 716 2119 διὰ
727 2092 815 2118 ἄλλων
831 2091 954 2126 ἀψύχων,

162 2140 211 2167 τοῦ
224 2140 418 2174 ϐυσιαστηρίου
432 2139 504 2173 λέγω
519 2139 568 2166 καὶ
582 2139 677 2174 θρόνου
694 2138 804 2165 καὶτῶν
815 2137 954 2171 τοιούτων,

163 2190 213 2216 οὐκ
226 2189 341 2220 ἀπεικὸς
354 2188 510 2216 ὑπολαόεῖν.
528 2189 565 2214 Οὐ
584 2188 639 2223 γὰρ
667 2186 852 2222 ἄψυχαταῠτα
873 2187 954 2219 νοεῖν,

1000 950 1064 986 gelii
1090 950 1117 977 in
1141 958 1196 985 quo
1211 950 1303 977 futura
1319 951 1450 977 nonnulla
1466 949 1634 980 inferuntur,
1653 953 1700 975 aut
1711 948 1793 975 etiam

1001 1003 1049 1030 per
1065 1001 1226 1030 praesentem
1241 996 1445 1028 revelationem,
1464 995 1543 1031 741
1563 1000 1593 1022 ut
1615 994 1672 1029 jam
1689 994 1792 1020 dictum

1001 1047 1053 1070 est.
1072 1042 1130 1070 Non
1147 1048 1190 1069 est
1204 1047 1294 1069 autem
1307 1043 1488 1077 ignorantium
1509 1041 1581 1076 quod
1594 1049 1628 1068 ex
1645 1041 1697 1068 hoc
1708 1040 1793 1071 dicto,

1003 1087 1112 1121 Oportet
1128 1093 1151 1114 te
1162 1096 1268 1115 rursum
1286 1088 1452 1121 prophetare,
1466 1088 1613 1121 opinantur
1631 1085 1709 1113 multi
1730 1085 1796 1112 bra-

1002 1137 1058 1159 tum
1088 1133 1161 1160 hunc
1184 1133 1278 1159 virum
1302 1140 1388 1167 usque
1411 1132 1446 1160 ad
1461 1132 1554 1160 saeculi
1576 1131 1794 1159 consummatio-

1002 1186 1064 1205 nem
1084 1179 1185 1211 vivere,
1201 1186 1234 1206 ac
1247 1183 1391 1206 venturum
1406 1186 1467 1206 esse
1479 1178 1553 1205 circa
1577 1182 1701 1212 tempora
1714 1177 1794 1203 Aliti-

1001 1223 1098 1251 christi
1113 1231 1178 1250 cum
1194 1223 1286 1250 Enoch
1299 1228 1327 1250 et
1340 1222 1410 1254 Elia,
1428 1226 1458 1250 ut
1478 1230 1531 1249 uua
1551 1229 1614 1250 cum
1637 1221 1691 1248 illis
1704 1220 1796 1247 corri-

1002 1272 1049 1304 gat
1062 1275 1110 1295 eos
1127 1268 1174 1302 qui
1189 1272 1254 1295 tunc
1267 1268 1361 1295 vivent
1374 1268 1510 1300 homines,
1525 1271 1552 1294 et
1565 1266 1638 1302 quod
1650 1265 1703 1294 sub
1716 1265 1796 1292 Anti-

1003 1313 1108 1340 chrislo
1122 1313 1324 1340 iuterimendus
1339 1313 1383 1340 sit.

1039 1358 1089 1392 XI,
1100 1358 1129 1392 1,
1142 1359 1171 1385 2.
1193 1358 1229 1385 Et
1241 1359 1321 1385 datus
1339 1363 1377 1385 est
1388 1358 1451 1385 mihi
1465 1357 1585 1384 ralamus
1601 1357 1697 1383 similis
1712 1358 1792 1390 eirgte

1003 1403 1093 1430 dicens
1111 1411 1120 1430 :
1136 1403 1232 1439 Surge,
1247 1412 1278 1431 ac
1293 1404 1386 1430 metire
1401 1403 1527 1437 templum
1541 1403 1599 1433 Dei,
1615 1408 1639 1429 et
1655 1404 1752 1435 altare,
1763 1409 1796 1428 uc

1005 1450 1148 1477 adorantes
1167 1451 1234 1477 ineo
1248 1458 1258 1476 :
1278 1454 1302 1477 et
1320 1451 1417 1476 atrium
1432 1449 1502 1484 quod
1517 1455 1594 1475 extra
1615 1449 1738 1481 templum
1757 1451 1796 1474 est

1003 1497 1069 1531 cjice
1084 1497 1168 1531 foras,
1183 1501 1207 1522 et
1221 1504 1252 1523 ne
1271 1488 1392 1522 metiaris
1409 1495 1487 1527 illud,
1503 1495 1565 1529 quia
1578 1495 1669 1520 (lutum
1684 1499 1721 1520 est
1733 1502 1795 1528 gett-

1005 1543 1074 1569 tiltus
1090 1549 1131 1569 :et
1148 1543 1280 1568 civitatem
1291 1548 1410 1569 satietati:
1426 1541 1566 1568 cutcabuttt
1585 1541 1716 1567 mensibus
1730 1548 1797 1575 qua-

1005 1589 1131 1624 draginta
1146 1589 1257 1615 duobus.

1042 1677 1070 1705 Si
1083 1677 1146 1713 quis
1159 1678 1294 1705 calamum
1307 1685 1387 1712 quem
1399 1677 1450 1705 sibi
1464 1677 1558 1704 datum
1570 1676 1607 1704 ait
1616 1675 1796 1711 evangelista,

1005 1725 1190 1759 cognitionem
1215 1725 1352 1759 appellare
1376 1724 1440 1751 velit
1455 1731 1546 1750 rerum
1571 1722 1796 1757 intelligibilium,

1003 1770 1081 1805 juxta
1097 1771 1121 1798 id
1137 1771 1209 1806 quod
1234 1776 1262 1798 ct
1274 1770 1358 1798 David
1376 1770 1509 1805 gloriatur
1523 1770 1643 1803 linguam
1655 1776 1734 1796 suam
1750 1776 1800 1795 na-

1005 1823 1078 1845 ctam
1096 1825 1157 1845 esse
1172 1818 1308 1845 calamum
1326 1818 1423 1845 scriba:
1443 1817 1556 1849 velocis,
1567 1823 1739 1851 nequaquam
1753 1822 1799 1842 er-

1008 1864 1089 1891 rabit.
1104 1863 1224 1891 Proinde
1240 1864 1405 1899 evangelista
1417 1871 1527 1898 quoque
1539 1862 1723 1898 cognitionem
1738 1869 1800 1896 quae

1006 1910 1185 1944 spiritualitcr
1200 1911 1252 1937 sibi
1269 1911 1385 1945 conligit
1409 1909 1539 1944 appellari
1556 1909 1624 1936 dicit
1638 1917 1687 1943 per
1700 1909 1798 1936 calami

1006 1956 1156 1990 dationem,
1168 1956 1217 1991 qui
1234 1957 1316 1984 etiam
1333 1956 1360 1983 in
1378 1956 1461 1992 virgae
1471 1954 1799 1989 similitudinemefﬁgia-

1007 2007 1051 2029 tus
1076 2007 1128 2035 esl,
1149 2002 1224 2036 virga
1245 2001 1303 2029 sive
1322 2001 1420 2028 baculo
1443 2008 1552 2028 rursum
1563 2001 1723 2035 designante
1744 2000 1798 2026 iul-

1007 2048 1168 2075 cimentum.
1182 2046 1242 2074 Non
1256 2047 1336 2074 fuerit
1353 2048 1446 2082 itaque
1463 2048 1596 2081 ineptum,
1610 2051 1640 2073 ut
1650 2047 1702 2072 hoc
1714 2045 1798 2072 etiam

1007 2094 1035 2120 in
1052 2093 1111 2120 loco
1123 2093 1146 2120 is
1163 2093 1209 2128 qni
1223 2093 1414 2121 subministrat
1427 2093 1568 2120 oraculum
1580 2100 1629 2127 per
1636 2091 1734 2118 calami
1748 2091 1798 2118 da-

1007 2139 1108 2166 tiouem
1118 2139 1249 2174 intelligat
1259 2138 1441 2174 spiritualium
1451 2138 1634 2173 cognitionem
1645 2157 1654 2171 ,
1665 2137 1798 2171 quemad-

1008 2185 1119 2213 modum
1133 2193 1181 2219 per
1192 2186 1244 2212 alia
1265 2184 1427 2217 inanimata,
1441 2185 1527 2211 altare
1539 2184 1600 2211 dico
1614 2187 1641 2210 et
1657 2183 1798 2214 thronum.

164 2232 219 2258 065'
235 2232 274 2264 ὡς
287 2233 396 2268 ὁρᾶται,
413 2234 483 2260 κατὰ
507 2233 539 2259 τὸ
562 2234 686 2268 κρεῖττον
697 2232 724 2258 δὲ
747 2231 796 2266 τῆς
813 2231 953 2267 ὑπάρξεως

1009 2233 1118 2266 aliaque
1139 2232 1307 2266 huiusmodi.
1319 2230 1413 2266 Neque
1425 2231 1496 2258 enim
1512 2229 1686 2258 commodum
1700 2234 1743 2257 est
1755 2229 1798 2256 in-

164 2279 213 2304 καὶ
228 2278 332 2313 νοερὶιν,
350 2279 433 2314 ἤγουν
446 2278 495 2313 τὴν
510 2278 682 2313 διακριτικὴν
695 2277 796 2311 γνῶσιν
815 2276 870 2303 τῶν
887 2278 957 2311 ὁρω-

167 2323 258 2359 μένων
269 2343 277 2356 ,
293 2325 333 2356 εἰς
354 2324 427 2350 δόσιν
441 2325 474 2351 ἄν
494 2333 536 2355 τις
560 2324 716 2359 ἀλληγοροῖ.
736 2323 798 2355 Πῶς
810 2323 864 2359 γὰρ
881 2323 894 2349 ὁ
910 2323 957 2350 χά-

164 2370 251 2405 λαμος
269 2369 372 2405 ἄψυχος
390 2369 427 2396 ὢν
443 2370 553 2405 ἔλεγε-ν’
573 2371 705 2404 Ἕγ-ειραι
729 2369 779 2396 καὶ
804 2369 959 2404 μέτρησον

165 2418 220 2443 τὸν
234 2417 311 2444 ναὸν
323 2417 376 2444 τοῦ
390 2417 463 2444 Θεοῦ
474 2424 483 2448 ;
508 2417 555 2443 Ἐκ
568 2417 663 2443 τούτου
676 2415 722 2442 οὖν
730 2416 866 2442 δείκνυται
877 2415 959 2449 ἀγγε-

165 2463 229 2499 λικῇ
246 2463 353 2489 συνέσει
369 2463 529 2498 μετρεῖσθαι
543 2464 590 2490 τὸν
604 2463 652 2489 τοῦ
668 2462 736 2489 Θεοῦ
754 2463 828 2489 ναόν.
850 2460 959 2496 Ἐπειδὴ

165 2509 195 2536 δέ
210 2517 282 2541 τινες
299 2510 400 2544 ἑτέρως
418 2510 483 2544 περὶ
497 2509 600 2536 τούτων
625 2508 763 2544 διαφόρως
789 2507 958 2542 ἠνέχθησαν,

165 2556 240 2590 λέγω
254 2556 299 2590 δὴ,
316 2555 363 2582 τοῦ
380 2556 445 2582 ναοῦ
459 2556 507 2582 καὶ
520 2555 567 2582 τοῦ
583 2555 777 2591 θυσιαστηρίου
790 2574 797 2586 ,
812 2553 830 2581 ἃ.
846 2553 894 2580 καὶ
910 2562 958 2588 με·

165 2601 303 2637 τρηθῆναι
326 2602 357 2628 τὺ
380 2602 554 2636 πρόσταγμα,
575 2601 622 2628 καὶ
642 2601 705 2632 τοὺς
737 2599 960 2635 προσκυνοῦντας

168 2649 197 2674 ὲν
212 2647 298 2682 αὐτῷ,
317 2649 382 2675 ναὸν
397 2647 466 2675 Θεοῦ
489 2648 536 2674 καὶ
553 2647 746 2682 θυσιαστήριον
771 2646 820 2681 τὴν
839 2645 960 2672 Παλαιὰν

168 2693 309 2730 Διαθήκην
335 2695 562 2729 ἀποφηνάμενοι,
592 2693 677 2728 αὐλὴν
698 2693 726 2719 δὲ
753 2693 803 2727 τὴν
831 2692 903 2718 Νέαν
930 2691 960 2717 οὐ

169 2741 241 2768 κατὰ
259 2740 364 2768 σκοποῦ
381 2741 523 2776 βάλλοντες
535 2739 617 2775 (οὕτω
641 2740 695 2774 γὰρ
710 2739 742 2766 ἂν
755 2739 851 2773 εἴησαν
867 2746 961 2772 μυστι-

168 2787 279 2822 κώτερά
293 2797 322 2815 τε
334 2789 382 2815 καὶ
406 2788 541 2824 ἱερώτερα
559 2788 651 2814 ἐκεῖνα
679 2787 729 2821 τῆς
746 2785 816 2812 κατὰ
844 2784 961 2820 Χριστὸν

170 2833 346 2869 ἑνδιαθήκης,
362 2834 420 2869 εἴγε
433 2834 480 2861 καὶ
497 2835 512 2860 ὁ
523 2834 587 2865 ναὸς
601 2833 649 2860 καὶ
661 2833 692 2859 τὸ
707 2831 901 2866 θυσιαστήριον
911 2830 961 2865 τῆς

171 2879 258 2916 αὐλῆς
275 2876 450 2916 τιμιώτερα),
476 2880 525 2916 οὺχ
540 2880 627 2912 οὕτως
640 2880 670 2906 τὸ
686 2878 900 2919 ἐπιτεταγμένον
915 2875 963 2904 τοῦ

1009 2279 1130 2305 animata
1142 2278 1200 2305 haec
1213 2277 1325 2311 intelligi
1342 2277 1424 2304 Veluti
1439 2285 1495 2311 pra:
1506 2284 1535 2303 se
1544 2275 1645 2307 ferunt,
1661 2275 1709 2303 sed
1721 2275 1800 2309 juxta

1010 2324 1149 2351 meliorem
1163 2323 1315 2351 exsisteudi
1340 2322 1453 2350 modum
1467 2327 1495 2349 et
1510 2321 1683 2356 spiritualem
1702 2320 1802 2355 poterit

1011 2370 1147 2405 quispiam
1162 2370 1308 2404 allegorice
1322 2368 1436 2402 referre,
1459 2376 1556 2403 nempe
1572 2372 1600 2395 ut
1615 2367 1801 2395 deturnotitia

1010 2416 1182 2443 discernendi
1200 2423 1231 2442 ea
1248 2423 1307 2450 qua:
1323 2415 1460 2442 videntur.
1475 2413 1620 2447 Quomodo
1634 2413 1707 2440 enim
1728 2412 1802 2440 dice-

1011 2462 1229 2490 retinanimatus
1242 2462 1364 2490 calamus
1381 2470 1388 2489 :
1406 2461 1490 2496 Surge
1515 2467 1539 2488 et
1560 2462 1651 2488 metire
1677 2459 1802 2494 templum

1014 2508 1063 2536 Dei
1074 2510 1086 2536 1’
1099 2508 1137 2535 Ex
1147 2509 1197 2535 hoc
1207 2508 1289 2543 igitur
1303 2508 1465 2543 intelligitur
1476 2514 1522 2542 per
1531 2507 1683 2542 angelicum
1700 2507 1805 2533 intelle-

1014 2560 1088 2580 ctum
1111 2558 1301 2580 mensuratum
1315 2560 1377 2580 esse
1393 2553 1524 2587 templum
1540 2552 1599 2579 Del.
1618 2550 1716 2578 Verum
1732 2558 1803 2584 quo-

1014 2600 1086 2627 niam
1103 2599 1228 2626 nonnulli
1239 2599 1273 2626 de
1289 2599 1331 2626 his
1346 2599 1401 2626 alio
1412 2599 1493 2625 modo
1502 2603 1527 2625 et
1539 2597 1716 2624 multifariam
1738 2605 1804 2631 pro-

1014 2646 1147 2677 tulerunt,
1173 2644 1235 2672 dico
1248 2652 1314 2672 sane
1328 2644 1361 2672 de
1377 2644 1478 2679 templo
1492 2649 1518 2670 et
1543 2643 1622 2670 altari
1641 2651 1702 2677 qua:
1724 2643 1804 2668 etiam

1015 2691 1167 2719 meusurari
1180 2691 1387 2729 praecipiuntur,
1404 2696 1431 2717 ct
1444 2691 1477 2718 de
1489 2689 1670 2717 ailorantibus
1685 2690 1712 2716 in
1730 2688 1801 2723 ipso:

1015 2738 1146 2773 templum
1157 2738 1204 2765 Dei
1217 2742 1244 2765 et
1255 2738 1341 2765 altare
1355 2737 1439 2764 Vetus
1448 2736 1653 2764 Testamentum
1664 2735 1807 2763 declaran-

1016 2791 1068 2817 tcs,
1078 2785 1177 2812 atrium
1190 2792 1265 2816 vero,
1279 2783 1386 2811 Novum
1405 2791 1477 2810 :non
1494 2783 1658 2817 attingentes
1676 2789 1806 2816 scopum:

1019 2830 1149 2857 namhoc
1169 2829 1251 2856 modo
1269 2829 1455 2863 spiritualiora
1474 2836 1506 2856 ac
1520 2828 1668 2855 sacratiora
1691 2828 1810 2858 fuissent

1019 2876 1076 2910 illa,
1089 2883 1172 2911 quant
1193 2879 1385 2903 testamentum
1400 2874 1472 2910 quod
1489 2873 1599 2902 tradidit
1611 2874 1737 2904 Christus
1751 2883 1759 2904 :
1771 2877 1811 2905 si-
