2095 3160
183 164 235 197 ίῖιθ

720 165 915 196 COMMENT.
939 161 978 195 Di
999 160 1269 194 APOCALYPSIS.

1764 164 1817 196 ϐω

185 221 356 257 ἁμαρτωλῶν
380 219 522 253 ἀντίδοσις,
540 221 609 256 μόνα
632 221 658 247 δὲ
685 221 855 255 παρελείφθη
868 222 901 248 τὰ
925 221 975 255 τῆς

1028 225 1203 255 peccatorum
1224 219 1369 248 retributio
1386 228 1392 247 :
1411 219 1468 248 Sola
1483 223 1573 248 autem
1585 227 1617 248 ea
1634 221 1816 256 praetermissa

184 267 313 303 δευτέρας
329 269 492 303 παρουσίας,
515 267 545 299 ἐξ
571 267 746 303 ὑποστροοῆς
773 266 820 294 νῦν
850 268 885 294 τὰ
910 267 976 302 περὶ

184 313 288 340 τούτων
303 313 469 342 διδάσκεται.
489 314 544 341 Καὶ
558 313 662 348 ὅτιμὲν
686 313 779 345 Ίιλίας
798 314 858 348 ἣξει
876 314 890 340 ὁ
907 322 976 348 προ-

186 361 274 395 φήτης
303 359 397 394 δῆλον,
432 360 679 396 προαγορευσάσης
711 359 760 395 τῆς
785 360 897 396 Γραφῆς
927 360 971 388 διὰ

184 404 327 439 Μαλαχίου
347 405 591 440 χρησμῳδοῦντος¹
617 415 626 431 ι
651 405 718 432 Ἰδοὺ
743 406 800 440 ἐγὼ
817 406 976 434 ἀποστέλλω

185 450 250 484 ὑμῖν
272 449 366 477 Ὴλίαν
381 450 427 476 τὸν
446 450 580 486 Θεσὸίτην
602 452 667 486 πρὶν
689 452 777 480 ἐλθεῖν
796 453 846 488 τὴν
867 453 976 488 ἡμέραν

186 495 286 530 Κυρίου
300 496 349 530 τὴν
365 496 486 531 μεγάλην
501 497 549 524 καὶ
563 497 694 533 ἐπιφανῆ·
712 498 742 530 ὂς
752 498 976 533 ἀποκαταστήσει

186 541 300 576 καρδίαν
313 541 416 577 πατρὸς
444 542 513 578 πρὸς
536 544 604 576 υἱὸν,
631 544 678 571 καὶ
697 543 812 580 καρδίαν
827 545 975 580 ἀνθρώπου

185 588 254 623 πρὸς
265 588 310 615 τὴν
322 588 435 623 πλησίον
446 589 542 616 αὐτοῦ.
558 599 567 616 ι
581 590 650 625 Περὶ
663 589 692 617 δὲ
706 590 753 617 τοῦ
772 590 856 626 Ἑνὼχ
871 599 976 626 μαρτν-

187 632 248 667 ρίαν
269 633 318 668 μὲν
332 633 394 660 ὅσον
408 634 477 669 πρὸς
493 634 543 669 τὴν
558 635 711 670 παρουσίαν
725 636 781 662 ἀπὸ
798 636 848 671 τῆς
864 637 976 671 Γραφῆς

184 679 235 705 οὐκ
248 678 357 713 ἔχομεν,
376 679 446 714 πλὴν
471 680 517 707 τοῦ
539 680 584 707 διὰ
603 681 776 716 μεταθέσεως
804 682 976 710 ἀπαθανατι-

186 723 292 758 σθῆναι.
310 724 397 759 Λόγος
415 725 443 751 δὲ
457 725 571 760 φέρεται
584 726 617 753 ὲκ
634 727 810 762 παραδόσεως
827 728 926 763 φοιτῶν
941 730 975 764 τῇ

194 769 341 806 Ἐκκλησία
359 771 582 806 ἀπαρατρέτιτως
611 777 658 800 καὶ
691 774 773 800 αὐτὸν
800 774 877 808 ἥξειν
907 775 976 809 μετὰ

192 815 283 842 Ἥ).ιοῦ
300 817 347 843 τοῦ
367 817 498 844 Θεσὸίτου
514 818 621 853 (ἥξουσι
634 819 689 855 γὰρ
708 820 791 854 ἄμφω
806 821 976 857 προδιαμαρ⁹

185 861 320 897 τὺρασθαι
348 864 405 894 τοῖς
425 863 484 890 ιῦσι
511 864 584 896 τότε,
610 865 649 900 μὴ
674 867 729 898 τοῖς
750 867 901 902 ἀπατηλοῖς
927 867 975 894 τοῦ

1027 270 1105 293 erant
1118 265 1338 301 qumsecunduni
1357 266 1715 294 concernebantadventum
1732 276 1739 294 :
1754 267 1817 301 jure

1027 312 1190 347 postliminii
1215 321 1288 341 nunc
1303 315 1336 341 de
1354 314 1396 341 his
1423 315 1563 342 edocetur.
1584 314 1618 342 Et
1642 319 1715 342 certe
1743 315 1817 349 quod

1028 358 1103 386 Elias
1115 359 1247 394 propheta
1265 363 1396 387 venturus
1412 360 1448 387 sit
1475 361 1652 388 manifestum
1676 366 1728 394 est,
1753 370 1816 388 cum

1027 403 1168 439 Scriptura
1186 404 1237 432 hoc
1255 405 1420 439 prmdixerit,
1432 413 1492 440 quae
1508 414 1555 441 per
1583 406 1743 434 Malachiam
1768 414 1819 435 vae

1028 449 1159 477 ticinatur
1179 459 1186 477 :
1202 459 1211 476 ι
1227 449 1296 478 Ecce
1312 458 1363 485 ego
1377 451 1482 479 mittam
1499 452 1575 479 vobis
1593 451 1681 479 Eliam
1705 451 1819 480 Thesbi-

1028 499 1083 522 tem
1109 495 1269 531 priusquam
1300 496 1393 523 veniat.
1420 496 1478 524 dies
1507 496 1615 524 Domini
1643 505 1758 533 magnus
1792 503 1819 525 et

1028 539 1202 574 manifestus,
1232 541 1279 576 qui
1318 546 1460 570 convertet
1483 549 1531 569 cor
1558 543 1646 578 patris
1666 543 1700 570 ad
1729 543 1816 571 tilium

1027 591 1054 613 et
1068 594 1116 614 cur
1142 587 1261 615 hominis
1275 587 1308 614 ad
1324 587 1478 622 proximum
1492 595 1573 615 suum
1589 588 1622 616 ”.
1638 597 1648 615 ι
1667 588 1704 617 De
1724 588 1817 618 Enoeh

1028 640 1093 660 vero
1108 633 1295 661 testimonium
1312 634 1422 668 quidem
1447 635 1519 669 quod
1541 635 1574 662 ad
1592 635 1737 663 adventum
1755 644 1818 671 spe-

1028 683 1083 706 ctat
1108 687 1141 706 ex
1160 679 1301 714 Scriptura
1328 688 1382 708 non
1401 680 1545 713 habemus,
1571 686 1669 716 printer
1691 689 1818 717 transpo-

1028 724 1156 751 sitionem
1177 731 1212 751 ne
1240 729 1364 759 gustaret
1393 730 1521 753 mortem.
1552 725 1649 753 Fertur
1676 731 1768 754 autem
1783 735 1818 754 ex

1029 770 1175 797 traditione
1191 778 1347 805 prxeconum
1362 771 1464 799 Christi
1479 771 1552 807 quod
1569 772 1765 801 invariahililer
1790 774 1818 800 in

1028 815 1150 843 Ecclesia
1175 816 1316 850 recipitur,
1333 816 1422 851 ipsum
1447 824 1557 851 quoque
1583 822 1726 845 venturum
1754 826 1818 846 cum

1029 861 1104 889 Helia
1120 861 1260 890 Thesbite.
1277 861 1392 890 Veniunt
1406 863 1479 890 enim
1492 863 1572 891 ambo
1589 869 1618 892 ut
1633 869 1820 899 protestenlur

192 909 378 944 ’Δντιχρίστου
404 910 578 946 παράγεσθαι
602 912 760 948 σημείοις),
786 912 834 939 καὶ
857 914 890 948 τῇ
920 913 974 949 ἰδίᾳ

1029 908 1072 935 his
1087 909 1133 940 qui
1150 912 1215 936 tunc
1234 914 1325 942 erunt,
1343 917 1378 936 ne
1397 909 1542 936 fallacibus
1555 910 1715 937 Antichristi
1731 910 1818 945 signis

187 955 326 991 μαρτυρίᾳ
338 957 427 992 ταύτῃ
443 957 571 992 τριϐῆναι
587 959 685 993 χρόνον
705 959 826 994 τριετίας
841 959 889 986 καὶ
912 960 976 995 ἡμί-

187 1010 264 1033 σεως.
280 1001 365 1028 Τοῦτο
377 1002 432 1038 γὰρ
444 1003 566 1038 αίχίλιαι
589 1004 728 1031 διακόσιαι
755 1005 892 1040 ἐξήκοντα
907 1005 976 1040 ἡμέ-

187 1055 233 1082 ραι
247 1048 372 1083 χρονικὸν
396 1049 558 1076 ἀποτελοῦσι
571 1050 719 1086 διάστημα.
738 1051 769 1076 'H
786 1051 814 1077 δὲ
829 1051 884 1078 τῶν
911 1051 975 1077 σάκ-

186 1102 242 1120 κων
276 1094 409 1130 περιϐολὴ
441 1095 471 1122 τὸ
500 1095 569 1130 μετὰ
598 1096 737 1127 εὐτελείας
771 1097 909 1132 προϐῆναι
931 1098 976 1124 καὶ

187 1139 303 1172 πένθους
315 1141 363 1167 καὶ
383 1141 613 1177 σκυθρωπότητος
643 1143 763 1178 παριστᾷ
777 1142 888 1175 τούτους
913 1145 975 1175 τοὶς

186 1185 245 1218 δύο,
264 1185 311 1218 οὓς
331 1186 437 1218 ἐλαίαις
459 1187 597 1222 Ζαχαρίας
625 1188 639 1214 ό
660 1189 806 1224 προφήτης
818 1188 974 1221 ἀπεικάζει,

188 1230 236 1256 καὶ
265 1230 387 1265 λυχνίαις
409 1231 495 1264 δυσὶν,
519 1231 637 1265 ἐλαίαις,
661 1232 705 1260 διὰ
719 1232 759 1265 τὸ,
773 1234 805 1259 τὸ
823 1233 912 1260 ἔλαιον
926 1233 975 1267 τὴν

186 1275 290 1309 τροφὴν
305 1274 351 1300 cui":
370 1275 458 1309 φωτὸς
472 1276 617 1311 πηγάζειν,
630 1276 752 1312 λυχνίαις
769 1276 807 1310 δὲ,
818 1277 860 1304 ὅτι
883 1277 975 1313 δχημα

187 1321 236 1355 τῆς
264 1320 393 1356 ἀληθείας
417 1322 574 1356 γεγόνασιν,
605 1323 666 1358 ἥτις
698 1332 727 1350 τε
752 1323 786 1350 δι’
812 1323 919 1359 ἀρετῶν
946 1323 976 1350 τὺ

186 1366 313 1402 ἀληθινὸν
328 1367 386 1402 φῶς
401 1367 601 1403 ὀνομαζόμενον
616 1369 772 1401 ὑποδύεται,
790 1370 837 1396 καὶ
850 1378 976 1404 φρυκτω-

189 1413 231 1447 ρεῖ
242 1413 304 1445 τοὺς
319 1413 497 1446 πελάζοντας,
515 1415 528 1441 ὃ
540 1416 586 1442 καὶ
603 1416 696 1446 αὐτοῖς
712 1416 886 1452 περιγίνεται
909 1417 977 1452 παρο

188 1460 358 1494 ρησιάζουσι.
371 1461 410 1487 Τὸ
427 1461 454 1488 δὲ
472 1463 589 1488 ἐνώπιον
609 1463 721 1489 ἑστᾶναι
742 1463 847 1498 Κυρίου
861 1463 910 1498 τῆς
924 1463 976 1497 γῆς

187 1506 213 1532 τί
239 1505 272 1532 ἂν
298 1506 362 1534 ἄλλο
383 1507 522 1542 σημαίνει,
547 1508 563 1542 ἢ
589 1508 620 1534 τὸ
645 1507 789 1543 ἀγχοτάτω
808 1508 856 1535 τοῦ
880 1508 974 1542 κριτοῦ

187 1550 297 1582 ζώντων
316 1552 363 1579 καὶ
381 1553 485 1588 νεκρῶν
499 1553 549 1588 τῆς
565 1553 655 1580 αὐτῶν
679 1553 830 1588 παρουσίας
851 1553 902 1588 τὴν
928 1553 975 1587 ἐφ-
990 1572 1011 1600 c

186 1597 247 1624 οδον
259 1598 398 1632 γίνεσθαις

223 1644 285 1678 Πῦρ
298 1644 492 1679 ἐκπορεύεται
505 1645 541 1672 ἐκ
552 1645 606 1672 τοῦ
623 1646 771 1680 στόματος
793 1645 903 1674 αὐτῶν,
922 1646 975 1681 Ση-

187 1689 287 1725 μείοις,
305 1691 383 1725 φησὶ,
397 1692 544 1726 χρήσονται
560 1692 609 1718 καὶ
622 1692 700 1718 αὐτοὶ
714 1692 839 1723 δυνατοῖς
851 1712 857 1724 ,
867 1692 912 1720 διὰ
927 1691 975 1718 τοῦ

186 1735 315 1770 ἀληθινοῦ
340 1735 445 1762 ἑαυτῶν
476 1736 511 1762 τὰ
545 1736 616 1762 κατά
653 1736 759 1771 πλάνην
790 1737 839 1762 καὶ
867 1737 976 1770 ἀπάτην

187 1782 356 1817 ἐλέγχοντες,
382 1783 429 1808 καὶ
447 1783 511 1814 τοὺς
525 1782 648 1817 ὁρῶντας
671 1783 710 1814 είς
727 1782 820 1808 πίστιν
846 1782 893 1808 καὶ
911 1790 975 1816 συγ-

187 1828 334 1855 κατάθεσιν
358 1828 492 1860 έλχοντες.
520 1827 607 1855 Βαΰαὶ
629 1828 678 1862 τῆς
702 1827 778 1860 θείας
805 1827 975 1862 ἀγαθότητος

186 1874 350 1909 ἀντίρροπον
364 1876 397 1910 τῇ
417 1874 507 1910 πλάνῃ
518 1874 568 1909 τὴν
584 1873 713 1908 ἀλήθειαν
731 1874 928 1909 ἀντιταξάσηςί
945 1875 975 1901 ὲν

187 1920 301 1956 δυνάμει
314 1921 368 1957 γὰρ
398 1921 535 1957 ἀληθινῶν
555 1921 678 1955 σημείων
703 1921 751 1948 καὶ
773 1921 896 1957 τεράτων
911 1921 975 1951 τοὺς

188 1966 283 1999 ἁγίους
307 1966 419 1998 τούτους
446 1966 636 1998 καθοπλίσας,
660 1966 752 2000 λόγοις
775 1965 975 1997 διδασκαλικοῖς

187 2012 419 2046 ἐπιστρέφοντας,
448 2012 495 2038 καὶ
530 2011 600 2046 πρὸς
628 2010 734 2042 τούτοις
764 2011 810 2037 καὶ
837 2011 973 2045 μάστιξιν,

188 2056 352 2092 ἀνομϐρίας,
365 2057 447 2090 λέγω,
463 2057 511 2083 καὶ
524 2057 620 2090 πυρὸς,
632 2056 679 2082 καὶ
694 2057 753 2087 ταῖς
769 2055 823 2081 τῶν
835 2056 975 2090 στοιχείων

189 2101 396 2137 μεταπτώσεων
419 2103 466 2128 ἐπὶ
484 2102 514 2129 τὺ
532 2102 681 2137 βλαπτικὸν
695 2101 903 2136 προχωρούσαις
919 2103 976 2133 τοῖς

187 2149 392 2183 ὰνεπιστρόφως
400 2148 593 2183 διακειμένοις,
603 2148 665 2180 τοὺς
671 2147 808 2179 ἐναντίους
816 2147 899 2174 αὐτοῦ
908 2156 975 2175 κατ-

187 2195 310 2228 αισχυνεί
318 2193 387 2229 μετά
394 2193 447 2220 τῶν
461 2193 582 2228 τεράτων
592 2193 646 2220 τῶν
664 2192 783 2227 ἀληθῶν
794 2193 841 2219 καὶ
847 2193 919 2219 οὕτω
926 2193 976 2228 μὲν

187 2239 213 2265 οἱ
228 2239 364 2266 ἐσύνετοι.
375 2240 406 2266 Οἱ
415 2239 444 2265 δὲ
460 2239 582 2274 βελτίους
598 2239 646 2266 καὶ⁸
664 2239 732 2273 πρὸς
745 2238 912 2274 ἐπιστροφὴν
921 2239 976 2266 ἀπ-

190 2285 292 2316 ιδόντες
303 2286 385 2321 (χατά
397 2286 439 2317 τὸ,
453 2294 463 2311 ι
474 2286 505 2312 Ἡ
516 2285 625 2312 παιδεία
640 2284 743 2318 Κυρίου
756 2285 860 2318 ἀνοίγει
875 2293 927 2320 μου
941 2285 975 2312 τὰ

187 2328 245 2358 ὦτα
259 2339 282 2356 ι·
297 2332 343 2358 καὶ
358 2331 398 2363 τὸ,
411 2341 420 2357 ι
430 2331 477 2358 Ὃν
487 2331 581 2366 ἀγαπᾷ
597 2330 698 2366 Κύριος
711 2331 878 2366 παιδεύει,ι)
894 2332 974 2367 ἐκέρ-

186 2377 281 2409 δαναν,
302 2377 327 2403 εί
343 2377 391 2403 καὶ
407 2376 515 2412 βιαίως,
531 2377 590 2404 ἀλλ’
609 2374 656 2403 οὖν
667 2376 698 2403 τὸ
721 2377 867 2411 σωτήριον,
882 2377 973 2409 αὐτοῖς
1001 2373 1009 2379 ”

187 2422 384 2458 ὲπιὸραὸενοὲν
398 2423 475 2458 παρά
484 2423 531 2450 τοῦ
550 2423 588 2458 μὴ
609 2421 773 2458 ἀμαρτωλοῦ
789 2423 836 2448 τὸν
858 2422 974 2449 θάνατον

186 2469 320 2501 θέλοντος,
335 2469 403 2495 ἀλλά
416 2470 466 2504 τὴν
482 2469 639 2504 μετάνοιαν.

221 2515 276 2544 Καὶ
298 2516 428 2548 πατάξαι
446 2516 503 2550 τὴν
522 2516 591 2551 γῆν.
611 2516 796 2552 ’Λντιρῤὀπως
815 2516 887 2543 κατὰ
898 2516 974 2543 θείαν

186 2563 360 2597 χρηστότητα
368 2564 400 2598 τῇ
412 2563 504 2598 πληγῇ
513 2563 674 2599 ἐπιφέρεται
685 2562 734 2589 καὶ
746 2564 762 2597 ἡ
771 2563 854 2594 ῐασις.
864 2562 975 2598 Ἐπειδὴ

185 2610 240 2645 γὰρ
258 2610 286 2636 ἐν
308 2611 374 2638 πᾶσι
398 2611 521 2645 σημείοις
542 2610 589 2638 καὶ
610 2610 708 2646 τέρασι
725 2609 850 2645 ψεύδοπ,
868 2609 976 2635 πάντων

187 2656 342 2691 φαρμάκων
355 2656 432 2682 ἔσται
443 2656 672 2691 περιφανέστερος
689 2655 750 2682 κατ’
767 2656 910 2691 ἐνέργειαν
927 2655 974 2681 τοῦ

186 2702 302 2735 Σατανᾶ,
312 2702 327 2728 δ
334 2701 435 2736 ἀγαθὸς
443 2702 510 2734 Θεὸς
518 2702 579 2732 τοὺς
588 2700 682 2735 ἁγίους
693 2701 803 2732 τούτους
816 2700 976 2728 καθοπλίτει

185 2747 461 2783 ἐνδυνάμεισημείων
467 2747 611 2782 ἀληθινῶν,
621 2747 651 2773 τὸ
658 2746 755 2781 ψεῦδος
764 2746 974 2780 ἀπελέγξοντας.

187 2793 309 2825 καὶτοὺς
330 2794 380 2829 μὲν
400 2793 625 2829 πεπλανημένους
641 2794 868 2830 ἐπιστρέφοντας,
880 2793 926 2820 τὸν
946 2794 974 2820 δὲ

1030 954 1109 982 tidem
1133 955 1340 983 adhibeantret
1354 956 1381 982 in
1411 956 1462 983 hoc
1485 964 1536 983 suo
1564 956 1722 984 testimonio
1737 958 1819 993 744

1028 1005 1108 1035 agent
1123 1001 1157 1028 ad
1180 1006 1288 1037 tempus
1315 1003 1398 1029 trium
1414 1009 1549 1029 annorum
1567 1006 1595 1029 et
1609 1002 1716 1030 dimidii
1731 1012 1738 1030 :
1753 1011 1818 1031 nam

1031 1047 1105 1074 mille
1124 1047 1234 1074 ducenti
1250 1048 1391 1082 sexaginta
1420 1048 1479 1075 dies
1495 1053 1599 1075 tantum
1626 1049 1736 1083 explent
1752 1054 1819 1079 tenta

1028 1093 1102 1127 poris
1111 1093 1238 1128 spatium.
1250 1093 1398 1121 Sarcorum
1410 1098 1501 1121 autem
1514 1094 1634 1122 amictus
1647 1095 1820 1123 demortui-at

1028 1138 1079 1165 hos
1093 1137 1163 1166 duos
1186 1138 1340 1172 praecedere
1351 1146 1414 1165 cum
1443 1138 1598 1173 alijectione
1621 1140 1713 1167 luctus
1737 1146 1819 1175 alqui:

1029 1184 1176 1216 rnmstitize,
1195 1191 1265 1218 quos
1280 1183 1429 1211 Zacharias
1444 1184 1576 1219 propheta
1593 1185 1672 1213 olivis
1687 1185 1820 1214 assimilat

1027 1233 1055 1256 ct
1064 1228 1173 1256 duobus
1181 1228 1353 1256 candelahris
1361 1229 1384 1244 °°
1400 1239 1406 1256 :
1425 1229 1518 1262 olivis,
1532 1237 1566 1257 eo
1580 1230 1654 1265 quod
1667 1231 1822 1266 producant

1028 1275 1118 1302 oleum
1139 1275 1209 1303 lucis
1233 1276 1431 1303 nutrimentum
1447 1285 1454 1303 :
1476 1276 1647 1305 candelabris
1664 1284 1737 1310 vero,
1754 1278 1821 1313 quia

1029 1321 1184 1348 vehiculum
1199 1321 1262 1348 facti
1277 1327 1341 1349 sunt
1357 1322 1493 1355 veritatis,
1512 1330 1574 1358 qua:
1589 1327 1616 1351 et
1632 1331 1680 1357 per
1702 1323 1820 1352 virtutes

1028 1374 1125 1395 nomen
1141 1375 1210 1395 vera:
1221 1367 1290 1395 lucis
1307 1368 1429 1403 suscipit,
1446 1374 1474 1396 et
1487 1369 1616 1404 praelucet
1626 1370 1668 1397 his
1683 1370 1728 1405 qui
1742 1378 1820 1399 accc:

1027 1413 1105 1447 dunt,
1118 1415 1189 1448 quod
1208 1414 1290 1441 etiam
1308 1414 1349 1442 his
1368 1415 1500 1450 contingit
1523 1415 1569 1450 qui
1585 1415 1670 1444 libere
1690 1422 1717 1444 et
1741 1417 1820 1452 iuge‘

1029 1466 1083 1486 nue
1127 1459 1288 1492 loquuntur.
1319 1459 1454 1488 Cancrum
1484 1461 1511 1488 in
1539 1467 1686 1496 conspectu
1712 1463 1821 1490 Dnmini

1029 1509 1108 1533 terrai
1120 1509 1204 1538 stare,
1217 1505 1284 1541 quid
1293 1505 1366 1533 aliud
1379 1506 1535 1541 signiﬁcare
1541 1512 1640 1542 potest,
1653 1516 1734 1542 quam
1747 1510 1820 1544 quod

1028 1559 1157 1580 accessus
1171 1552 1266 1580 horum
1279 1552 1528 1588 propinquissinius
1540 1553 1591 1582 erit
1607 1554 1733 1583 adventui
1745 1555 1820 1590 judi~

1029 1599 1070 1626 cis
1086 1599 1209 1626 vivorum
1221 1606 1253 1626 ac
1270 1603 1440 1627 mortuorum
1452 1599 1464 1627 7

1067 1645 1140 1681 Ignis
1148 1647 1295 1681 egredietur
1305 1646 1337 1673 de
1347 1654 1393 1673 ora
1404 1654 1506 1673 eorum.
1522 1646 1623 1682 Signis,
1631 1647 1730 1683 inquit.
1742 1653 1821 1677 uten-

1030 1696 1075 1720 tur
1086 1697 1114 1720 et
1123 1692 1173 1727 ipsi
1189 1692 1355 1727 potentibus.
1375 1692 1489 1720 veritate
1505 1692 1613 1720 illarum
1639 1700 1820 1729 coarguentes

1029 1743 1061 1763 ea
1073 1743 1135 1771 qua:
1146 1736 1174 1764 in
1193 1743 1287 1764 errore
1297 1743 1330 1764 ac
1341 1735 1502 1765 eeductione
1517 1737 1593 1770 ﬁent,
1610 1743 1637 1766 et
1649 1746 1699 1767 eos
1715 1740 1761 1775 qui
1778 1742 1821 1768 vi-

1029 1780 1121 1808 derint
1130 1780 1164 1808 ad
1177 1780 1257 1808 ﬁdem
1268 1786 1296 1809 et
1304 1789 1448 1813 assensum
1458 1783 1637 1813 attrahentes.
1650 1784 1673 1813 0
1681 1787 1821 1816 admiran-

1029 1826 1092 1854 dam
1103 1827 1223 1855 divinam
1235 1827 1386 1856 bonitatem
1400 1836 1460 1864 quae
1477 1837 1510 1857 ex
1526 1830 1645 1860 adverso
1660 1834 1764 1861 erroris
1772 1842 1820 1862 or-

1029 1871 1135 1899 dinavit
1145 1872 1298 1900 remedium
1313 1873 1452 1901 veritatis!
1467 1882 1530 1902 nam
1547 1883 1595 1909 per
1601 1881 1763 1911 potestatem
1772 1887 1818 1907 ree

1030 1925 1125 1945 rorum
1144 1918 1284 1952 signorum
1304 1923 1331 1947 et
1352 1920 1538 1956 prodigiorum
1559 1927 1672 1952 sanctos
1686 1925 1756 1954 istos
1771 1928 1820 1954 oh-

1030 1972 1152 1997 armans,
1164 1969 1195 1992 ut
1217 1964 1349 1994 doctrinm
1365 1967 1541 1996 sermonibus
1558 1969 1682 1998 homines
1705 1979 1821 2001 conver‘

1031 2014 1108 2038 tant:
1129 2015 1259 2044 praeterea
1277 2011 1358 2039 etiam
1383 2012 1506 2048 ﬂagellis,
1528 2022 1626 2049 nempe
1650 2015 1750 2050 pluvia:
1771 2026 1820 2046 ca-

1032 2058 1118 2085 rentia
1131 2063 1159 2086 et
1176 2058 1248 2093 igne,
1257 2058 1340 2085 variis
1351 2058 1434 2086 etiam
1451 2059 1648 2088 elementorum
1664 2063 1821 2091 mutationi-

1031 2103 1093 2136 bus,
1104 2103 1136 2131 ad
1154 2103 1207 2132 hoc
1219 2103 1405 2136 tendentibus,
1426 2108 1455 2131 ut
1466 2104 1499 2132 iis
1511 2110 1606 2132 noceat
1620 2107 1667 2141 qui
1683 2108 1718 2134 ita
1729 2109 1820 2136 οσυριὶ

1031 2153 1096 2178 sunt
1110 2154 1140 2176 ut
1154 2149 1277 2177 converti
1295 2153 1445 2184 nequeant,
1467 2157 1532 2178 suos
1556 2151 1730 2181 adversarios
1746 2155 1819 2182 veris

1031 2194 1115 2230 signis
1129 2194 1276 2230 pudefacit.
1292 2195 1326 2222 Et
1340 2195 1378 2222 ita
1394 2195 1503 2230 quidem
1514 2200 1666 2225 tractantur
1687 2205 1818 2228 amentes.

990 2250 1016 2279 ι)
1031 2241 1116 2269 l‘orro
1132 2241 1257 2269 saniores
1271 2245 1299 2268 et
1309 2241 1356 2276 qui
1375 2241 1409 2269 ad
1425 2243 1632 2270 conversionem
1656 2245 1819 2279 respiciunt,

1028 2286 1105 2321 juxta
1112 2286 1178 2314 illud
1191 2295 1214 2314 ει
1227 2286 1372 2321 Disciplina
1382 2287 1488 2315 Domini
1497 2289 1584 2322 aperit
1595 2297 1676 2318 aures
1685 2293 1800 2320 meas":
1808 2302 1817 2319 ι

1030 2337 1057 2360 et
1072 2332 1138 2360 illud
1156 2341 1163 2360 :
1180 2341 1190 2358 ι
1207 2332 1293 2366 Quem
1309 2333 1399 2369 diligit
1430 2333 1562 2363 Dominus
1573 2336 1733 2371 castigat",
1748 2347 1758 2364 ›
1774 2346 1822 2366 sa-

1031 2377 1114 2404 lutem
1139 2377 1348 2411 lucrifecerunt,
1367 2385 1522 2413 quanquam
1550 2379 1678 2414 violente,
1701 2387 1820 2412 attamen

1030 2423 1082 2449 sibi
1096 2423 1266 2458 designatam
1285 2423 1319 2450 ab
1334 2431 1367 2451 eo
1384 2424 1430 2458 qui
1451 2432 1506 2452 non
1523 2426 1579 2453 vult
1589 2432 1705 2455 mortem
1721 2436 1818 2464 pecca-

1029 2470 1107 2504 toris,
1123 2471 1169 2498 sed
1184 2471 1410 2506 resipiscentiam.

1068 2517 1100 2544 Et
1117 2517 1280 2551 percutiendi
1304 2523 1412 2546 terram.
1431 2518 1513 2546 Juxta
1533 2520 1653 2548 divinam
1668 2522 1817 2552 bonitatem

1031 2564 1259 2600 correspondenti
1280 2565 1362 2593 modo
1376 2565 1410 2592 ad
1424 2565 1532 2601 plagam
1548 2566 1631 2594 etiam
1646 2568 1821 2602 subiungitur

1031 2611 1150 2638 sanatio.
1180 2609 1327 2646 Postquam
1345 2611 1419 2639 enim
1437 2611 1627 2640 Autichristus
1651 2621 1699 2648 per
1726 2616 1819 2643 omnia

1032 2658 1110 2692 signa
1133 2661 1162 2685 ct
1187 2657 1311 2692 prodigia
1334 2658 1476 2686 mendacia
1498 2659 1607 2686 cunctis
1630 2659 1719 2688 lactus
1737 2660 1820 2688 fuerit

1033 2701 1168 2729 illustrior
1179 2702 1332 2729 secundum
1349 2703 1538 2737 operationem
1548 2703 1666 2737 Satanae,
1685 2705 1820 2740 benignus

1031 2748 1104 2776 Deus
1122 2754 1235 2777 sanctos
1251 2757 1318 2777 suos
1331 2749 1486 2778 ohnrmahit
1506 2758 1554 2786 per
1569 2752 1718 2786 potentiam
1742 2760 1820 2781 vero-

1030 2800 1090 2822 rum
1116 2795 1258 2830 signorum
1280 2805 1287 2824 :
1305 2800 1334 2824 ut
1360 2797 1532 2829 mendacium
1553 2804 1715 2834 coarguant,
1731 2804 1757 2826 rt
1773 2807 1821 2826 eos

220 2874 242 2890 "
267 2873 363 2901 Malae.
392 2882 428 2907 ιν,
453 2874 479 2901 6.
518 2875 540 2889 ⁵ο
569 2873 652 2901 Zach.
677 2882 714 2907 iv,
736 2873 777 2901 ll.
798 2873 819 2890 "
841 2873 921 2901 Prov.
940 2882 976 2902 tll.

1064 2874 1144 2902 llcbr.
1164 2883 1211 2909 xu,
1228 2875 1254 2903 ϐ.

346 2923 479 2953 Parum.
504 2923 526 2952 ti
534 2932 563 2952 ιι.
579 2923 657 2953 Cl'l.

1587 2927 1620 2958 9d
