2095 3160
259 169 311 201 657

797 180 989 212 COMMENT.
1011 182 1052 212 IN
1071 182 1334 217 APOCALYPSIN.

1832 194 1885 226 658

299 226 350 265 Kal
367 225 462 284 ἦλθεν
478 231 497 264 ἡ
515 231 590 267 ὀργή
603 240 675 261 σου.
690 234 789 267 Πολλὰ,
811 236 890 271 φησὶ,
914 234 1045 272 μακροθυ-

1137 238 1297 268 Eluem'tt'ra
1313 246 1370 269 tua.
1387 243 1455 270 Cum
1474 243 1606 274 hactenus
1624 254 1685 274 cum
1702 247 1744 275 his
1757 249 1804 284 qui
1820 250 1884 278 olim

262 273 351 306 μήσας
375 274 415 300 ἔτι
431 276 487 307 τοῖς
511 278 608 312 πάλαι¹,
634 279 695 306 ἐπεὶ
723 281 807 316 μηδὲν
833 282 976 310 ἀπώναντο
1000 285 1049 318 τῆς

261 318 445 365 γρηοέτότητός
469 330 528 355 σου,
555 323 605 351 νῦν
621 325 693 352 κατὰ
714 327 811 361 καιρὸν
833 325 926 362 ἦλθες.
945 329 1048 365 Καιρὸν

259 362 287 389 δὲ
302 363 355 390 τῶν
368 366 472 408 νεκρῶν
491 368 538 395 τὸν
559 370 608 404 τῆς
629 372 802 407 παγκοσμίου
820 373 902 408 φησὶν
929 362 1047 401 ἀναστά-

260 416 339 440 σεως,
357 410 386 435 ὲν
401 407 423 444 ᾧ
446 412 554 448 ἑκάστῳ
577 416 756 451 καταλλήλως
772 407 916 454 δοοήαεται
930 420 966 446 τὰ
986 421 1048 447 ἐπί-

259 461 349 488 χειρα.
376 456 426 483 Διὰ
449 457 478 484 δὲ
493 458 549 486 τῶν
564 462 724 496 προφητῶν.
748 463 795 490 καὶ
814 463 868 491 τῶν
882 464 983 498 ἁγίων,
1000 465 1048 492 καὶ

259 499 314 547 τῷν
329 502 516 547 ’ᾃιροϐουμένων
531 505 577 532 τὸν
591 507 668 540 Θεὸν,
688 508 722 535 τὰ
735 509 800 544 τρία
814 510 942 545 τάγματα
955 511 1010 538 τῶν
1025 511 1046 547 ρ’

260 545 306 571 καὶ
330 545 362 577 ξ’,
388 548 436 574 καὶ
459 550 601 585 τεσσάρων
621 554 869 589 καρποφορούντων
892 555 971 590 φησὶ,
996 545 1046 591 τῆς

259 591 372 627 πρώτης
399 593 502 628 λήξεως
530 597 584 624 τῶν
611 598 769 626 ἀποστόλων
791 601 970 635 ἀξιουμένων,
1000 602 1046 628 καὶ

258 636 307 670 τῆς
338 638 384 664 ἐπὶ
405 638 509 667 δώδεκα
533 641 637 677 θρόνων
664 644 804 679 ἱδρύσεως.
838 645 976 678 Ὡσαύτως
999 647 1047 674 καὶ

258 682 323 714 τοὺς
349 686 493 719 προφήτας
517 688 635 721 μάλιστα
660 690 724 722 τοὺς
753 692 959 725 ὐπολυσσώσαις
985 696 1045 721 κατ’

259 729 348 776 αὐτῶν
370 731 504 766 βασιλέων
522 737 669 772 τιμωρίαις
689 738 900 774 ὑποϐληθέντας.
922 742 1046 776 Μικροὺς

258 773 350 822 δὲήκαὶ
374 778 518 812 μεγάλους.
535 781 668 817 Μικροὺς,
689 784 753 816 τοὺς
773 773 855 821 ἧττον
869 773 1045 822 ἀγίουςίμε-

259 820 369 867 γάλους,
389 823 452 856 τοὺς
480 825 580 859 μᾶλλον
606 820 790 864 ὑπερέχοντας
804 831 939 867 ἁγιότητι.
968 820 1046 860 Ἐπεὶ

258 864 287 891 δὲ
299 865 386 899 διττὸς
406 868 420 894 ὁ
444 869 537 903 φόϐος,
563 872 576 898 ὁ
592 872 642 906 μὲν
657 864 904 910 προκαταρκτχὸς,
929 878 942 903 ὀ
955 877 984 903 δὲ
1004 886 1046 903 τε-

259 910 409 945 λειωτικὺς,
428 916 474 941 καὶ
488 916 536 942 τοῦ
552 918 603 952 μὲν
626 921 866 956 προκαταρκτικοῦ
896 924 951 954 τοῖς
968 922 1045 950 οὔπω

258 956 308 991 τὴν
323 958 447 986 ἀοώωσιν
463 961 587 997 ειληφόσι
602 965 737 998 συνόντος,
766 967 813 994 τοῦ
828 968 1002 996 τελειωτικοῦ
1017 969 1045 996 δὲ

258 1003 313 1049 τοῖς
333 1004 384 1039 ἥδη
407 1006 460 1032 ὑπὸ
484 1007 551 1034 Θεοῦ
581 1010 802 1046 ἁνειλημμένοις,
820 1011 861 1045 οἷς
874 1015 922 1041 καὶ
936 1015 981 1041 διὰ
996 1015 1046 1049 φό-

258 1047 306 1074 ϐου
323 1049 367 1076 ἀεὶ
382 1051 412 1077 τὸ
427 1052 465 1088 μή
482 1062 508 1080 τι
524 1055 616 1087 αὐτοῖς
633 1057 715 1089 ἐνδεῖ,
730 1058 759 1084 ὃν
776 1059 848 1091 εἰκὸς
862 1060 970 1087 ὑπεῖναι
990 1047 1046 1093 τοῖς

258 1095 362 1130 σφόδρα
373 1097 526 1130 ἀγαπῶσιν”
542 1101 592 1127 οὐκ
607 1101 775 1138 ἁποϐλητέον
787 1103 865 1139 οἶμαι
877 1106 908 1131 τὸ
924 1107 978 1132 ἀπὸ
992 1108 1046 1133 τῶν

258 1140 343 1173 ἁγίων
360 1142 546 1179 ὑποπαλῆναι
566 1148 629 1178 τοὺς
648 1149 845 1183 φοϐουμένους,
861 1151 900 1182 ὡς
915 1152 970 1178 τῶν
996 1153 1046 1187 μὲν

259 1186 366 1232 μικρῶν
381 1189 419 1223 τῷ
442 1189 499 1217 ὅντι
514 1192 591 1227 φόϐῳ
609 1193 789 1228 ἐνεχομένων,
804 1196 859 1223 τῶν
872 1197 902 1223 δὲ
919 1186 1044 1232 μεγάλων

258 1231 284 1278 o't'
295 1231 387 1266 ἔχουσι
399 1234 430 1262 τὺ
442 1235 569 1271 θαῤῥείν,
586 1238 681 1274 ὥσπερ
697 1240 815 1275 είρηται,
834 1242 882 1267 καὶ
896 1231 934 1277 τῷ
948 1243 1044 1278 θάρρει

258 1277 303 1303 τὸν
318 1279 401 1312 φόϐον
424 1285 622 1318 παρομαρτεῖν.
649 1285 807 1321 Ἐκατέροις
822 1287 911 1314 τοίνυν
925 1290 939 1315 ὁ
962 1277 1044 1322 φόϐος

257 1322 300 1350 διὰ
315 1325 364 1360 τὴν
380 1327 522 1355 ἀντίδοσινι
535 1329 586 1365 τὴν
614 1331 681 1366 πρὸς
697 1332 775 1364 ἀξίαν
797 1332 851 1359 τῶν
869 1334 1044 1368 βεϐιωμένων

258 1369 305 1394 καὶ
320 1370 370 1405 τὴν
382 1371 566 1407 ἀντιμισθίαν,
584 1377 640 1407 τοῖς
662 1377 712 1410 μὲν
729 1378 868 1412 μεγάλοις.
884 1379 950 1406 αὐτὸ
965 1380 1044 1407 τοῦτο

259 1413 297 1450 μὴ
312 1417 476 1446 πεποιθέναι
486 1419 590 1454 ἑαυτοῖς
607 1423 756 1458 προσεῖναι
764 1423 954 1457 moventia;
965 1446 972 1459 ,
986 1427 1044 1459 τοῖς

259 1464 367 1496 μικροῖς
379 1463 407 1489 δὲ
420 1465 616 1500 ἀνενδοιάστως
631 1469 819 1505 ἑλπιζομένοις
837 1471 982 1504 σώζεσθαι,
996 1474 1045 1500 καὶ

256 1506 301 1533 ὅτε
314 1508 377 1551 τοὺς
387 1509 433 1536 τοῦ
447 1510 514 1537 Θεοῦ
527 1512 638 1546 δούλους
646 1514 797 1542 ὑπέϐαλλον
809 1517 926 1551 ἀτιηνέσι
937 1519 1042 1550 κακοῖς,

257 1553 304 1603 καὶ
319 1550 366 1608 οἷςὶ
378 1554 469 1608 ξλλοις
488 1557 602 1590 ἀτόποις
629 1560 719 1587 αὐτῶν
737 1561 828 1596 ἔργοις
853 1550 969 1598 ἐμίαναν
992 1564 1042 1594 τὴν
1057 1579 1078 1608 C

255 1597 308 1632 γῆν
321 1598 369 1625 καὶ
382 1599 548 1637 διέφθειραν.

547 1703 658 1731 ΚΕΦΛΛ
664 1724 671 1731 .
692 1705 751 1734 ΛΓ.

256 1766 325 1792 Περὶ
348 1766 406 1811 τῷν
425 1768 560 1811 omnia]
579 1769 635 1811 τῇς
657 1771 838 1811 Ἑξκῖζησίας
850 1774 920 1811 ,τῶν
939 1777 1042 1811 προτέ-

352 1810 425 1835 ρων,
447 1803 496 1830 καὶ
512 1805 570 1831 τῶν
587 1805 637 1832 ἐπὶ
653 1806 706 1833 τοῦ
729 1803 942 1843 Ἀίιτιχρίστου.

290 1869 345 1895 Καὶ
367 1869 492 1905 ἠνοίχθη
515 1872 532 1898 ὁ
544 1872 616 1905 ναὸς
632 1873 667 1900 ἐν
686 1873 726 1906 τῷ
740 1875 866 1909 οὐρανῷ,
892 1877 940 1904 καὶ
957 1878 1040 1913 ὤφθη

255 1914 274 1947 ὴ
291 1915 411 1948 κιϐωτὸς
433 1916 488 1951 τῆς
503 1917 648 1951 διαθήκης
669 1919 722 1946 τοῦ
736 1921 847 1954 Kvplov
865 1923 900 1949 ἐν
920 1923 959 1955 τῷ
978 1924 1040 1957 ναῷ

253 1960 357 1988 αὑτοῦ.
381 1961 436 1988 Kal
460 1962 598 1997 ἐγένοντο
625 1964 776 1999 ἀστραπαὶ
802 1968 851 1995 καὶ
872 1969 967 2002 φωναὶ
989 1970 1040 1996 καὶ

251 2006 388 2040 βρονταὶ,
403 2008 452 2034 καί
464 2008 577 2042 χάλαζα
588 2010 716 2043 μεγάλη.

291 2053 369 2080 Μετὰ
386 2054 434 2088 τὴν
460 2054 672 2091 εὐχαριστήριον
685 2055 765 2089 δόξαν
780 2057 834 2083 τῶν
854 2058 977 2092 ἀγγέλων
993 2060 1040 2086 καὶ

255 2097 309 2124 τῶν
324 2100 473 2133 ῑσαγγέλως
485 2101 636 2136 ζησάντων,
651 2101 774 2137 ὴνοῖχθαι
787 2103 834 2129 τὸν
845 2105 961 2139 οὐρανόν
973 2114 1040 2140 φησι

255 2143 302 2188 καὶ
315 2143 431 2179 ὀφθῆναι
445 2145 494 2180 τὴν
509 2147 625 2174 κιϐωτὸν
639 2148 690 2182 τῆς
704 2148 847 2185 διαθήκης,
863 2150 978 2186 οὐρανὸν
990 2152 1040 2188 τὴν

255 2187 470 2224 ὑπεράνθρωπον
490 2191 579 2225 λέγων
596 2192 708 2225 γνῶσιν,
723 2194 752 2220 ὲν
768 2191 790 2227 ᾦ
815 2196 862 2221 καὶ
875 2196 1039 2233 τεθησαύρι-

1100 283 1214 312 fuerunt
1230 286 1378 320 plurimum
1393 294 1547 318 remoratus
1559 291 1644 320 fueris
1657 302 1664 320 :
1684 294 1710 320 in
1723 283 1797 322 nullo
1811 296 1883 323 enim

1099 334 1146 358 tua
1167 331 1242 360 fruiti
1256 338 1321 361 sunt
1340 335 1482 363 bonitate:
1497 344 1569 364 nunc
1593 344 1747 373 opportune
1775 341 1883 369 venisti.

1099 375 1220 411 Tempus
1237 382 1326 405 autem
1343 384 1513 408 mortuorum
1522 381 1590 410 dicit
1604 387 1711 418 tempus
1724 386 1884 413 universalis

1099 422 1326 456 resurrectionis,
1348 424 1374 451 in
1399 433 1453 460 quo
1468 427 1616 463 unicuique
1630 430 1819 458 cunvenientia
1837 432 1884 459 da-

1098 465 1201 494 buntur
1214 469 1335 502 prannia.
1348 469 1400 497 Per
1412 471 1559 506 prophetas
1571 478 1661 500 autem
1684 479 1711 501 ct
1726 480 1836 503 sanctos
1853 484 1884 504 ac
1918 479 1921 482 '

1099 511 1227 539 timentes
1243 513 1339 546 Deum,
1356 515 1482 551 intelligit
1497 520 1552 545 tres
1572 519 1683 548 ordines
1698 520 1807 548 illorum
1819 528 1885 549 cen-

1099 561 1156 584 tum
1169 558 1307 594 octoginta
1329 565 1448 594 quatuor
1473 562 1588 590 millium
1615 565 1661 598 qui
1683 565 1739 593 Deo
1763 565 1884 594 fructum

1097 603 1215 632 alterunt
1231 613 1348 640 :nempc
1375 607 1561 641 apostolorum
1584 609 1630 644 qui
1657 611 1731 645 digni
1750 611 1884 639 habentur

1096 650 1184 684 prima
1209 656 1299 685 sorte,
1325 656 1352 679 et
1368 657 1395 680 ut
1411 654 1617 681 constituantur
1633 662 1716 690 super
1738 657 1882 684 duodecim

1097 697 1186 725 sedes.
1201 697 1333 726 Similiter
1355 704 1382 726 et
1407 700 1553 735 prophetas
1572 700 1743 735 potissimum
1756 702 1821 730 dicit
1835 708 1883 731 eos

1096 744 1143 778 qui
1153 744 1283 772 immania
1300 747 1490 774 sustinuerunt
1500 755 1593 783 regum
1609 749 1741 777 ad\ersus
1760 757 1789 777 se
1805 757 1884 777 exas-

1097 793 1254 824 peraturum
1273 791 1417 826 supplicia.
1442 792 1562 820 Pusillos
1584 801 1649 820 vero
1675 793 1742 821 dicit
1762 794 1884 822 minores

1097 841 1218 868 sanctos,
1235 844 1351 871 magnos
1368 841 1460 864 autem
1486 838 1532 872 qui
1555 838 1652 873 majori
1677 839 1884 874 pratcclluerunt

1098 882 1253 909 sanctitate.
1286 881 1384 909 Verum
1410 884 1473 917 quia
1502 884 1601 918 duplex
1630 888 1672 911 est
1691 885 1784 918 timor,
1812 892 1883 911 unus

1098 926 1209 960 quidem
1227 926 1340 954 initialis
1356 931 1384 954 et
1407 928 1475 954 alter
1491 929 1725 956 consummativus
1742 938 1748 955 :
1770 929 1883 957 initialis

1097 977 1141 1000 est
1155 979 1251 1000 eorum
1266 973 1313 1007 qui
1330 974 1451 1000 nondum
1471 979 1635 1008 acceperunt
1659 980 1689 1002 ut
1707 975 1819 1010 impune
1835 983 1882 1002 au-

1098 1017 1194 1045 derent
1210 1019 1341 1046 accedere
1356 1027 1363 1045 :
1387 1019 1523 1053 perfectus
1539 1027 1605 1047 vero
1626 1027 1721 1047 eorum
1736 1020 1782 1055 qui
1796 1021 1852 1055 jam
1867 1028 1881 1048 a

1098 1063 1154 1090 Deo
1168 1064 1304 1098 assumpti
1318 1069 1396 1097 snnt,
1416 1065 1464 1099 qui
1484 1065 1567 1092 etiam
1584 1073 1691 1100 semper
1704 1072 1833 1093 verentur
1849 1073 1883 1093 ne

1098 1110 1164 1143 quid
1175 1109 1227 1137 sibi
1243 1109 1314 1137 desit
1321 1118 1416 1137 eorum
1428 1119 1489 1146 quae
1500 1111 1578 1139 decet
1589 1119 1648 1140 esse
1667 1112 1694 1139 in
1719 1112 1762 1139 his
1776 1112 1823 1147 qui
1837 1119 1882 1139 vc-

1097 1155 1239 1182 hementer
1251 1161 1354 1182 amant.
1368 1155 1426 1183 Non
1437 1157 1534 1190 opinor
1546 1157 1723 1191 rejiciendnm
1735 1165 1796 1184 esse
1808 1158 1882 1192 quod

1097 1206 1111 1225 a
1128 1198 1231 1226 sanctis
1253 1201 1371 1233 separati
1405 1200 1462 1227 sint
1485 1200 1504 1227 ii
1531 1201 1578 1235 qui
1600 1201 1697 1229 timent
1712 1211 1719 1228 :
1734 1202 1812 1236 quasi
1834 1210 1882 1236 pu-

1096 1243 1150 1270 silli
1162 1242 1218 1270 sint
1229 1243 1276 1277 qui
1291 1251 1356 1271 vero
1372 1244 1470 1272 timore
1486 1247 1615 1272 tenentur
1626 1266 1632 1277 ,
1655 1247 1745 1280 magni
1757 1253 1821 1273 vero
1834 1247 1881 1281 qui

1097 1288 1367 1322 possuntgconﬁdere
1387 1289 1458 1316 sicut
1470 1289 1575 1316 dictum
1592 1295 1649 1323 cst,
1668 1297 1699 1317 ac
1717 1291 1881 1319 confidentia

1097 1333 1223 1360 timorem
1241 1334 1380 1360 comitari.
1396 1333 1526 1368 Utrisque
1548 1335 1630 1369 igitur
1645 1337 1773 1364 convenit
1799 1338 1882 1366 timor

1095 1378 1130 1405 ob
1145 1378 1351 1406 retributionem
1365 1387 1427 1414 qua:
1443 1380 1473 1407 ίίι
1494 1380 1571 1415 juxta
1589 1377 1699 1418 dignam
1713 1391 1807 1411 eorum
1822 1392 1883 1420 qua

1096 1422 1123 1450 in
1133 1423 1192 1451 rita
1221 1429 1331 1459 peracta
1368 1429 1434 1452 sunt
1463 1429 1710 1455 remunerationem
1738 1438 1744 1455 :
1775 1428 1882 1463 magnis

1095 1469 1218 1504 quidem,
1232 1469 1305 1505 quod
1319 1477 1372 1498 non
1394 1470 1462 1499 satis
1477 1472 1560 1500 ﬁdant
1573 1473 1625 1500 hoc
1639 1474 1728 1507 ipsum
1746 1473 1798 1501 sibi
1815 1481 1882 1501 con-

1096 1515 1200 1550 tingere
1223 1517 1327 1551 absqtte
1343 1517 1451 1545 defectu
1466 1527 1473 1545 :
1487 1518 1594 1553 pusillis
1607 1527 1671 1547 vero
1681 1539 1689 1552 ,
1708 1520 1781 1554 quod
1805 1524 1881 1548 certo

1096 1565 1207 1595 sperent
1216 1568 1246 1588 se
1254 1562 1401 1590 salvandos
1411 1563 1492 1590 etiam
1508 1563 1574 1590 dum
1587 1571 1682 1592 servos
1698 1564 1743 1592 Dei
1753 1566 1881 1600 gravibus

1096 1607 1252 1634 aﬂlixerunt
1285 1608 1383 1641 malis,
1425 1610 1533 1644 aliaque
1561 1610 1680 1638 absurda
1705 1615 1881 1645 patravcrunt

1094 1661 1191 1688 opera.
1199 1653 1299 1688 quibus
1305 1660 1524 1689 conspurcarunt
1536 1662 1756 1692 accorrupcrunt
1765 1662 1878 1685 terram.

1306 1712 1389 1747 75o
1410 1712 1526 1740 CAPUT
1542 1713 1665 1741 xxxnt.

1096 1779 1132 1806 De
1145 1779 1277 1814 prioribus
1303 1779 1425 1817 Ecclesia:
1447 1780 1683 1817 persecutionibus,
1703 1787 1727 1809 et
1755 1782 1787 1809 iis
1822 1790 1880 1817 qua

1328 1814 1376 1840 sub
1401 1815 1562 1841 Antichristo
1577 1815 1651 1849 ﬁent.

1128 1881 1173 1913 XI,
1196 1881 1236 1908 l9.
1254 1880 1286 1906 Et
1303 1884 1421 1914 apertum
1435 1885 1472 1906 est
1502 1880 1626 1914 leinplum
1642 1880 1690 1907 Dei
1714 1881 1741 1907 in
1767 1881 1841 1913 mlo,
1853 1886 1878 1907 et

1092 1927 1214 1962 apparuit
1227 1935 1291 1953 arca
1307 1925 1457 1952 testamenti
1486 1924 1591 1952 Domini
1609 1926 1635 1952 in
1661 1926 1754 1960 templu
1768 1935 1825 1953 suo.
1845 1926 1879 1953 Et

1092 1974 1165 2007 facta
1186 1977 1247 1999 sunt
1266 1972 1373 2006 fulgura
1400 1975 1426 1997 et
1447 1978 1518 1997 voces
1533 1977 1565 1996 ac
1590 1971 1708 1997 tonitrua
1736 1976 1760 1998 et
1777 1972 1878 2006 grando

1091 2027 1197 2053 magna.

1126 2064 1191 2092 Post
1205 2064 1355 2098 gratiarum
1369 2065 1504 2091 actionem
1534 2067 1561 2091 et
1581 2062 1696 2098 gloriam
1727 2061 1818 2088 datam
1842 2061 1877 2088 ab

1091 2110 1196 2144 angelis
1212 2114 1239 2137 et
1259 2110 1293 2136 iis
1307 2110 1353 2144 qui
1369 2109 1451 2136 vitam
1462 2110 1600 2136 duxerunt
1615 2107 1777 2142 angelicam,
1794 2114 1875 2140 aper-

1091 2162 1148 2184 tum
1169 2155 1253 2183 fuisse
1282 2155 1382 2183 caelum
1404 2155 1488 2187 dicit,
1505 2154 1647 2188 visamque
1671 2152 1757 2180 fuisse
1782 2159 1875 2179 arcam

1091 2201 1258 2233 testamenti,
1277 2201 1374 2228 coelum
1391 2208 1493 2228 vocans
1509 2199 1693 2234 cognitionem
1715 2197 1777 2232 plus
1792 2204 1874 2231 quam

255 2241 317 2260 σται
335 2243 344 2259 ι
366 2234 385 2261 ἂ
404 2235 541 2271 ὀφθαλμὸς
558 2238 609 2264 οὐκ
632 2236 697 2271 εἷδε,
722 2239 769 2266 καὶ
786 2239 832 2272 οὓς
853 2241 904 2268 οὐκ
929 2243 1040 2277 ἤκουσε,

1094 2245 1262 2278 humanam,
1289 2244 1314 2270 in
1348 2251 1403 2278 quo
1423 2244 1505 2271 etiam
1533 2242 1674 2270 recondita
1699 2246 1763 2269 sunt
1783 2250 1792 2266 ι
1814 2248 1875 2275 quae

255 2279 302 2306 καὶ
326 2281 371 2307 ἐπὶ
387 2282 500 2317 καρδίαν
515 2283 660 2319 ανθρώπου
677 2285 726 2312 οὐκ
742 2286 837 2322 ἀνέϐη,
856 2287 874 2314 ἆ
894 2289 1041 2324 ἡτοίμασεν

254 2325 268 2350 ὁ
287 2325 353 2356 Θεὸς
369 2327 423 2358 τοῖς
440 2327 583 2361 ἀγαπῶσιν
599 2330 690 2357 αὐτόν.
719 2340 728 2357 ι
759 2331 803 2358 Ἐν
825 2332 913 2368 τούτῳ
935 2334 974 2370 τῷ
990 2336 1040 2370 τῆς

254 2369 381 2403 γνώσεως
395 2372 502 2408 οὐρανῷ
534 2373 581 2400 καὶ
606 2375 622 2409 ὴ
641 2375 755 2408 κιϐωτὸς
774 2375 853 2411 ὤφθη
870 2378 920 2412 τῆς
943 2379 1037 2415 διαθή-

255 2423 315 2449 κης.
330 2416 362 2442 Τί
376 2417 404 2443 δὲ
415 2417 449 2444 δι’
463 2418 548 2453 αὐτῆς
559 2419 655 2454 δηλοῦν
667 2420 811 2456 ἐθελούσης
824 2423 872 2457 τῆς
887 2424 1018 2456 ὀπτασίας
1030 2433 1038 2457 ;

254 2461 291 2487 Τὸ
303 2461 354 2494 ὅτι,
370 2462 464 2498 ὥσπερ
478 2465 507 2490 ὲν
519 2464 617 2500 ἐκείνῳ
630 2465 717 2500 καιρῷ
730 2466 836 2502 εἴρηται
846 2469 960 2504 Μωῡσῇ,
970 2479 1040 2505 συμ-

255 2507 349 2534 ϐολικὰ
375 2508 461 2535 ταῦτα
490 2510 525 2536 τὰ
553 2512 783 2546 παραταττόμενα
805 2513 889 2548 αὐτῷ,
917 2515 974 2541 ἀλλ’
989 2515 1039 2542 οὐκ

253 2554 391 2587 ἐνεργείας
421 2555 537 2590 ἐχόμενα
561 2556 590 2590 (ι
609 2557 681 2592 Ὅρα
704 2558 775 2593 γὰρ,
803 2561 886 2594 φησὶ,
915 2562 1039 2596 ποιήσεις

253 2599 343 2626 πάντα
353 2601 424 2628 κατὰ
431 2602 477 2628 τὸν
487 2602 572 2629 τύπον
584 2603 628 2629 τὸν
640 2603 778 2639 δειχθέντα
791 2613 831 2631 σοι
844 2607 873 2632 ἐν
883 2605 921 2641 τῷ
933 2606 990 2641 ὄρει
1004 2608 1037 2643 ι)-

251 2644 322 2672 οὖτω
337 2645 383 2672 καὶ
399 2645 446 2672 νῦν
462 2647 550 2674 ταῦτα
563 2648 725 2681 είσηγεῖται,
742 2649 795 2675 τῶν
810 2651 956 2685 ὁρωμένων
972 2661 1039 2678 κατ-

251 2690 372 2726 αλλήλως
386 2691 426 2726 τῷ
439 2692 558 2728 οὐρανίῳ
578 2693 640 2728 ὕψει
668 2694 841 2729 μετεωρίζων
862 2696 912 2730 τὴν
926 2696 1037 2730 γνῶσιν,

253 2736 308 2763 Καὶ
330 2737 423 2773 ἐπειδὴ
448 2740 482 2774 τῇ
505 2732 640 2772 ὑποδείξει
661 2740 766 2776 Μωῡσῇ
783 2741 833 2774 τῆς
848 2741 966 2768 κιϐωτοῦ
988 2742 1038 2778 τῆς

251 2781 384 2818 διαθήκης
406 2784 551 2819 προτέλεια
565 2785 594 2812 αι
620 2786 761 2820 ἀστραπαὶ
774 2786 822 2813 καὶ
835 2787 947 2822 βρονταὶ
968 2788 1038 2816 κατὰ

287 2873 310 2889 ⁶¹⁵
326 2873 334 2900 Ι
349 2873 412 2902 Cor.
431 2881 462 2908 tt,
479 2875 505 2902 9.
543 2876 566 2892 "
581 2875 666 2905 Exod.
683 2885 751 2911 xxv,
777 2877 820 2905 40.

1091 2291 1187 2318 oculus
1202 2298 1255 2317 non
1270 2289 1347 2322 vidit,
1363 2297 1412 2317 nec
1425 2289 1501 2316 auris
1516 2288 1634 2320 audivit,
1652 2295 1702 2314 nec
1722 2287 1749 2314 in
1764 2294 1812 2314 cur
1827 2286 1877 2313 ho-

1092 2336 1172 2363 min's
1188 2335 1385 2365 ascenderunt,
1403 2341 1464 2368 quae
1478 2332 1642 2368 praeparavit
1668 2332 1740 2360 Deus
1760 2332 1876 2366 diligen-

1091 2381 1164 2409 tihus
1177 2389 1206 2409 se
1219 2382 1251 2407 °‘.
1273 2390 1282 2406 ι
1297 2380 1325 2407 in
1343 2381 1394 2407 hoc
1416 2379 1581 2414 cognitionis
1598 2378 1667 2406 cmlo
1685 2385 1748 2405 arca
1766 2386 1877 2413 quoque

1091 2426 1246 2454 testamenti
1265 2426 1323 2453 visa
1337 2429 1380 2452 est
1395 2434 1401 2451 :
1417 2424 1482 2459 quid
1497 2428 1588 2451 autem
1601 2424 1685 2451 voluit
1701 2431 1748 2458 per
1760 2423 1812 2450 hoc
1833 2424 1876 2449 vi-

1091 2472 1133 2500 sio
1143 2472 1200 2506 ipsa
1213 2470 1367 2506 signiﬁcare
1378 2471 1389 2497 ἶ)
1402 2466 1490 2503 Quod,
1500 2469 1731 2505 quemadmodum
1748 2469 1795 2495 illo
1807 2472 1875 2494 tem-

1090 2525 1157 2552 pore
1172 2518 1239 2545 Mosi
1253 2517 1356 2544 dictum
1376 2522 1434 2548 cst,
1451 2524 1482 2543 ea
1495 2523 1555 2551 quae
1581 2515 1631 2550 ipsi
1651 2515 1820 2549 jubebantur
1835 2514 1875 2541 si-

1090 2563 1244 2598 gnificativa
1270 2570 1341 2596 esse,
1366 2570 1416 2590 nec
1437 2560 1732 2589 vcritatis-eﬂicaciam
1759 2559 1873 2586 habere:

1093 2619 1103 2634 ι
1124 2608 1202 2640 Vide,
1218 2609 1320 2643 inquit,
1339 2608 1431 2635 omnia
1450 2607 1535 2635 facias
1549 2606 1626 2640 juxta
1652 2610 1746 2640 typum
1762 2605 1808 2638 qui
1825 2604 1873 2630 tibi

1089 2657 1215 2680 ostensus
1235 2657 1278 2680 est
1295 2653 1323 2679 in
1341 2651 1461 2679 monte"
1479 2659 1485 2677 :
1508 2660 1516 2676 ι
1535 2650 1572 2676 ita
1597 2656 1671 2676 nunc
1687 2655 1798 2682 (tuoque
1816 2648 1873 2674 haec

1088 2702 1270 2729 enarrantur,
1295 2695 1467 2725 convenienti
1492 2694 1574 2722 modo
1602 2693 1751 2720 auollcndo
1780 2692 1873 2726 cogni-

1087 2743 1190 2771 tionem
1202 2751 1297 2771 eorum
1322 2750 1383 2778 quae
1399 2741 1525 2769 videntur
1538 2740 1571 2767 ad
1594 2739 1732 2767 cmlestem
1748 2737 1874 2765 sublimi-

1088 2793 1183 2819 tatem.
1198 2789 1232 2817 Et
1246 2789 1376 2825 quoniam
1388 2788 1456 2817 dum
1473 2793 1538 2815 arca
1562 2783 1717 2813 testamenti
1739 2783 1807 2811 Mosi
1827 2782 1873 2811 dc-
