2095 3160
306 181 356 214 67!

343 239 373 266 In
391 235 551 273 praecedenti
563 233 666 262 visione
685 231 768 260 draco
782 231 861 260 rufus
874 232 900 259 in
924 232 995 260 cado
1018 232 1097 259 vidc-

308 290 362 317 lur.
380 290 453 311 nunc
471 288 562 309 autem
577 288 592 307 e
611 278 679 306 mari
709 278 871 306 ascendens.
891 278 979 306 Draco
1002 279 1097 314 itaque

307 339 322 358 a
339 329 409 358 calo
425 327 562 363 signiﬁcat
575 333 638 354 eum
652 326 697 360 qui
713 325 748 352 ab
764 325 843 351 initio
854 324 976 352 cecidita
991 324 1096 352 caelesti

307 375 404 411 gloria,
421 380 493 401 nunc
509 379 574 399 vero
584 371 712 399 eumdem
727 378 742 398 e
757 370 823 396 mari
840 369 908 397 dicit
935 369 1096 400 ascendere,

308 429 355 456 per
370 427 446 447 mare
459 417 615 446 instabilem
632 417 704 444 hanc
729 421 758 443 et
770 415 919 450 inquietam
949 415 1098 442 ostendens

306 467 390 494 vitam
412 473 451 494 :a
480 471 535 499 qua
562 464 645 491 etiam
680 463 766 490 bestia
794 461 928 492 ascendit.
955 461 1096 488 hominum

306 512 419 540 vitiosas
429 516 457 539 et
471 510 614 538 instabiles
631 509 659 536 in
675 509 755 536 bonis
772 508 896 535 actiones
908 506 1097 534 demonstran-

305 557 355 584 das
381 563 551 585 assumens:
573 555 647 590 quod
666 561 719 582 non
744 553 818 581 aliud
846 552 983 588 designat,
1013 560 1096 588 quam

307 603 380 636 quod
408 602 597 630 Antichristus
623 605 721 636 praater
746 600 866 635 primum
896 603 922 626 et
945 600 1096 627 secundum

308 648 436 675 Satanam
455 647 551 675 tertius
580 647 639 681 ipse
665 646 802 681 procedat.
824 645 912 674 Porro
943 646 1096 675 secundum

307 701 340 720 ac
354 693 487 725 taedium,
502 693 575 728 quod
588 698 614 720 et
630 699 705 720 nunc
720 692 754 718 ad
772 692 1012 726 contemplandum
1032 699 1097 726 pro-

307 740 428 774 ponitur,
445 744 564 775 potestas
575 739 699 775 quaedam
717 738 800 773 759
813 742 856 766 est
872 746 933 774 qua:
954 746 1007 766 una
1024 739 1096 771 Icum

308 789 431 820 apostata
454 786 554 813 Satana
581 785 690 817 cecidit,
723 785 770 812 illo
788 784 898 819 quidem
924 784 1025 816 minor,
1049 784 1097 812 sed

308 832 414 860 exteris
427 832 461 859 ad
477 831 631 859 nocendum
644 830 818 863 eminentior,
839 830 885 864 qui
899 834 941 857 est
956 829 1096 856 Antichri-

308 882 379 910 stus,
394 878 545 912 procedens
559 876 713 904 secundum
729 876 919 910 operationem
936 875 1055 909 Satanae,
1071 880 1099 904 et

307 930 401 949 carum
424 931 484 957 qua:
498 930 552 950 una
579 930 642 949 cum
661 922 708 949 illo
738 921 862 955 dejeetze,
882 923 958 956 prius
986 922 1097 956 quidem

306 968 435 1002 angelica:
463 973 610 1002 potestates
648 972 739 1001 erant.
767 967 941 1002 postmodum
969 975 1034 995 vero
1063 975 1098 995 ex

306 1021 435 1048 perversa
450 1014 589 1040 voluntate
614 1013 649 1040 ad
676 1013 833 1040 daemonum
861 1012 1008 1048 caliginem
1034 1016 1099 1040 sunt

308 1063 507 1088 transmutata.
525 1059 634 1086 Cornua
652 1067 718 1087 vero
747 1059 844 1086 decem
862 1058 1010 1094 designant
1029 1066 1098 1086 con-

308 1105 519 1132 summationem
541 1112 638 1132 eorum
662 1112 725 1139 qua;
752 1104 852 1138 juvant
885 1103 919 1131 ad
948 1104 1096 1136 malitiam,

307 1150 467 1184 contingere
495 1149 665 1176 Antichristo
681 1158 689 1176 :
717 1149 788 1176 inter
804 1157 865 1183 quae
880 1147 965 1183 gloria
988 1155 1099 1182 quoque

308 1195 398 1229 ipsum
427 1195 587 1226 comitatur,
602 1193 734 1228 quoniam
755 1201 841 1221 cornu
872 1194 986 1229 gloriam
1010 1194 1098 1229 signi-

309 1240 394 1268 ﬁcare
408 1241 487 1268 solet.
506 1241 559 1268 Sed
574 1245 603 1268 et
611 1241 645 1268 de
667 1241 708 1267 his
725 1241 854 1269 dixerunt
874 1241 987 1276 quidam
1005 1243 1032 1267 in
1052 1241 1099 1268 de-

308 1293 368 1313 cem
398 1294 480 1322 regna
508 1286 626 1314 divisum
654 1290 720 1314 tunc
757 1287 790 1314 iri
813 1286 957 1314 mundum.
988 1286 1097 1321 Septena

310 1336 400 1359 autem
414 1332 513 1367 capita,
534 1340 568 1360 eo
586 1332 658 1367 quod
672 1340 755 1368 regna
782 1333 808 1360 in
827 1333 879 1360 hoc
897 1332 1000 1360 mundo
1026 1340 1095 1359 con-

310 1377 432 1413 tingant,
457 1378 506 1413 qui
536 1385 597 1406 cum
628 1378 784 1413 septenario
800 1379 923 1412 jnumero
949 1377 1096 1413 quamdam

310 1423 392 1452 habet
414 1425 617 1459 cognationem,
638 1429 668 1452 ut
680 1425 727 1460 qui
744 1425 826 1452 simul
848 1425 1016 1452 dissolvatur
1034 1433 1097 1453 cum

309 1470 431 1497 sensibili
446 1475 474 1498 et
485 1471 588 1498 carnali
601 1471 665 1503 vita,
678 1479 740 1498 cum
758 1475 850 1498 autent
863 1472 988 1499 exoritur
1008 1472 1099 1499 incor-

310 1516 448 1551 ruptibilis
475 1521 502 1544 et
535 1522 666 1552 perpetua
693 1517 760 1549 vita,
784 1522 850 1544 tunc
869 1517 950 1544 etiam
984 1525 1097 1553 regnum

309 1566 350 1589 est
361 1566 521 1597 perpetuum
535 1567 563 1590 et
576 1562 751 1590 successione
764 1570 873 1590 carens.

346 1606 382 1634 Et
398 1608 481 1635 bestia
499 1616 579 1643 quant
595 1609 648 1635 uidi
666 1609 766 1636 similia
781 1614 837 1635 erat
855 1608 951 1643 perdo.
969 1608 1056 1635 Simul
1071 1608 1097 1635 in

310 1651 463 1686 principatu
483 1652 662 1687 blasphemia:
675 1653 759 1680 alium
773 1653 851 1687 sequi
868 1653 1017 1688 signiﬁcal,
1046 1652 1099 1680 hoc

309 1702 361 1728 est,
379 1697 590 1725 Antichristum.
610 1699 670 1734 ipse
680 1699 753 1726 enim
771 1699 824 1725 erit
841 1699 1039 1731 Antichristus,
1050 1698 1098 1733 qui

311 1743 386 1771 visus
397 1744 432 1770 ab
448 1745 563 1772 exordio
575 1744 676 1772 Graecis
694 1744 873 1779 principibus,
886 1749 914 1771 et
930 1751 996 1772 sane
1015 1744 1098 1772 etiam

312 1789 354 1815 his
370 1787 416 1821 qui
433 1793 495 1822 post
521 1788 730 1816 Constantinum
757 1788 885 1824 Magnum
905 1788 982 1816 fuere
1002 1798 1009 1816 :
1028 1789 1098 1816 inler

313 1840 384 1867 quos
400 1832 528 1860 Julianus
543 1839 570 1861 et
593 1833 701 1865 Valens.
717 1834 820 1868 quique
840 1838 903 1868 post
930 1842 991 1861 eum
1010 1835 1098 1862 secuti

313 1882 379 1906 sunt
395 1878 515 1906 haeretici
537 1879 738 1914 imperatores:
760 1884 826 1906 tunc
847 1883 874 1906 et
896 1878 954 1914 ipse
977 1880 1101 1913 insurget

311 1923 400 1952 diviso
415 1924 497 1958 paulo
513 1929 577 1952 ante
591 1925 678 1959 ipsius
694 1925 840 1953 adventum
865 1924 990 1952 Romano
1011 1926 1099 1961 impe-

311 1970 354 1997 rio
369 1970 398 1997 in
415 1971 510 1998 decem
524 1971 707 2005 principatus.
724 1970 769 1998 ubi
782 1971 838 2006 jam
862 1971 1022 1998 innumeras
1038 1979 1100 2005 per-

311 2016 404 2044 tulerit
434 2015 502 2044 ﬂdes
527 2015 685 2044 Christiana
715 2016 912 2052 blasphemias.
927 2016 965 2044 De
984 2024 1099 2044 numero

310 2066 402 2089 autem
430 2061 522 2090 decum
554 2069 585 2090 ac
606 2066 710 2097 septem
735 2062 792 2097 jam
804 2062 908 2090 dictum
939 2066 991 2090 est.
1014 2062 1099 2090 Porro

309 2107 400 2143 qualis
416 2107 451 2135 sit
475 2107 577 2140 bestia,
593 2108 693 2136 similis
709 2113 762 2140 est,
777 2108 876 2143 inquit,
898 2109 994 2143 pardo.
1017 2108 1099 2143 pedes

310 2153 415 2181 habens
433 2153 500 2185 ursi.
516 2161 544 2181 et
559 2161 592 2181 os
620 2158 751 2189 tanquam
772 2154 860 2182 leonis
876 2161 883 2180 :
908 2161 956 2189 per
982 2154 1097 2188 pardum

310 2198 421 2233 quidem
439 2198 586 2234 designans
603 2198 757 2226 Romanum
772 2199 919 2234 imperium
937 2199 1010 2234 quod
1028 2199 1099 2227 cele-

729 174 893 205 ARETHIE
914 175 1104 206 CESAREE
1123 176 1363 206 CAPPADOCLE
1382 176 1553 207 EPISCOPI

1112 236 1134 264 Δ

1114 912 1136 940 Β

1884 178 1938 211 672

1193 233 1236 260 Ἐν
1249 234 1298 268 μὲν
1310 235 1343 269 τῇ
1360 234 1414 269 πρὸ
1429 233 1532 269 ταύτης
1544 233 1657 270 Θεωρία,
1669 234 1778 270 δράκων
1790 236 1894 272 πυῤῥὸς
1908 238 1936 263 ἐν

1149 280 1189 315 τῷ
1211 279 1319 316 οὐρανῷ
1342 281 1451 316 ὁρᾶται,
1476 279 1524 307 νῦν
1539 281 1567 308 δὲ
1586 281 1620 307 ὲκ
1634 281 1684 316 τῆς
1709 282 1846 318 θαλάσσης
1869 283 1937 310 ἀνα-

1150 324 1261 352 ϐαίνων.
1292 325 1322 352 '0
1347 325 1396 360 μὲν
1411 325 1458 352 οὖν
1479 325 1527 351 ἀπ’
1544 326 1660 362 οὐρανοῦ
1675 327 1794 362 δράκων,
1811 327 1858 354 τὸν
1876 329 1936 356 κατ’

1149 370 1238 404 ἀρχὰς
1253 371 1302 406 τῆς
1316 370 1443 405 οὐρανίου
1467 370 1547 406 δόξης
1574 372 1783 399 ὲκπεπτωκότα⁷
1797 373 1936 408 σημαίνει.

1155 415 1186 442 '0
1201 414 1247 441 νῦν
1262 415 1290 442 δὲ
1307 415 1400 448 πάλιν,
1426 415 1472 442 τὸν
1486 416 1568 443 αὐτὸν
1589 417 1622 443 ἐκ
1632 418 1683 452 τῆς
1711 417 1848 454 θαλάσσης
1870 419 1936 446 ἁνα‹

1151 460 1288 492 δαίνοντα,
1302 461 1442 488 θάλασσαν
1452 461 1497 489 τὸν
1508 462 1623 490 ἄστατον
1635 462 1730 490 τοῦτον
1741 466 1787 490 καὶ
1801 464 1938 500 ἀτάραχον

1151 505 1294 540 παριστῶν
1310 505 1378 541 βίον,
1395 505 1442 540 ἀφ’
1457 503 1492 542 ἦς
1505 506 1553 533 καὶ
1565 507 1709 534 ἀναῦαίνει
1723 508 1753 535 τὸ
1769 509 1875 544 Θηρίον,
1887 509 1937 541 τὰς

1149 551 1204 578 τῶν
1230 551 1382 586 ἀνθρώπων
1408 552 1465 587 (56)
1482 553 1653 588 πλημμιλείς
1681 554 1729 581 καὶ
1755 554 1937 590 ἀστηρίκτους

1151 598 1197 624 ἰπὶ
1213 598 1268 629 τοῖς
1290 597 1401 631 ἀγαθοῖς
1416 597 1530 634 πρὰξῑις
1552 598 1642 626 λαϐὼν
1667 601 1708 631 είς
1723 601 1885 636 ἐμφάνειαν.
1903 601 1938 628 ‘0

1150 644 1200 671 οὐκ
1212 643 1286 676 ἄλλο,
1299 643 1315 678 ἢ
1327 644 1342 670 ό
1355 644 1539 679 ’Λντίχριστος
1550 645 1642 681 ἐπὶτῷ
1652 645 1753 681 πρώτῳ
1763 647 1808 673 καὶ
1819 647 1938 681 δευτέρῳ
1976 644 1978 647 ’

1151 689 1269 725 Σατανᾷ.
1295 690 1386 723 τρίτος
1410 690 1490 722 αὐτὸς
1514 691 1630 725 προϊών.
1646 691 1683 718 Τὸ
1701 692 1828 728 δεύτερον
1845 693 1873 719 δὲ
1890 693 1937 720 καὶ

1153 734 1247 770 μέσον,
1264 734 1278 760 ὃ
1290 734 1339 761 καὶ
1352 734 1400 761 νῦν
1414 735 1560 770 πρόκειται
1572 735 1612 767 είς
1623 735 1751 771 θεωρίαν,
1766 736 1881 771 δύναμίς
1896 745 1937 767 τις

1150 782 1289 816 τυγχάνει,
1309 780 1349 815 τῷ
1377 781 1519 818 ἀποστάτῃ
1542 781 1649 817 Σατανᾷ
1679 784 1935 814 συνεκπεπτωκυῖα,

1151 827 1256 854 ἐκείνου
1277 826 1327 861 μὲν
1340 824 1433 862 ἦττον,
1450 827 1504 854 τῶν
1520 827 1549 854 δὲ
1565 827 1667 855 λοιπῶν
1680 829 1720 860 είς
1739 828 1837 855 κακίαν
1852 828 1937 863 προῦ-

1151 879 1248 906 χουσα.
1263 871 1313 902 Ὃς
1337 871 1411 898 ἐστιν
1425 872 1440 898 ό
1464 872 1657 907 ’Δντίχριστος,
1677 873 1692 898 ὸ
1711 873 1770 900 κατ’
1797 873 1938 908 ἐνέργειαν

1149 917 1197 944 τοῦ
1227 918 1336 944 Σατανᾶ
1365 918 1413 944 καὶ
1444 918 1500 945 τῶν
1526 919 1827 955 συγκαταθεϐλημένων
1851 919 1936 954 αὐτῷ,

1149 963 1305 998 ἀγγελικῶν
1332 963 1382 998 μὲν
1408 963 1439 990 τὸ
1469 964 1534 999 πρὶν
1572 965 1756 1000 ὑπαρχουσῶν
1784 966 1936 1000 δυναμεων,

1150 1008 1264 1044 ὕστερον
1294 1009 1334 1040 δὲ,
1353 1010 1385 1036 ἐκ
1408 1009 1627 1046 διαϐεϐλημένης
1654 1011 1850 1046 προαιρέσεως,
1870 1011 1936 1045 πρὸς

1149 1054 1199 1090 τὴν
1217 1055 1271 1081 τῶν
1296 1055 1433 1089 δαιμόνων
1462 1056 1772 1090 μετασχηματισθεισῶν
1806 1057 1936 1090 ζόφωσιν.

1148 1100 1191 1127 Τὰ
1208 1100 1311 1135 κέρατα
1334 1101 1362 1127 δὲ
1377 1101 1412 1127 τὰ
1428 1101 1495 1129 δέκα
1522 1101 1553 1128 τὸ
1576 1101 1679 1129 τέλειον
1703 1101 1757 1129 τῶν
1774 1103 1813 1134 εἰς
1837 1102 1937 1129 κακίαν

1150 1145 1348 1175 συντελούντων
1364 1149 1504 1183 προσεῖναι
1524 1148 1563 1182 τῷ
1585 1148 1762 1183 ’Δντιχρίστῳ
1775 1147 1937 1183 παραδηλοῖ,

1149 1195 1179 1227 ἐξ
1193 1191 1231 1221 ὧν
1246 1194 1293 1221 καὶ
1318 1193 1381 1226 δόξα
1404 1194 1480 1229 αὐτῷ
1497 1195 1682 1229 παρομαρτεῖ,
1715 1194 1783 1220 διότι
1805 1194 1836 1220 το
1853 1194 1937 1228 κέρας

1149 1243 1199 1277 τὴν
1233 1241 1312 1274 δόξαν
1331 1241 1392 1273 ἔθος
1411 1241 1565 1276 σημαίνειν.
1597 1241 1679 1267 Ἀλλὰ
1703 1242 1750 1267 καὶ
1772 1242 1805 1267 ὲκ
1834 1240 1937 1266 τούτων

1149 1289 1222 1321 τινὲς
1239 1290 1385 1324 εἰρήκασιν
1400 1289 1440 1319 είς
1461 1288 1527 1315 δέκα
1552 1287 1613 1314 τότε
1637 1287 1776 1322 βασιλείας
1792 1287 1936 1322 διῃρῆσθαι

1149 1336 1199 1371 τὴν
1218 1335 1392 1370 οἰκουμένην.
1410 1334 1465 1366 Τὰς
1481 1334 1510 1361 δὲ
1527 1334 1598 1360 ἑτι-τὰ
1612 1333 1744 1368 κεφαλὰς,
1764 1333 1803 1367 τῷ
1818 1333 1867 1364 τὰς
1885 1333 1935 1367 βα-

1150 1381 1254 1412 σιλείας
1264 1382 1293 1407 ὲν
1302 1380 1370 1415 τῷδε
1379 1379 1418 1415 τῷ
1427 1388 1459 1406 συ
1465 1380 1562 1414 στοίχῳ
1570 1379 1616 1406 τοῦ
1627 1378 1808 1414 ὲδδοματικοῦ
1817 1378 1935 1413 ἀριθμοῦ

1149 1427 1245 1462 κόσμῳ
1260 1426 1392 1462 ὑπάρξαι,
1420 1426 1666 1461 συγκαταλυομένῳ
1689 1426 1726 1457 ὡς
1753 1425 1875 1460 αίσθητῷ
1901 1426 1935 1459 τῇ

1150 1472 1221 1499 κατὰ
1242 1472 1333 1507 σάρκα
1357 1471 1461 1506 βιώσει,
1484 1471 1674 1502 ἀνατέλλοντος
1688 1470 1718 1497 δὲ
1733 1470 1780 1497 τοῦ
1794 1470 1934 1505 ἀφθάρτου

1149 1526 1180 1544 τε
1195 1517 1242 1544 καὶ
1252 1517 1460 1549 διαιωνιζοντος.
1477 1517 1506 1542 ὲν
1529 1513 1551 1551 ᾧ
1567 1517 1614 1544 καὶ
1635 1517 1651 1548 ὴ
1669 1515 1794 1551 βασιλεία
1817 1514 1936 1542 διαιωνί-

1151 1562 1238 1595 ζουσὰ
1253 1570 1283 1589 τε
1298 1562 1347 1588 καὶ
1363 1561 1514 1596 ἀδιάδοχος.

1187 1608 1241 1636 Καὶ
1267 1608 1300 1635 τὸ
1316 1608 1420 1641 θηρίον
1446 1607 1462 1634 ὓ
1478 1605 1560 1634 εἶδον
1584 1605 1625 1641 ἦν
1649 1607 1753 1641 ὅμοιον
1777 1605 1933 1640 παρδάλει.

1151 1654 1229 1689 Ἅμα
1241 1655 1275 1689 τῇ
1292 1654 1364 1689 ἀρχῇ
1383 1654 1431 1688 τῆς
1450 1652 1624 1688 βλασφημίας
1639 1653 1720 1680 ἄλλον
1742 1653 1857 1679 ἕπεσθαι
1881 1660 1936 1678 παο

1151 1699 1273 1734 ραδηλοῖ,
1290 1699 1424 1731 τουτέστι,
1440 1699 1486 1725 τὸν
1504 1698 1702 1733 ’Δντίχριστον.
1718 1698 1804 1729 Αὐτὸς
1818 1698 1846 1724 δὲ
1859 1697 1935 1724 lora:

1150 1748 1165 1773 ὁ
1189 1747 1373 1782 ’Λντίχριστος
1387 1748 1401 1773 ό
1413 1747 1568 1781 προοιμίοις
1579 1746 1752 1781 χρησάμενος
1766 1746 1823 1776 τοῖς
1845 1744 1937 1779 Ἐλλη-

1151 1794 1270 1825 νίζουσιν
1294 1793 1435 1828 ἄρχουσιν,
1456 1793 1504 1819 καὶ
1518 1793 1550 1828 δὴ
1565 1793 1612 1818 καὶ
1625 1793 1681 1823 τοῖς
1699 1791 1768 1826 μετὰ
1792 1792 1937 1818 Κωνστιν-

1149 1839 1223 1865 τίνον
1239 1838 1284 1865 τὸν
1312 1837 1410 1872 μέγαν,
1433 1835 1470 1864 ὧν
1492 1838 1564 1864 ἐστιν
1590 1837 1732 1867 Ἰουλιανὸς
1756 1836 1804 1863 καὶ
1818 1836 1936 1868 Οὐάλης,

1153 1884 1201 1911 καὶ
1216 1885 1242 1911 οι
1266 1883 1328 1911 καθ’
1351 1883 1416 1918 ἑξῆς
1434 1883 1618 1919 αίρετίζοντες
1644 1883 1773 1918 βασιλεῖς.
1794 1882 1861 1908 Τότε
1891 1882 1938 1907 καὶ

1150 1931 1231 1963 αὐτὸς
1245 1932 1437 1965 ἐπιστήσεται,
1447 1931 1488 1961 είς
1500 1930 1566 1957 δέκα
1589 1929 1643 1965 πρὸ
1671 1929 1771 1965 μικροῦ
1788 1929 1837 1963 τῆς
1853 1928 1936 1955 αὐτοῦ

1150 1976 1268 2011 ἀφίξεως
1281 1976 1460 2011 μερισοείσης
1471 1976 1522 2010 τῆς
1540 1975 1697 2010 Ῥωμαῖκῆς
1711 1974 1810 2009 ἀρχῆς,
1822 1973 1938 2008 ἀρκούν-

1149 2031 1204 2054 τως
1233 2021 1534 2057 μεταϐεὸλασφημένης
1556 2020 1607 2055 τῆς
1631 2020 1686 2046 τῶν
1703 2019 1874 2055 Χριστιανῶν
1892 2018 1936 2044 πί-

1151 2076 1248 2098 στεως.
1267 2067 1333 2103 Περὶ
1358 2066 1406 2094 τοῦ
1430 2066 1548 2102 ἀριθμοῦ
1573 2066 1602 2092 δὲ
1628 2065 1675 2092 τοῦ
1699 2065 1766 2091 δέκα
1790 2064 1839 2092 καὶ
1867 2063 1939 2090 ἑπτὰ

1150 2114 1269 2149 εἴρηται.
1292 2113 1400 2139 ὐποῐον
1415 2112 1444 2139 δὲ
1459 2112 1489 2138 τὸ
1505 2111 1609 2147 θηρίον,
1634 2111 1726 2146 ὅμοιόν
1741 2119 1808 2145 φησι
1832 2108 1938 2144 παρδά-

1149 2158 1230 2190 λεως,
1245 2158 1291 2184 καὶ
1302 2158 1327 2184 οἱ
1343 2158 1423 2188 πόδες
1439 2158 1553 2192 ἄρκτου,
1565 2156 1654 2183 καὶτὸ
1669 2155 1756 2190 στόμα
1768 2155 1806 2186 ὡς
1819 2154 1937 2185 λέοντος,

1149 2203 1194 2231 διὰ
1221 2204 1270 2239 μὲν
1294 2203 1343 2238 τῆς
1370 2203 1530 2238 παρδάλεως
1545 2203 1596 2238 τὴν
1626 2202 1768 2237 Ῥωμαίων
1796 2200 1938 2236 σημαίνων

309 2245 377 2272 riter
404 2245 570 2279 processerit
595 2245 729 2273 adversus
760 2253 940 2280 quoscunque
965 2245 1096 2280 impetum

1154 2249 1252 2285 ἀρχὴν,
1278 2249 1316 2281 ώς
1330 2250 1479 2284 ταχυεργῆ,
1503 2249 1565 2276 καθ’
1588 2244 1626 2275 ὧν
1643 2247 1677 2275 ἂν
1697 2247 1747 2282 τὴν
1763 2246 1851 2282 ὁρμὴν
1874 2247 1937 2280 σχῇ,

310 2290 406 2317 habuit
422 2294 449 2317 ct
470 2291 614 2322 violenter,
630 2290 892 2326 donec'pertingeret
899 2291 933 2318 ad
945 2291 1026 2318 linem
1041 2291 1101 2326 ejus

1152 2296 1199 2323 καὶ
1224 2295 1395 2331 καρτερικὴν
1421 2295 1517 2330 μέχρις
1533 2294 1566 2320 ἂν
1583 2293 1650 2329 πρὸς
1666 2293 1742 2323 τέλος
1761 2292 1807 2318 τοῦ
1822 2291 1939 2326 ἐνάρξα-

311 2335 383 2369 quod
399 2335 578 2363 inchoaverat
597 2345 605 2363 :
620 2338 692 2371 quod
704 2337 786 2364 etiam
802 2336 939 2372 signiﬁcat
953 2344 1002 2372 per
1017 2337 1100 2372 pedes

311 2381 380 2408 ursi.
402 2381 569 2409 Referuutur
594 2387 685 2410 autem
713 2388 742 2410 et
753 2382 811 2410 lure
841 2383 875 2410 ad
892 2382 1038 2410 Persarum
1057 2391 1100 2410 re-

311 2435 407 2462 gnum.
431 2427 566 2457 Caeterum
583 2436 632 2463 per
646 2436 678 2456 os
695 2428 855 2464 designatur
877 2436 991 2463 regnum
1010 2427 1101 2464 Baby-

312 2472 462 2506 loniorum,
486 2474 531 2501 cui
548 2474 673 2502 succedit
691 2475 803 2502 iudubie
826 2482 940 2510 regnum
965 2473 1096 2502 Sarrace-

311 2527 419 2552 norum,
436 2527 469 2548 eo
483 2521 556 2556 quod
572 2529 646 2549 nunc
657 2529 767 2557 quoque
782 2521 808 2549 in
825 2521 963 2557 Babylone
977 2521 1013 2548 sit
1024 2520 1099 2555 regia

311 2563 432 2597 illorum,
447 2566 548 2600 quibus
560 2567 747 2595 dominabitur
760 2567 948 2595 Anticltristus
968 2571 1098 2602 tanquam

311 2611 460 2645 imperator
472 2611 671 2641 Romanorum.

348 2655 384 2683 Et
401 2657 473 2684 dedit
488 2658 531 2685 illi
547 2659 628 2686 draco
643 2660 769 2687 virtutem
782 2668 871 2687 auaui.
885 2659 964 2688 Dabit
981 2669 1101 2698 namque

313 2701 431 2731 Satanas
447 2704 598 2739 spiritualis
616 2706 699 2734 draco
722 2705 892 2734 Antichristo
907 2714 1016 2734 omnem
1044 2716 1100 2742 po—

313 2750 440 2775 testatem
456 2749 489 2776 ad
504 2750 689 2779 seducendum
708 2751 842 2779 duntaxat
856 2752 1034 2785 inﬁrmiores,
1051 2761 1100 2788 per

315 2791 394 2826 signa
414 2798 441 2820 et
454 2794 578 2829 prodigia
596 2795 749 2825 mendacia.
767 2795 840 2830 Quid
854 2799 946 2825 aulcm
965 2803 1014 2832 per
1025 2795 1101 2825 thro-

354 2883 408 2918 (36)
422 2884 510 2914 ἄλλων
524 2887 569 2915 ed.

1151 2342 1213 2369 σθαι
1227 2342 1328 2378 φθάσῃ,
1343 2342 1358 2368 ὃ
1376 2342 1421 2368 καὶ
1435 2341 1481 2367 διὰ
1497 2341 1553 2367 τῶν
1567 2340 1618 2371 τῆς
1632 2340 1734 2374 ἄρκτου
1750 2338 1838 2365 ποδῶν
1853 2337 1937 2372 δηλοῖ.

1156 2388 1352 2422 ’Λναφὲρονται
1364 2387 1393 2414 δὲ
1409 2387 1456 2413 καὶ
1469 2387 1509 2418 εἰς
1520 2387 1571 2421 τὴν
1586 2385 1698 2420 Περσῶν
1714 2384 1865 2418 βασιλείαν.
1889 2382 1939 2409 Διὰ.

1149 2432 1177 2458 δὲ
1189 2432 1236 2458 τοῦ
1252 2432 1385 2467 στόματος
1401 2433 1418 2467 ἡ
1439 2431 1631 2462 Βαϐυλωνίων,
1647 2430 1680 2465 ἢν
1696 2431 1728 2457 ἂν
1742 2438 1784 2462 τις
1801 2428 1940 2463 ἀπαραλο-

1150 2479 1252 2513 γὶστως
1275 2479 1326 2513 τὴν
1351 2478 1406 2504 τῶν
1432 2477 1620 2513 Σαρῤακηνῶν
1647 2476 1794 2510 ἐκδέξεται,
1821 2473 1882 2502 καθ’
1897 2474 1940 2500 ὅτι

1153 2526 1200 2550 καὶ
1217 2525 1245 2550 ὲν
1260 2523 1402 2551 Βαϐυλῶνι
1415 2523 1464 2550 νῦν
1479 2525 1539 2550 ἔστι
1556 2523 1586 2550 τδ
1599 2523 1708 2558 ἀρχεῖον
1720 2521 1820 2553 αὐτῶν,
1830 2517 1866 2547 ὧν
1879 2519 1912 2555 δὴ
1926 2520 1941 2546 ό

1158 2570 1341 2605 Ἀντίχριστος
1353 2570 1391 2601 ὡς
1412 2569 1557 2604 Ῥωμαίων
1570 2568 1697 2603 βασιλεὺς
1709 2567 1853 2602 κρατήσει.

1188 2658 1242 2685 Καί
1262 2657 1374 2684 ἔδωκεν
1387 2657 1481 2690 ῖαὺτῷ
1500 2659 1517 2684 ό
1531 2657 1648 2691 δράκων
1662 2656 1719 2690 τὴν
1736 2656 1864 2690 δύναμιν
1885 2656 1940 2682 αὺ-

1151 2704 1214 2732 τοῦ.
1233 2704 1317 2731 Δὼσει
1334 2705 1388 2739 γὰρ
1402 2704 1441 2738 τῷ
1449 2703 1626 2738 ’Δντιχρίστῳ
1636 2704 1650 2729 ό
1666 2703 1800 2734 Σατανᾶς,
1818 2702 1833 2728 ό
1843 2702 1940 2736 νοητὸς

1151 2751 1272 2784 δράκων,
1291 2751 1382 2778 πᾶσαν
1406 2749 1532 2783 ἐξουσίαν
1558 2750 1588 2775 ὲν
1615 2749 1739 2784 σημείοις
1766 2748 1813 2774 καὶ
1844 2747 1942 2782 τέρασι

1152 2795 1274 2832 ψευδέσι,
1291 2795 1359 2832 πρὸς
1374 2795 1512 2830 ἐξαπάτην
1528 2795 1604 2830 ὅμως
1618 2794 1672 2822 τῶν
1688 2793 1873 2829 ἁστηρίκτων.
1888 2791 1942 2818 Τὸν
