2095 3160
278 169 332 202 6'19

282 275 322 302 los
338 273 508 304 fascinando,
536 272 591 298 haec
619 270 702 298 faciet
722 269 883 297 Antichristi
908 275 1074 302 prmcursor,

283 322 313 346 ut
328 318 502 346 existimetur
524 316 711 344 Antichristus
730 322 791 343 esse
816 313 954 347 Christus,
972 319 1002 341 ut
1028 313 1075 348 qui

283 372 297 391 a
310 363 356 391 Iali
370 362 566 390 miraculorum
590 366 729 396 patratore
745 361 934 388 testimonium
960 360 1077 395 accipiat

283 414 310 436 et
325 413 427 436 certam
442 408 569 442 gloriam,
596 407 679 443 764
706 407 740 435 ad
759 406 941 434 imitationem
960 405 1077 434 Joannis

283 455 420 490 Baptistae,
433 454 480 489 qui
495 454 529 481 dc
546 453 657 482 Christo
672 445 816 482 Salvatore
834 453 939 482 ferebat
954 454 1078 482 testimo-

282 502 370 532 nium,
388 504 416 527 ct
439 500 527 535 ipsum
544 500 727 535 pra-cedebat.

317 585 390 618 XIII,
404 586 498 612 14-17.
516 585 610 612 Dicens
621 586 800 613 habitantibus
815 586 840 613 in
854 591 925 614 terra
937 592 963 614 ut
976 587 1078 622 faciant

283 631 426 666 imaginem
443 632 532 658 bestiw
544 639 601 666 quw
609 631 700 658 habuit
710 632 816 666 plagam
827 637 851 659 et
866 633 932 659 vixit
946 642 962 659 a
977 633 1079 668 gladio.

287 677 319 703 Iit
333 678 425 703 datum
441 682 478 704 est
499 677 550 712 ipsi
565 685 592 704 ut
609 671 734 711 spiritum
755 679 831 705 (taret
844 678 957 713 imagini
979 679 1078 712 bestiae,

284 729 313 749 ut
325 723 405 749 etiam
421 723 545 757 loquatur
564 723 651 757 imago
676 722 764 749 bestia:
783 730 793 749 :
806 727 830 749 et
857 723 940 757 faciat
965 728 993 750 ut
1021 724 1081 759 qui-

286 777 386 804 cunque
402 777 452 796 non
465 769 635 796 adoraverint
654 770 795 804 imaginem
809 769 899 796 bestite
913 769 1078 798 occidantur.

287 816 319 841 Et
334 815 399 849 facit
414 823 502 841 omnes
519 822 612 849 paruos
626 819 651 841 et
662 823 781 849 magnos,
792 819 816 841 et
828 815 920 842 divites
935 823 967 842 ac
980 824 1081 850 paupe-

286 869 338 893 res,
351 866 375 887 et
390 860 485 887 liberos
497 868 528 887 ac
543 868 641 893 serves,
658 865 686 887 ut
701 860 764 888 dent
789 861 854 895 ipsis
873 861 1039 889 characteres
1052 863 1081 889 in

699 164 864 196 ARETH/E
883 162 1072 194 CrESARE/E
1094 162 1337 194 CAPPADOCIIE
1357 162 1531 193 EPISCOPI

318 227 348 254 lu
364 231 503 262 conspt-rtu
516 225 660 253 hominum.
686 223 863 256 lntuentium,
888 222 989 257 inquit,
1007 229 1073 248 ocu-
1089 227 1111 256 Α

1864 161 1918 194 680

1167 222 1312 249 Ἐνώπιον
1325 221 1384 248 τῶν
1400 220 1574 255 ἀνθρώπων.
1595 219 1726 246 κλέπτων
1742 217 1807 250 τοὺς
1817 217 1919 252 ὁφοαὶ-

1129 270 1196 304 μοίις
1212 268 1266 295 τῶν
1282 268 1420 304 ὁρώντων,
1438 267 1525 294 ταῦτα
1537 265 1647 302 πράξει,
1661 267 1756 300 φησὶν,
1769 265 1782 291 ὁ
1794 265 1840 291 τοὺ
1861 265 1920 291 Ἂν.-

1127 315 1267 351 τιχρίστου
1277 314 1431 350 πρόδρομος
1446 313 1490 340 διὰ
1505 312 1646 347 γοητείας,
1663 311 1731 345 πρὸς
1745 310 1775 337 τὸ
1789 310 1920 345 νομισοῆ-

1127 369 1171 387 vat
1191 360 1238 387 τὸν
1269 360 1455 395 Ἄντίχριστον
1484 358 1614 394 Χριστὸν,
1642 357 1680 389 ὡς
1710 356 1763 383 ὑπὸ
1797 355 1920 383 τίιούτιυ

1127 414 1157 432 τε
1161 413 1241 442 ρατου
1245 404 1313 441 ργοῧ
1351 413 1442 440 μαρτυ
1447 403 1493 440 ροιὶ
1499 412 1580 439 μενον
1605 403 1652 429 καὶ
1676 403 1727 428 ἀνα
1732 411 1770 436 μφ
1775 402 1921 436 ισὸήτητον

1128 450 1177 485 τὴν
1201 449 1282 483 δόξαν
1310 449 1496 484 λαμϐάνοντα,
1513 447 1584 476 κατὰ
1614 448 1732 483 μίμησιν
1749 446 1797 474 τοῦ
1815 447 1920 473 Βαῖτι-

1129 496 1195 523 στοῦ
1220 496 1357 529 Ἰωάννου,
1378 496 1489 531 Χριστῷ
1502 493 1706 531 μαρτυροῦντος
1725 492 1764 528 τῷ
1784 493 1921 528 σωτηρὲῳ,

1129 543 1177 570 καὶ
1194 542 1291 570 τούτου
1311 542 1493 578 προάγοντος.

1166 588 1268 623 Λέγων
1285 588 1348 622 τοῖς
1367 587 1566 616 κατοικοῦσιν
1585 586 1635 614 ἐπὶ
1650 586 1704 620 τῆς
1723 585 1780 621 τῆς
1796 586 1921 620 ποιῆσαι

1130 635 1232 662 εἰκόνα
1248 635 1289 668 τῷ
1301 635 1392 669 θηρίῳ
1411 634 1427 662 ὃ
1446 633 1510 669 εἶχε
1526 633 1648 669 πληγὴν
1669 633 1719 660 καὶ
1734 633 1840 667 ἔζησεν
1861 632 1922 660 ἀπὸ

1130 679 1186 714 τῆς
1193 680 1354 714 μαχαίρας,
1371 680 1425 707 Καὶ
1438 680 1528 713 ἐδόθη
1545 679 1626 712 αὐτῷ
1638 679 1757 713 πνεῦμα
1767 678 1872 705 δοῦναι
1886 676 1924 711 τῇ

1130 726 1225 752 εικόνι
1239 726 1292 752 τοῦ
1308 725 1423 760 θηρίου,
1439 725 1490 752 ἵνα
1509 725 1558 752 καὶ
1573 725 1697 760 λαλήσῃ
1720 725 1739 758 ἡ
1759 724 1849 751 εἰκὼν
1869 722 1922 751 τοῦ

1132 771 1247 805 θηρίου,
1262 771 1312 798 καί
1328 771 1443 806 ποιήσῃ
1463 771 1531 799 ὅσοι
1553 772 1609 798 ἐὰν
1625 771 1668 806 μὴ
1683 771 1925 805 «patrum-rimam

1132 816 1168 850 τῇ
1180 817 1274 843 εἰκόνι
1287 817 1339 844 τοῦ
1353 818 1457 852 θηρίου
1467 818 1518 845 ἵνα
1529 817 1768 845 ἀποκτανθῶσιν.
1781 818 1835 845 Kal
1847 818 1927 844 ποιεῖ

1133 862 1251 896 πάντας
1274 863 1346 897 τοὺς
1365 864 1492 898 μικροὺς
1520 865 1569 891 καὶ
1602 864 1673 897 τοὺς
1690 863 1854 899 μεγάλους,
1873 864 1924 891 καὶ

285 907 381 933 dextra
408 914 489 933 uianu
514 914 564 932 sua
580 911 627 933 aut
645 914 724 940 super
747 906 861 941 frontem
886 914 974 939 suam,
996 910 1094 941 utque]

1132 908 1200 941 τοὺς
1228 909 1399 942 πλουσίους
1423 909 1473 937 καὶ
1500 909 1571 943 τοὺς
1597 911 1746 945 πτωχοὺς,
1773 910 1823 937 καὶ
1853 910 1924 943 τοὺς

286 961 360 980 nemo
382 953 465 987 possit
488 959 572 980 emere
595 957 641 979 aut
661 952 770 979 vendere
798 953 850 980 nisi
865 952 960 980 habeat
980 953 1077 980 chara-

286 1004 392 1026 cterem.

323 1128 474 1161 Quoniam,
506 1128 607 1162 inquit,
639 1129 777 1164 insculpta
794 1135 836 1158 est
856 1129 947 1165 imago
965 1130 1016 1165 ipsi
1033 1130 1079 1158 bc-

287 1175 359 1206 stiae,
376 1174 470 1201 datum
485 1178 528 1201 est
543 1178 572 1200 ut
587 1174 714 1209 spiritum
733 1182 843 1210 quoque
865 1177 941 1203 daret
956 1176 1080 1211 imagini,

289 1225 318 1246 ιιι
342 1219 467 1247 videlicet
488 1220 649 1255 loqueretur
673 1220 775 1255 imago.
798 1220 855 1248 Hoc
885 1227 976 1248 autem
1006 1223 1081 1250 circa

290 1265 438 1292 simulacra
456 1265 689 1293 considerandum
705 1271 757 1298 est,
773 1266 847 1301 quod
874 1267 961 1294 multa
982 1275 1080 1295 eorum

289 1314 316 1337 ct
334 1310 434 1338 sudare
450 1315 477 1338 et
493 1311 568 1346 loqui
586 1312 687 1347 scripta
705 1317 770 1340 sunt
787 1313 956 1347 temporibus
973 1313 1082 1341 Graeco-

289 1363 363 1388 rum,
377 1356 537 1391 operatione
559 1357 704 1385 diabolica.
723 1359 746 1384 Α
766 1359 909 1386 communi
929 1364 1019 1387 autem
1038 1361 1081 1387 in-

290 1403 398 1429 telleclu
429 1403 618 1437 accipiendum
636 1408 678 1431 est
694 1404 747 1436 ἵνα.
768 1405 795 1432 id
807 1410 848 1432 est
862 1411 901 1438 ut,
917 1414 973 1441 quo
987 1406 1022 1434 sit
1038 1407 1083 1434 hic

290 1455 388 1476 sensus
403 1456 410 1475 :
427 1447 461 1475 Ut
477 1448 558 1476 etiam
576 1449 716 1484 loquatur,
742 1456 768 1478 et
780 1456 808 1479 ut
821 1451 903 1479 faciat
921 1452 995 1487 quod
1020 1453 1081 1487 qui-

291 1500 400 1528 cunque
416 1502 470 1521 non
488 1494 665 1523 adoraverint
680 1496 825 1532 imaginem
843 1497 947 1530 bestiae,
962 1497 1082 1526 hictiam

291 1539 462 1567 occidantur.
480 1540 559 1573 Quod
574 1545 665 1569 autem
678 1547 788 1576 statua},
808 1548 838 1570 ut
851 1544 956 1571 dictum
972 1549 1024 1577 est,
1042 1545 1083 1572 lo-

291 1589 361 1612 cuta:
370 1585 436 1617 sint,
456 1593 489 1612 ex
506 1586 629 1614 historiis
649 1586 757 1615 discere
773 1587 836 1616 licet
851 1597 931 1617 :cum
949 1590 1081 1625 scriptum

292 1631 338 1663 sit,
357 1638 404 1664 per
422 1630 589 1665 imposturas
602 1635 629 1658 et
648 1633 763 1660 arbores
788 1639 815 1660 et
831 1641 918 1668 aquas
937 1633 1024 1662 fuisse
1040 1635 1077 1662 lo-

292 1681 382 1708 cutas,
401 1684 449 1710 per
462 1676 637 1710 Apollonium
648 1677 773 1712 aliosque
788 1680 1012 1714 praestigiator-es.

329 1721 364 1748 Et
380 1721 444 1755 facit
459 1729 474 1748 ο
486 1730 548 1748 anes
558 1730 652 1756 parvos
671 1728 695 1749 et
713 1731 834 1758 magnos,
849 1729 905 1752 etc.
919 1725 1084 1753 Abstrusior

293 1772 337 1795 est
358 1767 456 1794 litterae
475 1772 631 1800 contextus.
662 1768 780 1804 ideoque
805 1770 953 1798 absurdus.
986 1769 1084 1799 Utrum

294 1814 369 1840 enim
389 1813 457 1840 dicit
469 1813 540 1848 quod
561 1814 637 1848 parvi
651 1819 678 1841 et
692 1816 784 1850 magni
801 1816 951 1851 accipiant.
967 1825 1000 1844 an
1010 1817 1083 1853 quod

294 1858 384 1885 dent?
404 1858 550 1892 Propterea
573 1866 621 1894 per
637 1859 802 1888 additionem
819 1862 1021 1896 praepositionis
1033 1863 1084 1896 εἰς,

296 1903 322 1929 id
336 1907 378 1930 est
393 1903 428 1929 ad
442 1903 483 1930 vel
499 1911 574 1938 erga,
587 1904 686 1940 corrigi
703 1906 803 1939 poterit
820 1906 986 1940 absurditas,
999 1912 1028 1935 et
1049 1908 1084 1935 ad

295 1949 445 1983 planiorem
462 1957 575 1976 sensum
592 1950 644 1977 hoc
659 1951 742 1978 modo
761 1952 855 1979 reduci
873 1961 880 1979 :
895 1952 928 1980 Et
939 1952 1004 1980 facit
1020 1961 1086 1990 erga

294 2003 392 2022 ernncs
405 2002 505 2029 parvos
520 2000 548 2023 ct
561 2003 675 2031 magnos
686 2001 713 2024 et
726 1998 846 2033 reliquos
861 1999 908 2034 qui
918 2004 1084 2034 sequuntur.

295 2045 325 2067 ut
338 2041 402 2067 dent
416 2041 481 2075 ip~is
497 2041 672 2070 characteres
686 2042 713 2070 in
730 2044 825 2072 dextra
846 2053 926 2072 manu
944 2051 1087 2082 autsuper

296 2086 425 2113 h-ontem.
440 2086 496 2114 lloc
512 2091 604 2114 autem
620 2088 689 2115 dicit
699 2089 734 2116 ad
750 2090 893 2124 indicium,
908 2099 963 2126 quo
977 2093 1087 2127 possint

295 2137 344 2160 aut
360 2141 414 2160 non
424 2133 532 2168 possint
552 2135 699 2169 negotiari.

333 2179 365 2206 Ιιι
380 2179 475 2207 dextra
495 2188 585 2207 manu.
605 2181 634 2208 In
645 2181 740 2209 dextra
755 2190 838 2210 manu
855 2188 881 2210 et
895 2183 922 2210 in
934 2184 1023 2213 fronte
1037 2192 1086 2220 po-

297 2225 370 2252 nitur
383 2225 492 2259 signum
511 2227 679 2260 cognitionis
702 2237 708 2254 :
729 2227 810 2255 bouis
837 2229 911 2256 enim
937 2230 1087 2265 opponitur

297 2272 443 2306 perniciosi
460 2273 580 2300 nominis
605 2273 787 2308 insculptum.
806 2273 834 2302 In
852 2275 957 2303 dextris
971 2277 1083 2312 quidem

297 2321 328 2343 ut
356 2317 492 2344 bonorum
524 2325 638 2353 operum
668 2324 791 2355 amputet
814 2321 987 2349 occasionem
1019 2331 1027 2350 :
1057 2323 1084 2350 in

299 2363 389 2389 fronte
408 2370 474 2390 vero
492 2368 531 2396 ut,
546 2369 624 2398 parte
646 2372 707 2400 quin
725 2366 814 2394 oculis
833 2366 959 2395 imminet
974 2375 1084 2396 assum-

298 2413 354 2443 pta,
370 2409 514 2443 enliginem
537 2417 569 2437 ac
583 2410 710 2438 tenebras
721 2411 861 2440 suﬂ‘undat
875 2413 918 2440 his
937 2413 984 2448 qui
1000 2414 1084 2441 sedu-

263 2485 271 2494 ν
298 2459 409 2485 (ιιιιιιιιν.
436 2462 470 2481 ne
492 2454 608 2482 honeste
642 2460 770 2491 tauquam
806 2458 833 2485 in
852 2458 895 2485 die
927 2458 1086 2487 incedentes

298 2500 498 2535 muplcctanlur
524 2501 664 2535 pietatem.
684 2504 718 2529 At
746 2511 802 2531 non
829 2503 982 2539 suscipient
997 2505 1086 2540 ipsum

259 2567 266 2573 .
298 2546 344 2580 qui
356 2546 440 2574 iacies
459 2547 559 2575 habent
576 2548 699 2583 signalas
709 2549 813 2577 lumine
828 2549 914 2578 divini
928 2551 1032 2578 vultus.

509 2658 590 2694 735
601 2658 715 2687 CAPUT
731 2659 874 2688 xxxvm.

543 2716 583 2743 De
611 2719 715 2744 nomine
737 2719 834 2746 bestia'.

331 2779 403 2814 XIII,
424 2781 467 2815 I7,
487 2783 528 2811 I8.
547 2784 599 2811 Aut
614 2793 705 2819 nomen
722 2786 811 2814 bestia'
825 2793 870 2814 aut
888 2796 1024 2816 uulnerum
1037 2798 1085 2818 no-

335 2868 391 2905 (39)
406 2871 538 2907 Ποιητων,
555 2874 682 2906 artiﬁces.
696 2876 737 2903 t‘d.

1130 954 1308 988 ἐλευθέρους
1322 954 1373 982 καὶ
1394 955 1465 988 τοὺς
1480 955 1624 989 δούλους,
1644 957 1694 983 ἵνα
1711 956 1852 983 δώσωσιν
1872 957 1925 983 αὺ-

1130 1001 1193 1034 τοῖς
1201 1000 1376 1036 χαράγματα
1386 1002 1435 1028 ὲπὶ
1449 1001 1505 1037 τῆς
1516 1001 1616 1037 χειρὸς
1628 1002 1729 1030 αὐτῶν
1739 1002 1794 1037 τῆς
1811 1002 1924 1035 δεξιᾶς.

1131 1047 1151 1081 ’ἢ
1164 1047 1214 1074 ἐπὶ
1228 1047 1261 1074 τὸ
1275 1047 1416 1082 μέτωπον
1428 1047 1540 1081 αὐτῶν,
1552 1049 1601 1076 καὶ
1619 1049 1668 1076 ἵνα
1680 1048 1723 1084 μή
1736 1057 1778 1082 τις
1795 1049 1925 1082 δύνηται

1131 1093 1278 1128 ἀγοράσαι
1291 1094 1310 1128 ἣ
1330 1094 1482 1128 πωλῆσαι,
1498 1095 1525 1122 εί
1534 1095 1578 1130 μὴ
1594 1096 1611 1122 ὁ
1633 1095 1715 1129 ἔχων
1728 1094 1760 1121 τὸ
1776 1095 1924 1130 χάραγμα.

1174 1137 1295 1172 Ἐπειδὴ,
1325 1139 1418 1172 φησὶν,
1448 1138 1531 1166 εἰκὼν
1553 1139 1728 1175 ἀνεστυλώϐη
1760 1140 1800 1175 τῷ
1823 1139 1925 1175 Θηρίῳ,

1132 1182 1210 1217 ἐδόθη
1223 1184 1271 1210 καὶ
1287 1184 1394 1219 πνεῦμα
1416 1184 1509 1212 δοῦναι
1527 1187 1560 1221 τῇ
1580 1185 1677 1217 εἰκόνι,
1696 1186 1741 1213 ἵνα
1766 1186 1848 1221 δῆθεν
1876 1186 1926 1214 λα-

1132 1228 1204 1265 λήσῃ
1217 1230 1336 1264 ὴεξκών.
1350 1230 1435 1257 Τοῦτο
1444 1231 1473 1258 δὶ
1486 1231 1554 1266 πρὸς
1565 1232 1598 1259 τὰ
1611 1232 1759 1266 ἀγάλματα
1773 1232 1924 1266 λογιστέον,

1133 1274 1151 1302 ἃ
1167 1276 1252 1303 πολλὰ
1266 1277 1313 1304 καὶ
1331 1277 1457 1312 ίδροῦντα
1477 1278 1524 1304 καὶ
1552 1278 1686 1305 λαλοῦντα
1711 1279 1853 1314 ἱστόρηται
1869 1281 1926 1311 τοῖς

1140 1321 1308 1357 Ἑλληνικοῖς
1323 1324 1431 1359 χρόνοις
1450 1325 1577 1360 ἐνεργείᾳ
1593 1325 1749 1361 διαῦολικῇ.
1767 1325 1847 1353 Κατὰ
1869 1333 1926 1353 κοι-

1134 1366 1181 1393 νοῦ
1200 1367 1228 1394 δὲ
1243 1367 1283 1400 τὺ,
1309 1368 1370 1400 ἵνα,
1390 1369 1518 1404 ληπτέον,
1535 1370 1573 1401 ὡς
1589 1370 1621 1397 ἂν
1669 1370 1756 1403 οὕτως
1771 1379 1779 1386 σ
1801 1371 1859 1398 Ἵνα
1878 1371 1927 1398 καὶ

1133 1413 1250 1449 λαλήσῃ,
1267 1413 1311 1440 ἵνα
1328 1414 1375 1441 καὶ
1390 1415 1501 1450 ποιήσῃ,
1518 1415 1576 1441 ὅσοι
1596 1415 1634 1450 μὴ
1648 1417 1871 1451 προσκννήσουσι
1893 1418 1927 1452 τῇ

1134 1459 1220 1486 εἰκόνι
1239 1459 1286 1486 τοῦ
1298 1459 1405 1495 θηρίου,
1424 1460 1467 1487 ἵνα
1479 1461 1527 1487 καὶ
1541 1458 1616 1488 οὗτοι
1630 1461 1852 1489 ἀποκτανθῶσιν.
1866 1463 1927 1489 Ὅτι

1134 1505 1162 1532 δὲ
1180 1506 1214 1533 τὰ
1231 1506 1388 1540 ἀγάλματα,
1409 1507 1446 1538 ὡς
1475 1507 1596 1542 εἴρηται,
1625 1507 1728 1539 ἐλάλει,
1758 1508 1787 1541 ἐξ
1805 1508 1928 1543 ἱστορίας

1138 1551 1235 1586 μαθεῖν
1254 1551 1368 1584 ἔνεστιν,
1384 1552 1422 1583 ὡς
1434 1551 1479 1578 διὰ
1495 1552 1623 1588 γοητείας
1641 1553 1782 1588 ίστόρηται
1807 1554 1854 1580 καὶ
1868 1553 1912 1580 δέν

1135 1597 1186 1633 δρα
1216 1598 1264 1624 καὶ
1282 1597 1367 1624 ὕδατα
1392 1597 1526 1633 λαλῆσαι,
1550 1599 1594 1626 διά
1618 1607 1649 1626 τε
1675 1599 1856 1626 Ἀπολλωνίου
1881 1600 1928 1627 καὶ

1135 1642 1237 1678 ἐτέρων
1249 1643 1357 1678 γοητῶν
1370 1643 1439 1679 (39).

1171 1731 1224 1758 Καὶ
1236 1731 1318 1758 ποιεῖ
1335 1731 1453 1765 πάντας
1467 1732 1538 1766 τοὺς
1558 1733 1686 1768 μικροὺς
1708 1733 1758 1761 καὶ
1781 1733 1854 1767 τοὺς
1879 1742 1928 1768 με-

1135 1776 1260 1812 γάλους,
1288 1777 1334 1804 καὶ
1351 1778 1425 1813 ἑξῆς.
1447 1779 1656 1814 Ἰδιωτικωτέρα
1675 1781 1691 1816 ἡ
1717 1780 1856 1813 σύνταξις,
1887 1781 1928 1807 διὸ

1136 1823 1183 1850 καὶ
1198 1823 1321 1858 ἀνόητος.
1343 1824 1462 1860 Πότερον
1486 1826 1541 1860 γὰρ
1560 1826 1634 1860 λέγει
1657 1827 1721 1859 τοὺς
1747 1828 1865 1864 μικροὺς
1881 1828 1928 1854 καὶ

1135 1868 1199 1901 τοὺς
1217 1870 1353 1905 μεγάλους
1369 1868 1473 1903 λαϐεῖν,
1487 1871 1504 1906 ἦ
1521 1871 1633 1905 δοῦναι;
1649 1873 1696 1900 Διὸ
1713 1873 1858 1909 προσθήκῃ
1878 1876 1929 1907 τῆς

1135 1915 1181 1948 εἰς
1198 1916 1366 1951 προθέσεως,
1390 1916 1421 1944 τὸ
1447 1918 1562 1953 ἀνόητον
1577 1919 1782 1954 ἐπανορθωθείη
1805 1920 1839 1947 ἂν
1858 1922 1928 1956 πρὶς

1137 1961 1246 1988 σύνεσιν
1261 1961 1333 1989 οὕτω
1345 1970 1351 1977 ·
1370 1963 1425 1989 Καὶ
1456 1965 1529 1990 ποιεί
1551 1965 1591 1996 εἰς
1615 1965 1719 1997 πάντας
1734 1966 1797 1998 τοὺς
1813 1967 1928 2002 μικροὺς

1136 2007 1184 2033 καὶ
1201 2008 1265 2039 τοὺς
1283 2009 1420 2043 μεγάλους
1435 2010 1484 2036 καὶ
1503 2011 1566 2041 τοὺς
1582 2010 1624 2044 ἐφ’
1641 2011 1716 2046 ἑξῆς,
1736 2012 1779 2038 ἵνα
1800 2012 1926 2039 δώσωσιν

1136 2052 1228 2083 αὐτοῖς
1244 2053 1412 2088 χαράγματα
1426 2054 1472 2081 ἐπὶ
1486 2055 1535 2090 τῆς
1547 2054 1640 2088 δεξιᾶς
1660 2058 1763 2092 χειρὸς,
1779 2058 1795 2092 ῆ
1819 2059 1864 2084 ἐπὶ
1878 2059 1927 2084 τοὺ

1138 2099 1267 2133 μετώπου
1280 2107 1288 2115 ”
1304 2100 1384 2127 τοῦτο
1401 2101 1429 2128 δὲ
1445 2102 1486 2134 εἰς
1500 2103 1658 2139 γνώρισμα,
1672 2107 1752 2141 φησι,
1767 2106 1816 2132 τοῦ
1839 2107 1926 2142 ἐμπο-

1138 2145 1264 2179 ρευτέου,
1284 2146 1332 2172 καὶ
1346 2147 1395 2182 μή.

1180 2189 1245 2216 Ἐπί
1261 2190 1316 2224 τῆς
1332 2192 1430 2225 χειρὸς
1441 2193 1542 2220 αὐτῶν
1554 2194 1609 2228 τῆς
1620 2195 1731 2228 δεξιᾶς.
1754 2197 1817 2224 Ἐπὶ
1837 2197 1928 2234 χειρὸς

1103 2243 1126 2272 D
1139 2234 1190 2269 τῆς
1202 2235 1292 2268 δεξιᾶς
1308 2237 1356 2263 καὶ
1371 2238 1419 2264 ἐπὶ
1439 2239 1568 2273 μετώπου
1581 2241 1612 2267 τὸ
1626 2241 1783 2277 γνώρισμα.
1811 2243 1930 2270 ’Λντίθες

1139 2288 1184 2311 τος
1197 2280 1252 2315 γὰρ
1265 2281 1320 2308 τῶν
1337 2282 1449 2316 ἀγαθῶν
1464 2285 1480 2319 ἡ
1491 2284 1540 2311 τοῦ
1556 2286 1680 2321 ὀλεθρίου
1694 2286 1828 2322 ὀνόματος
1841 2289 1925 2325 ἐγχά-

1141 2324 1229 2357 ραξις.
1252 2326 1297 2352 Ἐν
1311 2326 1361 2361 μὲν
1375 2329 1434 2360 ταῖς
1449 2328 1562 2362 δεξιαῖς,
1578 2331 1622 2358 ἵνα
1641 2331 1696 2358 τῶν
1715 2332 1825 2366 ἀγαθῶν
1839 2334 1929 2369 ἔργων

1141 2371 1248 2407 ἐκκόψῃ
1264 2373 1314 2408 τὴν
1328 2373 1482 2409 ἐνέργειαν,
1504 2376 1548 2403 Ἐν
1561 2377 1589 2403 δὲ
1603 2379 1659 2409 τοῖς
1673 2378 1820 2412 μετώποις,
1836 2381 1880 2406 ἶνα
1898 2380 1929 2406 τὸ

1139 2417 1195 2448 τοῖς
1211 2417 1360 2453 όιρθαλμοῑς
1376 2421 1551 2456 ἐπικείμενον
1566 2423 1649 2458 μέρος
1664 2424 1849 2459 προσ-ληφθὲν,
1860 2434 1927 2452 σκο-

1139 2463 1246 2498 τασμὸν
1276 2464 1416 2501 ἐμποιήσῃ
1433 2468 1490 2498 τοῖς
1506 2468 1696 2504 ἁπατωμένοις
1711 2470 1760 2497 τοῦ
1777 2472 1814 2506 μὴ
1841 2472 1879 2504 ὡς
1899 2475 1928 2498 ἐν

1139 2507 1232 2544 ᾑμέρᾳ
1245 2510 1422 2545 εὐσχημόνως
1438 2512 1600 2548 ἀντέχεσθαι
1615 2515 1665 2550 τῆς
1681 2516 1831 2548 εὐσεϐείας.
1856 2519 1928 2544 Ἀλλ’

1138 2553 1170 2579 οὗ
1185 2553 1306 2586 δέξονται
1323 2555 1403 2582 τοῦτο
1419 2558 1444 2583 οἱ
1463 2558 1498 2584 τὰ.
1516 2559 1653 2594 πρόσωπα
1671 2562 1871 2595 σημειωθέντες
1888 2563 1928 2597 τῷ

1140 2598 1204 2634 θείῳ
1220 2599 1268 2626 τοῦ
1281 2601 1426 2636 προσώπου
1442 2603 1522 2637 φωτί.

1423 2671 1548 2698 ΚΕΦΛᾹ.
1577 2673 1597 2699 Λ
1603 2671 1642 2699 η’.

1281 2725 1350 2761 Περὶ
1374 2727 1427 2755 τοῦ
1443 2727 1586 2764 ὀνόματος
1599 2728 1651 2757 τοῦ
1671 2732 1786 2766 θηρίου.

1177 2794 1214 2821 Ἦ
1228 2793 1262 2822 τὸ
1276 2795 1368 2831 ὄνομα
1383 2798 1436 2824 τοῦ
1467 2799 1581 2832 θηρίου,
1607 2801 1626 2834 ἧ
1658 2801 1711 2827 τὼ·
1727 2801 1854 2836 ἀριθμὸν
1874 2803 1928 2830 τοῦ
