2095 3160
157 176 209 210 681

691 176 885 207 COMMENT.
904 175 945 206 IN
967 175 1220 206 APOCALYPSIN
1226 198 1232 204 .

1738 172 1795 204 682

156 234 307 268 ὀνόματος
322 232 429 260 αὐτοῦ’
449 229 520 260 Ὧδε
538 233 558 267 ἠ
582 232 676 267 σοφία
691 233 786 259 ἐστίν.
820 232 852 260 ’0
876 232 948 266 ἔχων

1009 231 1088 258 minis
1100 231 1167 266 ejus.
1187 230 1238 258 llic
1253 230 1386 264 sapientia
1398 232 1448 257 est.
1465 228 1518 263 Qui
1529 228 1606 256 habet
1626 228 1789 256 intellectum

155 279 243 310 νοῦν.
262 279 424 314 ψηφισάτω
435 279 489 305 τὸν
497 278 624 313 ἀριθμὸν
641 278 694 305 τοῦ
720 279 835 312 θηρίου.
857 278 952 312 Ἀριθ-

155 324 214 359 μὸς
240 323 296 358 γὰρ
318 323 477 358 ἀνθρώπου
508 323 604 357 ἐστιν,
632 324 682 350 καὶ
701 324 718 350 ό
742 323 867 358 ἀριθμὸς
897 325 951 351 αὺ-

159 370 211 397 τοῦ
226 368 298 405 χξς’.

194 416 250 442 Καὶ
264 415 290 441 τί
312 414 342 442 τὸ
358 415 500 450 χάραγμα,
516 415 655 451 ἐπιφέρει,
678 415 710 442 τὸ
733 415 819 450 ὄνομα
836 415 884 442 τοῦ
901 415 950 451 οη-

159 461 230 496 ρίου.
246 461 329 496 Δ.ττὴ
348 460 377 488 δὲ
392 461 488 487 τούτου
513 461 530 495 ἡ
547 461 659 495 γνῶσις,
676 460 693 496 ἢ
722 460 951 496 διὰ⁴παραφορᾶς

160 506 244 534 αὑτοῦ
259 506 307 533 τοῦ
323 508 466 542 ὀνόματος,
491 507 508 543 ἢ
527 507 575 534 διὰ
599 507 702 543 ψήφου.
721 507 784 541 Kal:
795 507 845 542 τὴν
859 507 951 542 ψῆφον

158 553 187 580 δὲ
207 553 253 579 τοῦ
280 553 413 588 ὀνόματος
441 554 488 580 τοῦ
522 553 628 590 θηρίου,
651 553 788 588 πανταχοῦ
816 553 951 580 πλατῦναι

159 599 339 634 ἐπετηδεύθη,
353 599 382 625 ἔν
395 607 424 626 τε
441 599 560 634 πράσεσι
577 600 624 626 καὶ
634 599 727 632 ὠναῖς,
742 599 776 626 ἵν’
788 600 803 626 ὁ
817 599 855 634 μὴ
870 599 952 626 τοῦτο

158 645 370 681 ἐπιφερόμενος,
395 646 424 671 ἐν
443 646 504 677 ταῖς
517 645 572 672 τῶν
588 645 746 679 ἀναγκαίων
768 645 885 677 ἐνδείαις
905 653 952 671 τε-

159 691 289 727 λευτήσῃ.
327 690 457 726 ’Δριθμδν
476 691 505 718 δὲ
535 690 681 727 ἀνθρώπου
701 690 731 717 τὸ
753 690 840 726 ὄνομα
868 688 950 721 εἶναι,

159 736 220 762 ἀντὶ
237 735 284 762 τοῦ
314 735 389 767 ξένον
404 735 465 762 οὐδὲ
487 735 560 771 ἀήθη
576 736 624 762 καὶ
646 735 889 772 ἐπικεκρυμμένον
904 736 952 762 καὶ

159 782 272 816 διπλόης
284 781 425 817 ἐχόμενον,
449 781 517 809 ἀλλὰ
542 781 633 817 ψῆφον
649 781 761 817 ἐντρισῆ
785 782 833 808 καὶ
862 783 949 816 ἔγνω-

162 827 266 862 σμένην
297 826 465 862 ἀνθρώποις.
489 827 617 862 Ἀριθμὸς
633 827 662 854 δὲ
694 826 742 854 τοῦ
759 826 890 862 ὀνόματος
903 826 951 853 τοῦ

159 872 262 907 ψήφου,
290 872 422 904 ἑξακόσια
447 872 620 907 ἑξηκονταὲξ.
639 871 737 906 Σαφῶς
761 872 816 908 γὰρ
839 872 907 899 αὐτὸ
921 873 952 899 τὸ

159 906 245 952 ὄνομα
260 917 291 944 οὐ
309 918 455 953 παρέθετο,
478 906 522 945 διὰ
536 918 568 945 τὸ
583 918 650 952 μηδὲ
664 918 740 950 ἄξιον
766 906 838 944 εἶναι
855 919 904 954 τῆς
921 919 950 945 ὲν
967 906 987 934 Β

161 963 258 998 βιϐλίῳ
272 965 392 999 γραφῆς.
411 965 513 999 Διόπερ
538 964 694 999 γυμνασίας
716 965 797 1000 χάριν
821 965 950 991 ἐπανελὲ-

165 1008 228 1034 σθαι
243 1009 295 1034 οὐκ
323 1008 449 1043 ἄκαιρον,
470 1008 505 1034 τὰ
520 1007 568 1043 τὴν
580 1007 671 1043 ψῆφον
695 1007 882 1043 ἐπιφερόμενα
891 1007 949 1034 όνό-

162 1063 234 1089 ματα
263 1053 346 1089 χύριά
371 1063 399 1080 τε
424 1053 471 1080 καὶ
495 1054 696 1089 προσηγορικὰ.
716 1054 808 1089 Κύρια
831 1054 881 1089 μὲν
893 1051 949 1080 οἷον

158 1100 314 1135 Λαμπέτις,
333 1100 431 1126 Τειτᾶν
447 1108 455 1116 ·
470 1101 516 1126 καὶ
532 1100 586 1126 ἀπὸ
601 1100 660 1132 τοῦ,
681 1100 762 1132 τενῶ,
791 1100 948 1134 μέλλοντος,

159 1144 253 1180 ὥσπερ
266 1146 311 1171 καὶ
327 1145 380 1171 ἀπὸ
394 1144 452 1177 τοῦ,
464 1144 567 1179 σπερῶ,
580 1144 692 1179 σπόρος,
703 1145 832 1176 Λατεῖνος
847 1144 949 1179 ὁμοίως

158 1190 202 1217 διὰ
217 1189 374 1224 διφθόγγου.
407 1191 600 1226 Προσηγορικὰ
615 1191 654 1224 δὲ,
682 1191 696 1218 ὀ
717 1191 850 1226 Νικητής.
870 1191 948 1221 Ἴσως

159 1237 214 1272 γὰρ
229 1236 317 1268 οὕτως
331 1237 427 1263 ἑαυτὸν
440 1237 581 1272 όνομάσει,
597 1238 645 1263 καὶ
667 1237 752 1269 κακὸς
775 1237 884 1272 ὁδηγὺς,
902 1237 950 1263 καὶ

159 1282 262 1318 ἀληθὴς
288 1283 430 1317 βλαδερὸς,
453 1283 501 1310 καὶ
522 1283 605 1310 πάλαι
621 1284 769 1319 βάσκανος,
794 1283 842 1309 καὶ
862 1283 949 1317 ἀμνὸς

158 1327 261 1360 ἄδικος,
281 1328 300 1355 ἃ.
319 1329 351 1354 ἐκ
378 1329 433 1355 τῶν
462 1329 594 1356 ἐναντίων
616 1329 692 1365 αὐτῷ
720 1329 946 1364 ἑπικληθήσεται,

158 1371 208 1406 τὴν
221 1372 325 1399 οἰκείαν
337 1373 418 1405 δόξαν
432 1374 461 1399 ἐν
478 1374 511 1408 τῇ
523 1373 638 1409 αἰσχύνῃ
651 1373 854 1409 καρπούμενος.

1002 281 1133 311 computet
1148 285 1286 303 numerum
1301 276 1391 303 bestia:
1413 285 1423 304 :
1444 283 1569 302 nunierus
1593 276 1661 302 enim
1678 275 1793 302 hominis

1002 327 1052 354 est.
1065 327 1091 349 et
1106 331 1230 350 numerus
1247 330 1304 357 ejus
1316 327 1438 349 sexcenta
1452 323 1591 357 sexaginta
1605 331 1662 350 sex.

1037 410 1182 444 Quodnam
1207 410 1245 437 sit
1277 409 1442 450 cognitionis
1470 409 1604 437 indicium
1638 410 1792 446 subiungit,

1003 463 1101 491 nempe
1118 463 1219 484 nomen
1235 455 1341 484 bestiae.
1362 456 1464 491 Duplex
1487 461 1530 484 est
1545 461 1636 483 autem
1645 450 1733 492 hujus
1749 457 1793 484 in-

1003 502 1139 533 tellectus,
1170 506 1218 529 aut
1245 501 1320 536 quod
1346 501 1481 528 inferatur
1499 501 1588 536 ipsum
1614 509 1724 535 nomen,
1746 507 1795 530 aut

1003 548 1075 583 quod
1090 548 1213 576 calculus
1229 548 1289 575 sive
1305 555 1449 575 numerus.
1471 547 1503 575 Et
1519 553 1596 576 certe
1615 555 1699 583 Opera
1712 548 1794 576 datur

1003 599 1033 622 ut
1052 593 1176 622 calculus
1204 594 1325 622 nominis
1356 593 1451 621 bestiae
1484 593 1587 629 ubique
1609 594 1791 626 diffundatur,

1002 646 1059 668 tam
1088 641 1114 668 in
1130 641 1319 676 emptionibus
1343 648 1426 675 quam
1451 640 1478 668 in
1501 641 1703 669 venditionibus
1724 650 1732 669 :
1764 646 1795 668 ut

1003 687 1049 723 qui
1064 687 1141 714 illum
1153 695 1206 715 non
1222 687 1329 719 alierat,
1353 687 1389 714 ob
1403 687 1540 715 defectum
1557 695 1649 715 rerum
1665 695 1794 716 necessa—

1003 735 1107 761 riarum
1123 734 1267 762 moriatur.
1283 733 1369 762 Porro
1388 734 1460 770 quod
1479 742 1579 762 nomen
1596 734 1632 762 sit
1658 742 1793 762 numerus

1003 779 1134 812 hominis,
1153 780 1205 808 hoc
1227 784 1271 808 est
1293 780 1430 808 familiare
1446 785 1474 808 et
1502 789 1556 808 non
1581 781 1720 808 insuetum
1744 789 1795 808 nec

1003 825 1171 852 occultatum
1200 833 1232 853 ac
1255 826 1392 861 duplicem
1416 826 1521 854 habens
1547 826 1730 859 intellectum,
1746 827 1795 854 sed

1004 876 1155 900 consuetus
1169 872 1290 900 calculus
1309 878 1336 900 et
1351 873 1424 900 inter
1444 872 1571 900 homines
1583 874 1719 908 cognitus.
1736 872 1795 900 Nu-

1003 923 1097 944 merus
1112 920 1203 944 autem
1217 917 1315 944 calculi
1332 917 1453 945 nominis
1467 923 1509 945 est
1521 923 1649 945 sexcenta
1665 918 1794 953 sexagint-

1004 966 1032 988 ta
1056 968 1113 988 sex.
1130 960 1271 996 Siquidem
1292 969 1346 988 non
1360 962 1490 996 produxit
1505 967 1599 996 aperte
1620 962 1647 989 in
1671 963 1792 991 medium

1005 1006 1094 1041 ipsum
1112 1013 1226 1038 nomen,
1241 1013 1275 1034 eo
1289 1006 1362 1042 quod
1377 1014 1411 1034 ne
1424 1012 1576 1034 mereretur
1589 1007 1699 1043 quidem
1721 1008 1792 1036 libro

1004 1051 1129 1079 inscribi.
1145 1051 1213 1081 Ideo
1240 1060 1294 1080 non
1320 1053 1542 1088 intempestivum
1567 1053 1652 1081 fuerit
1665 1054 1792 1082 exercitii

1005 1097 1092 1132 gratia
1109 1098 1162 1125 huc
1179 1099 1310 1125 reducere
1326 1098 1439 1126 nomina
1454 1104 1508 1126 tam
1521 1100 1631 1134 propria
1647 1107 1731 1135 quam
1746 1107 1795 1134 ap—

1004 1143 1131 1178 pellativa
1161 1151 1222 1178 qua:
1234 1151 1379 1171 numerum
1400 1144 1471 1171 hunc
1494 1144 1652 1172 conficiant.
1678 1143 1794 1180 Propria

1003 1187 1113 1223 quidem
1130 1189 1322 1224 υιΛαμπέτις,
1334 1189 1433 1215 Τειτᾶν
1445 1197 1452 1216 :
1464 1193 1492 1216 et
1506 1197 1521 1216 a
1541 1189 1633 1216 futuro
1647 1189 1717 1216 τενῶ
1729 1189 1794 1224 (sic-

1003 1239 1034 1262 ut
1055 1235 1136 1262 etiam
1152 1243 1166 1262 a
1185 1235 1291 1270 σπερῶ,
1309 1235 1419 1271 σπόρος)
1438 1235 1565 1267 Λατείνος
1590 1235 1716 1263 similiter
1745 1242 1796 1271 per

1002 1281 1213 1317 diphthongum.
1241 1282 1409 1317 Appellativa
1446 1291 1511 1310 vero
1526 1285 1540 1310 ὁ
1554 1283 1684 1319 Νικητὺς,
1705 1283 1793 1316 idest.

1002 1329 1091 1356 victor
1112 1338 1118 1356 :
1135 1329 1263 1357 fortassis
1289 1330 1363 1357 enim
1392 1331 1428 1357 ita
1444 1331 1564 1365 scipsum
1581 1330 1740 1366 appellabit.
1766 1335 1795 1358 ct

1002 1375 1087 1406 κακὸς
1102 1375 1212 1411 όδηγὸς,
1227 1375 1252 1402 id
1266 1380 1320 1408 est,
1332 1383 1434 1411 pravus
1443 1376 1508 1408 dux,
1523 1377 1565 1403 vel
1577 1376 1680 1412 ἀληθὴς
1694 1375 1793 1411 βλαϐε-

163 1418 219 1452 ρὺς,
240 1418 265 1445 id
282 1424 336 1451 est,
353 1427 417 1446 vere
432 1427 545 1452 nocens,
560 1420 602 1447 vel
621 1420 706 1447 πάλαι
722 1420 868 1455 βάσκανος,
883 1420 909 1447 id
927 1428 948 1447 οε

1000 1421 1052 1455 iam
1076 1422 1141 1448 olim
1162 1421 1283 1454 invidus,
1308 1426 1355 1449 aut
1380 1421 1466 1456 ἀμνὸς
1481 1422 1586 1454 ἄδικος.
1600 1421 1627 1449 id
1638 1427 1690 1453 est.
1705 1429 1793 1457 agnus

161 1474 263 1494 nocens
281 1476 288 1493 :
309 1467 457 1502 quibusex
484 1468 518 1496 iis
533 1476 594 1503 qua:
605 1468 658 1496 sibi
681 1469 819 1497 contraria
850 1473 915 1496 sunt
943 1469 1195 1504 cognominabitur,
1228 1476 1306 1497 suam
1330 1469 1446 1504 gloriam
1466 1476 1515 1504 per
1529 1477 1562 1497 ea
1593 1476 1654 1504 qua:
1678 1468 1793 1496 infantia

158 1516 224 1540 sunt
238 1513 379 1548 colligens.

201 1559 251 1585 Ἐκ
264 1559 325 1585 τῶν
337 1559 391 1586 τοῦ
411 1559 558 1594 Ἀνδρέου.
585 1559 640 1596 Τὴν
665 1560 715 1595 μὲν
736 1560 881 1596 ἀκρίϐειαν
899 1560 948 1594 τῆς

1037 1557 1080 1584 Ea;
1092 1557 1209 1584 Andrea.
1226 1556 1356 1584 Exactam
1372 1556 1482 1584 numeri
1504 1557 1640 1590 notitiam,
1657 1559 1789 1593 quemad-

158 1605 260 1639 ψήφου,
275 1605 313 1637 ὡς
333 1606 424 1633 καὶτὰ
439 1606 521 1633 λοιπὰ
537 1607 601 1642 περὶ
613 1607 698 1633 αὐτοῦ
722 1607 917 1642 γεγραμμένα,
936 1607 950 1633 ὀ

159 1650 255 1685 χρόνος
267 1652 437 1687 ἀποκαλύψει
464 1653 512 1679 καὶ
527 1653 544 1688 ὴ
561 1655 645 1688 πεῖρα
674 1654 732 1684 τοῖς
761 1654 900 1688 νήφουσιν.
918 1652 950 1679 El

158 1697 213 1732 γὰρ
231 1697 294 1728 ἔδει,
308 1698 400 1730 καθώς
416 1699 483 1733 φασί
498 1708 571 1731 τινες
587 1699 643 1726 τῶν
658 1699 838 1732 διδασκάλων,
854 1699 949 1734 σαφῶς

159 1742 318 1776 γνωσθῆναι
330 1743 361 1769 τὸ
376 1743 498 1770 τοιοῦτον
512 1745 608 1779 ὄνομα,
619 1746 634 1771 ὁ
650 1744 817 1780 τεθεαμένος
834 1744 900 1771 αὺτὺ
915 1743 949 1771 ἂν

159 1786 347 1821 ἀπεκάλυψεν.
368 1787 438 1814 Ἀλλ’
458 1788 509 1821 οὐκ
526 1789 679 1824 ηὐδόκησεν
704 1790 720 1824 ὴ
736 1789 797 1816 θεία
816 1789 897 1824 χάρις
919 1789 949 1815 ὲν

160 1831 221 1866 θείᾳ
235 1832 320 1868 βίϐλῳ
331 1833 362 1860 τὸ
375 1833 424 1860 τοῦ
439 1834 579 1869 λυμεῶνος
602 1835 720 1870 ταγῆναι
743 1835 841 1870 δνομα.
864 1834 907 1866 Ὠς
920 1835 949 1861 δὲ

158 1878 189 1904 ὲν
200 1879 355 1912 γυμνασίας
377 1879 460 1915 λόγῳ,
478 1880 566 1907 πολλὰ
591 1880 666 1908 ἐστιν
690 1881 795 1916 εὑρεῖν,
815 1881 886 1908 κατὰ
902 1881 949 1907 τὸν

160 1924 298 1960 μακάριον
318 1925 476 1953 Ἱππόλυτον
491 1928 537 1954 καὶ
554 1927 664 1962 ἐτέρους
684 1927 810 1959 πολλοὺς,
827 1927 950 1963 ὀνόματα

157 1970 205 1996 τὸν
219 1971 338 2006 ἀριθμὸν
349 1971 447 1999 τοῦτον
462 1973 626 2008 περιέχοντα
638 1974 831 2009 προσηγορικὰ
854 1981 883 2000 τε
900 1973 950 2000 καὶ

158 2023 252 2050 κυρια.

442 2084 568 2111 ΚΕΦΑΛ.
601 2083 664 2112 ΛΘ’.

157 2149 226 2184 Περὶ
241 2149 302 2177 τῶν
315 2150 373 2186 ρμδ¹
386 2151 533 2185 χιλιάδων
541 2151 601 2178 τῶν
614 2152 676 2178 σὺν
693 2151 733 2185 τῷ
751 2152 844 2186 ἀρνίῳ
857 2151 948 2179 ἐστώσ

403 2194 462 2212 των
480 2187 515 2213 ἐν
532 2187 592 2221 ὄρει
614 2186 701 2214 Σιών.

194 2243 246 2270 Καὶ
262 2241 355 2275 εἶδον,
372 2244 421 2270 καὶ
439 2243 503 2270 ἰδοὺ
520 2244 553 2271 τὸ
573 2244 687 2278 Ἀρνιον
700 2244 829 2278 ἑστηκὸς
843 2244 892 2270 ἐπὶ
910 2244 944 2270 τὸ

156 2287 226 2322 ὅρος
237 2287 325 2320 Σιὼν,
342 2288 390 2314 καὶ
405 2288 470 2323 μετ’
481 2289 575 2316 αὐτοῦ
585 2288 709 2323 ἀριθμὸς
726 2288 785 2324 ρμδ¹
797 2288 944 2323 χιλιάδες,

155 2334 281 2368 ἔχουσαι
301 2334 334 2360 τὸ
351 2333 445 2369 ὄνομα
461 2334 567 2366 αὑτοῦ,
585 2334 681 2361 καὶτὸ
694 2335 789 2369 ὄνομα
813 2334 867 2362 τοῦ
887 2342 944 2361 πα-

155 2379 225 2412 τρὸς
238 2379 332 2406 αὑτοῦ
347 2379 553 2415 γεγραμμένον
571 2380 621 2408 ἐπι
646 2379 706 2407 τῶν
725 2381 871 2415 μετώπων
889 2382 944 2408 αὺ-

154 2424 225 2452 τῶν.
254 2425 309 2452 Καὶ
333 2425 453 2460 ἤκουσα
472 2427 578 2461 φωνὴν
603 2427 637 2454 ἐκ
665 2427 720 2454 τοῦ
747 2428 888 2461 οὐρανοῦ,
904 2428 946 2461 ὡς

154 2468 261 2502 φωνὴν
274 2468 393 2496 ὑδάτών
410 2470 544 2501 πολλῶν,
562 2471 610 2498 καὶ
628 2472 668 2504 ὼς
679 2471 785 2506 φωνὴν
808 2472 945 2506 ,βροντῆς

150 2515 297 2548 μεγάλης.
314 2515 369 2542 Καὶ
383 2517 402 2550 ἠ
417 2516 502 2551 φωνὴ
520 2517 560 2551 ἢν
570 2517 697 2552 ἥκουσα,
716 2519 756 2551 ὡς
774 2519 945 2554 κιθαρῳδῶν

152 2560 362 2594 κιθαριζόντων
374 2563 409 2588 ἐν
420 2563 483 2595 ταῖς
501 2563 636 2597 κιθάραις
650 2563 758 2592 αὐτῶν.
776 2565 830 2592 Kal
853 2564 944 2598 ᾅδου-

153 2613 207 2632 σιν
218 2606 302 2640 ᾠδὴν
319 2608 428 2642 καινὴν
439 2609 569 2635 ἐνώπιον
587 2610 641 2637 τοῦ
663 2611 782 2644 θρόνου,
802 2611 850 2637 καὶ
871 2611 943 2637 ἐνώ-

140 2659 222 2691 ’κιον
236 2651 297 2679 τῶν
310 2653 466 2688 τεσσάρων
481 2654 559 2685 ζώων
576 2656 626 2682 xui
641 2655 700 2682 τῶν
721 2657 941 2691 πρεσϐυτέρων.

153 2699 208 2726 Kal
222 2699 322 2734 οὐδεὶς
337 2700 463 2728 ἐδύνατο
483 2701 591 2736 μαθεῖν
612 2701 669 2736 τὴν
688 2702 781 2736 ᾠδὴν,
809 2705 835 2730 et
855 2703 897 2737 μὴ
913 2705 943 2730 ut

155 2746 214 2780 ρμδ¹
226 2745 360 2780 χιλιάδες
375 2748 402 2774 οὶ
415 2747 618 2782 ἠγορασμένοι
636 2748 696 2775 ἀπὸ
708 2748 764 2782 τῆς
784 2748 852 2783 τῆς,

193 2793 255 2819 Ἐπί
271 2793 305 2820 τὸ
325 2793 394 2828 ὅρος
412 2794 497 2820 Σιών.
526 2796 563 2821 οὺ
578 2795 628 2830 τῆς
657 2795 788 2826 παλαιᾶς,
805 2796 847 2822 ὅτι
873 2795 941 2830 μηδὲ

153 2839 221 2874 αὑτὴ
245 2839 366 2874 ὑπήκοος
380 2840 419 2874 τῷ
439 2841 550 2876 ’Δρνίῳ,
575 2841 589 2867 ὅ
605 2843 678 2868 ἐστιν
691 2843 705 2867 ό
734 2840 863 2875 Χριστὸς,
883 2841 941 2866 ἁλλ’

151 2886 201 2914 ἐπὶ
219 2885 270 2921 τῆς
284 2886 357 2918 νέας,
378 2886 438 2921 ἥτις
452 2886 511 2912 ἐστὶ
532 2887 610 2918 πόλις
629 2887 698 2914 Θεοῦ
717 2887 830 2921 ζῶντος,
846 2885 880 2924 ἧς
895 2886 942 2916 νῦν

331 2934 468 2964 l’nnoc.
491 2935 548 2965 GR.
571 2934 650 2966 CVl.

1002 1604 1112 1632 modum
1128 1608 1156 1631 et
1177 1608 1277 1631 caetera
1296 1610 1358 1638 qua:
1372 1603 1404 1630 de
1426 1603 1487 1638 ipso
1501 1604 1604 1638 scripta
1621 1610 1698 1638 sunt,
1721 1611 1792 1633 tem-

1001 1657 1052 1684 pus
1067 1654 1094 1676 et
1105 1649 1274 1684 experientia
1291 1647 1452 1676 revelabunt
1465 1648 1508 1676 his
1526 1649 1574 1684 qui
1601 1649 1788 1685 vigilavcriut.

1002 1695 1070 1722 Nam
1088 1695 1111 1722 si
1121 1695 1271 1729 expediret,
1291 1699 1321 1722 ut
1334 1694 1428 1721 volunt
1447 1695 1572 1722 nonnulli
1585 1696 1721 1729 doctores,
1739 1697 1792 1724 hu-

999 1739 1120 1774 jusmodi
1135 1743 1228 1773 aperte
1236 1739 1364 1774 cognosci
1375 1745 1486 1771 nomen,
1497 1739 1520 1766 is
1535 1740 1631 1774 utique
1643 1742 1689 1775 qui
1702 1742 1791 1776 ipsum

1001 1783 1070 1811 vidit
1081 1783 1241 1817 revelasset,
1261 1783 1310 1811 sed
1333 1791 1388 1810 non
1412 1784 1516 1819 placuit
1534 1785 1635 1812 divina:
1650 1787 1746 1820 gratiae
1763 1792 1794 1814 ut

1002 1838 1101 1858 nomen
1115 1830 1238 1864 pestiferi
1250 1829 1371 1858 hominis
1393 1829 1421 1857 in
1448 1830 1542 1858 divino
1556 1831 1627 1859 libro
1642 1832 1794 1860 referretur

1001 1877 1027 1904 in
1045 1877 1169 1904 ordinem
1190 1887 1197 1905 :
1215 1881 1334 1904 attamen
1361 1876 1489 1905 exercitii
1509 1878 1597 1912 gratia
1623 1878 1709 1905 multa
1725 1886 1791 1914 pos-

1000 1927 1066 1950 sunt
1093 1922 1211 1950 inveniri
1234 1924 1346 1950 nomina
1370 1922 1448 1958 juxta
1472 1922 1582 1951 beatum
1615 1924 1791 1960 Hippolytum

1000 1968 1083 2004 766
1097 1968 1222 2003 aliosque
1237 1968 1338 1996 multos
1353 1976 1415 2002 quae
1435 1969 1508 1996 hunc
1520 1968 1681 1998 contineant
1692 1978 1791 1998 nume-

1000 2021 1061 2040 rum
1079 2019 1134 2041 tam
1149 2013 1259 2048 propria
1273 2021 1355 2048 quam
1372 2013 1546 2048 appellativa.

1262 2077 1377 2107 CAPUT
1403 2078 1525 2106 XXXIX.

1001 2135 1040 2164 De
1056 2140 1162 2163 centum
1187 2135 1367 2170 quadraginta
1386 2141 1501 2170 quatuor
1531 2135 1648 2163 millibus
1671 2138 1717 2172 qui
1732 2145 1791 2163 cum

1177 2173 1252 2205 Agna
1265 2172 1374 2197 stabant
1391 2172 1418 2197 in
1429 2176 1516 2198 nioute
1531 2172 1609 2198 Sion.

1035 2239 1107 2273 XIV,
1124 2240 1183 2267 1-5.
1198 2239 1232 2267 ει
1249 2240 1302 2267 vidi
1318 2245 1342 2267 et
1361 2248 1418 2267 (cce
1438 2241 1528 2275 Agnus
1551 2241 1641 2268 stabat
1660 2242 1687 2268 in
1705 2246 1792 2270 monte

997 2285 1107 2319 Siou,et
1121 2294 1179 2312 cum
1192 2294 1220 2313 eo
1236 2294 1360 2313 numerus
1372 2292 1476 2313 centum
1484 2288 1633 2322 quadragin
1641 2293 1667 2314 ta
1676 2295 1792 2324 quatuor

997 2332 1111 2360 millium
1122 2332 1275 2360 habentium
1292 2341 1384 2360 nomen
1406 2333 1463 2368 ejus
1479 2338 1503 2360 et
1521 2342 1615 2361 nomen
1631 2336 1715 2369 patris
1730 2336 1789 2370 cjus

997 2379 1126 2413 scriptum
1141 2379 1168 2405 in
1180 2379 1312 2412 frontibus
1331 2379 1397 2406 suis.
1411 2379 1445 2406 Et
1457 2379 1549 2407 audiui
1569 2388 1656 2407 uocem
1679 2382 1711 2408 de
1725 2382 1791 2409 caelo

997 2431 1126 2460 tanquam
1138 2433 1227 2453 uocem
1241 2434 1372 2460 aquarum
1388 2426 1547 2458 multarum,
1562 2432 1587 2454 et
1601 2433 1729 2463 tanquam
1743 2437 1789 2456 uo-

998 2480 1054 2500 cem
1073 2473 1184 2500 tonitrui
1202 2473 1291 2506 magni
1312 2477 1357 2499 :ct
1373 2479 1422 2499 vox
1441 2480 1522 2508 quam
1540 2472 1632 2500 audivi
1652 2474 1732 2500 veluti
1751 2475 1790 2501 ci-

997 2519 1175 2546 tharoedorum
1187 2519 1403 2545 cit/turizantium
1426 2519 1454 2545 in
1471 2518 1582 2545 citharis
1596 2520 1662 2546 suis.
1688 2519 1723 2547 Et
1744 2528 1790 2546 ca-

997 2569 1062 2591 nunt
1076 2565 1153 2599 quasi
1171 2565 1305 2591 canticum
1326 2572 1421 2591 novum
1444 2569 1504 2591 ante
1530 2565 1664 2598 thronum,
1683 2569 1709 2592 et
1729 2570 1790 2592 ante
1827 2564 1836 2573 '

996 2615 1112 2645 quatuor
1127 2610 1256 2637 animalia
1280 2617 1304 2638 et
1334 2611 1458 2638 seniores.
1475 2610 1509 2637 Et
1527 2618 1602 2637 neruo
1617 2615 1720 2643 poterat
1747 2611 1790 2636 di-

995 2664 1066 2683 scere
1081 2656 1214 2682 canticum
1230 2656 1296 2682 illud
1325 2657 1376 2682 nisi
1401 2656 1449 2682 illa
1473 2660 1578 2682 centum
1607 2655 1789 2690 quadraginta

995 2707 1110 2738 quatuor
1126 2703 1210 2730 millia
1221 2703 1266 2738 qui
1281 2703 1362 2738 empti
1377 2709 1436 2730 sunt
1447 2703 1478 2730 de
1491 2707 1573 2730 terra.

1031 2791 1065 2819 In
1077 2797 1163 2819 monte
1177 2792 1252 2820 Sion.
1266 2791 1325 2820 Non
1340 2793 1367 2820 in
1388 2793 1471 2820 veteri
1494 2792 1574 2824 Sion.
1605 2792 1669 2827 quia
1695 2799 1786 2827 neque

996 2838 1056 2866 haec
1070 2839 1278 2873 obtemperabat
1300 2840 1379 2875 Agno
1403 2840 1510 2874 quiest
1534 2838 1672 2871 Christus,
1689 2838 1735 2866 sed
1757 2840 1785 2866 in

995 2893 1066 2914 nova
1077 2894 1138 2922 quae
1152 2891 1194 2916 est
1208 2887 1305 2915 civitas
1317 2886 1364 2916 Dei
1378 2886 1494 2915 viventis
1510 2892 1595 2921 quam
1615 2891 1689 2912 nunc
1710 2884 1781 2913 dici-

1543 2933 1584 2964 22
