2092 3157
287 193 340 225 683

692 194 856 226 ARETH/E
876 195 1065 226 CAESARE/lt]
1084 195 1328 227 CAPPADOCLE
1347 196 1518 228 EPISCOPI

1859 195 1915 227 (iiii

289 252 333 275 tur
345 247 439 283 Agnus
466 247 633 278 ascendisse,
655 248 850 276 manilestante
875 248 981 277 visione
1009 257 1074 276 eou-

1128 249 1263 276 Βείκνυται
1287 250 1452 285 ἐπιδεόηκὺς
1483 250 1514 277 τὸ
1536 249 1630 286 ἀρνίον
1653 250 1701 285 τὴν
1724 250 1767 276 ἐπ’
1793 250 1915 285 ἐσχάτων

286 293 440 322 versionem
463 293 545 320 Israel
567 300 628 327 qua:
648 293 694 319 ﬁet
719 294 870 328 postremis
891 294 1071 328 temporibus,

287 347 369 375 quam
382 344 409 366 ct
428 339 506 366 divus
518 339 608 365 innuit
624 338 725 367 Paulus
739 339 803 366 dum
817 340 855 367 ait
872 349 879 368 :
899 349 908 366 ι
933 340 1002 368 Cum
1016 341 1074 376 ple-

287 385 383 413 nitudo
395 384 516 420 gentium
535 384 691 417 intraverit,
706 389 771 412 tunc
783 386 872 413 omnis
890 385 972 413 Israel
981 386 1074 414 salvus

285 431 339 459 erit
353 430 386 464 ⁷⁸,
405 440 414 456 ›
430 430 457 457 in
473 430 575 458 Christi
591 430 719 458 videlicet
732 430 868 459 'rcdactus
894 431 1072 459 famulitium.

320 475 355 502 Et
370 483 430 502 cum
444 483 473 502 eo
496 483 619 501 numerus
644 479 747 502 centum
767 474 946 510 quadraginta
959 479 1075 510 quatuor

284 520 408 548 miliium.
420 519 557 548 Numerus
572 520 670 548 horum
687 520 815 554 millium,
832 527 888 547 non
902 520 1015 548 illorum
1031 524 1076 548 est

284 568 318 594 de
331 567 431 602 quibus
447 566 608 602 prtedictum
623 570 666 594 est
680 565 753 601 quod
773 573 806 594 ex
818 573 985 602 unaquaque
1000 567 1075 594 tribu

283 613 460 641 crediderunt
474 612 501 640 in
517 613 656 640 Christum
673 621 680 639 :
706 620 768 639 nam
797 612 820 640 si
847 612 873 640 id
890 612 998 644 fuisset,
1012 619 1074 640 cum

284 659 399 686 articulo
419 657 579 692 protulisset
595 657 701 690 dicens,
714 656 818 684 ﬂorum
833 661 941 684 centum
956 656 1076 691 quadra-

284 707 357 741 ginta
373 710 492 741 quatuor
510 705 625 732 millium
643 705 794 740 :quoniam
822 706 914 732 autem
931 704 991 732 sine
1008 703 1076 731 arti-

285 751 346 778 culo
370 750 492 786 protulit,
521 750 658 785 rcliquum
692 754 736 777 est
770 754 799 777 ut
827 749 999 784 intelligatur
1025 749 1076 776 hos

233 791 236 795 λ
285 797 387 825 divisse
402 797 447 833 qui
465 804 496 823 ex
522 797 650 831 gentibus
678 796 857 823 crediderunt
880 805 886 823 :
904 796 968 823 dum
988 795 1076 830 gratia

285 843 369 870 divini
387 842 501 870 seminis
514 850 575 877 quin
587 842 613 869 in
627 849 793 876 unoquoque
810 841 859 869 fuit
874 841 1074 876 apostolorum,

285 889 434 916 duodecies
449 893 558 923 operata
575 888 610 916 sit
625 888 651 915 in
668 888 825 924 millecnplo
850 887 968 915 fructum
987 886 1076 922 perfe-

285 939 357 962 ctum
374 934 434 961 ﬁdei
452 942 546 961 eorum
563 933 608 968 qui
625 933 693 961 salvi
710 933 798 966 ﬁunt;
821 932 902 968 767
919 933 1019 968 quibus
1034 937 1076 959 at-

284 984 398 1008 testatur
414 980 486 1014 quod
502 979 687 1014 virginitatem
705 977 882 1014 prmsliterint
906 982 960 1005 tam
977 984 1074 1011 corpo-

285 1026 323 1053 ris
350 1032 433 1060 quam
454 1024 564 1056 animae,
592 1032 654 1059 qua:
677 1018 749 1059 apud
764 1023 895 1051 Hebraeos
921 1030 983 1049 rara
1010 1021 1072 1049 fuit.

283 1069 362 1105 Quod
379 1075 470 1098 autem
488 1071 608 1098 habeant
636 1077 736 1098 nomen
761 1068 852 1096 Patris
870 1069 931 1103 ejus
956 1073 984 1095 et
1012 1067 1074 1095 Filii

284 1118 416 1153 scriptum
441 1118 469 1144 in
486 1117 633 1150 frontibus,
658 1117 795 1151 signiﬁcat
814 1116 887 1151 quod
907 1114 998 1142 divina
1014 1114 1078 1140 luce

284 1158 372 1198 ipsius
388 1163 473 1190 divini
490 1162 584 1190 vultus
601 1162 793 1196 obsignentur,
810 1168 859 1196 per
875 1159 951 1194 quod
968 1158 1075 1186 aemulis

285 1211 313 1237 in
328 1209 379 1237 hoc
395 1213 422 1236 et
437 1208 598 1243 perniciosis
610 1207 781 1236 daemonibus
801 1205 898 1234 terrori
915 1208 991 1232 sunt.

322 1254 459 1290 Tanquam
478 1262 565 1281 vocem
590 1261 720 1289 aquarum
746 1251 892 1279 multarum
908 1254 932 1277 et
950 1255 1076 1284 tanquam

284 1310 372 1330 vocem
393 1301 504 1328 tonitrui
526 1300 627 1335 magni.
639 1299 781 1334 Aquarum
802 1303 830 1325 et
845 1296 960 1325 tonitrui
984 1303 1016 1322 ac
1035 1295 1075 1322 ci-

286 1348 372 1376 thara
394 1355 459 1380 vox,
485 1346 623 1382 signiﬁcat
645 1345 798 1372 claritatem
825 1343 930 1372 auditui
955 1341 1075 1377 perviam

285 1394 446 1431 hymnidici,
467 1393 573 1425 canori,
599 1391 693 1419 suavis
717 1398 750 1418 ac
774 1390 889 1418 consoni
915 1392 1075 1417 sanctorum

284 1446 393 1473 cantus,
410 1440 457 1475 qui
483 1439 641 1466 universam
661 1437 857 1473 complectitur
883 1434 1078 1471 primogenito.

285 1495 347 1516 rum
364 1487 392 1514 in
408 1485 486 1513 caelis
511 1485 711 1519 descriptorum
740 1483 892 1511 Ecclesiam
919 1485 1077 1516 coetumque

285 1535 436 1570 publicum,
454 1541 469 1560 a
492 1532 592 1567 quibus
612 1531 693 1558 laude
717 1530 872 1558 celebratur
895 1527 1077 1563 primogenita

284 1580 404 1608 vocatio.
419 1579 475 1614 Ego
488 1583 579 1606 autem
604 1576 703 1612 opinor
715 1575 788 1611 quod
805 1582 838 1602 ne
855 1575 951 1601 audire
965 1574 1077 1609 quidem

1124 295 1302 331 ἐπιστροφὴν,
1314 296 1580 331 παραδηλούσηςτῆς
1589 295 1721 328 ὀπτασίας
1730 295 1776 322 τοῦ
1788 295 1910 332 Ἰσραήλ.

1127 340 1178 366 Ἢν
1195 341 1243 366 xui.
1255 340 1384 372 Παῦλοςὸ
1398 341 1469 372 θεῖος
1483 341 1593 376 ᾐνίξατο
1607 341 1641 368 δι’
1650 338 1687 368 ὧν
1700 349 1783 376 φησιν
1797 348 1804 356 '
1823 350 1832 366 ι
1848 341 1913 367 Ὅτε

1124 386 1155 412 τὸ
1170 386 1309 421 πλήρωμα
1324 386 1378 413 τῶν
1392 387 1478 413 ἐθνῶν
1500 386 1621 422 εἰσέλθῃ,
1652 387 1713 413 τότε
1726 387 1781 418 πᾶς
1806 385 1913 422 Ἰσραὴλ

1125 431 1286 467 σωθήσεται,
1305 441 1313 457 ι
1333 432 1484 464 οίκειωθεὶς
1497 432 1535 467 τῷ
1550 432 1671 467 Χριστῷ.

1160 476 1215 503 Καὶ
1232 477 1295 511 μετ’
1307 477 1401 504 αὐτοῦ
1411 477 1534 512 ἀριθμὸς
1552 476 1611 512 ρμδ¹
1624 476 1769 511 χιλιάδες.
1792 477 1823 504 '0
1834 476 1913 513 αριθ-

1126 522 1175 557 μδς
1192 522 1220 549 δὲ
1234 522 1288 549 τῶν
1307 522 1435 556 χιλιάδων
1449 523 1498 557 οὐχ
1524 523 1537 549 ὁ
1554 522 1636 553 αὐτὸς
1655 522 1710 549 τῶν
1734 522 1781 557 ἀφ’
1796 522 1916 556 ἑκάστης

1125 567 1212 602 φυλῆς
1227 568 1435 604 προειρημένων
1446 568 1662 595 πεπιστευκέναι
1683 568 1723 603 τῷ
1740 568 1862 603 Χριστῷ.
1876 566 1915 594 Ἠ

1124 612 1179 648 γὰρ
1193 612 1226 639 ἂν
1241 612 1312 647 μετὰ
1326 613 1373 639 τοῦ
1396 612 1499 648 ἁρθρου
1521 614 1704 648 προήνεγκεν,
1719 613 1752 639 Δί
1771 612 1831 648 ρμδ⁷
1845 612 1916 648 χιλιο

1125 658 1199 689 άδες,
1234 658 1330 685 είπὼν.
1363 657 1434 684 Ἀλλ’
1461 658 1555 694 ἐπειδὴ
1581 658 1769 694 ἁσυνάρθρως,
1790 658 1914 686 λείπεται

1124 704 1188 735 τοὺς
1203 703 1257 730 ἀπὸ
1283 703 1337 730 τῶν
1362 702 1447 730 ἐθνῶν
1475 705 1545 730 νοεῖν
1560 704 1641 731 αὑτὸν
1658 705 1807 740 εἰρηκέναι,
1820 704 1871 740 τῆς
1885 706 1916 732 ὲν

1126 750 1234 785 ἑκάστῳ
1250 749 1362 784 χάριτος
1376 750 1424 777 τοῦ
1441 750 1515 776 θείου
1532 751 1634 786 σπόρου
1663 752 1711 778 καὶ
1730 751 1914 778 ἀποστολικοΰ

1125 795 1277 827 δωδεκάκις
1305 795 1439 830 χιλιοστὺν
1471 796 1712 832 ἀπεργαζομένης,
1741 797 1833 823 τέλεον
1867 796 1916 823 τιν

1126 841 1233 877 καρπὸν
1246 842 1295 876 τῆς
1308 842 1363 867 τῶν
1381 842 1542 877 σωζομένων
1562 842 1690 876 πίστεως,
1706 840 1746 874 οἷς
1763 841 1915 878 παρθενίαν

1127 887 1339 922 κατωρθωκέναι
1366 889 1574 923 προσμαρτυρεῖ
1588 887 1648 923 [ὅση
1672 888 1782 922 σαρκὸς.
1800 888 1850 923 ὅση
1865 888 1915 922 ψυ-

1128 935 1177 969 χῆς
1195 933 1275 969 (6οη,
1291 934 1305 960 ὃ
1320 934 1433 961 σπάνιον
1460 934 1524 970 παρ’
1544 934 1690 969 Ἑϐραίοις.
1704 934 1741 960 Τὸ
1750 933 1778 960 δὲ
1800 933 1872 968 ἔχειν
1886 934 1916 960 τδ

1128 981 1214 1016 ὄνομα
1245 980 1291 1007 τοῦ
1326 980 1432 1016 Πατρός
1460 980 1543 1007 αὑτοῦ
1575 980 1768 1015 γεγραμμένον
1797 980 1845 1006 καὶ
1868 979 1916 1006 τοῦ

1126 1025 1191 1053 Υἱοῦ
1210 1026 1266 1061 (Η)
1282 1026 1328 1052 ἐπὶ
1343 1025 1488 1060 μετώπων,
1504 1025 1590 1060 δηλοῖ,
1605 1025 1643 1057 ὡς
1654 1024 1693 1060 τῷ
1709 1025 1774 1060 θείῳ
1783 1025 1853 1059 φωτὶ
1863 1024 1911 1051 τοῦ

1125 1070 1273 1105 προσώπου
1289 1070 1371 1097 αὐτοῦ
1384 1071 1433 1097 τοῦ
1451 1071 1524 1098 θείου
1537 1070 1745 1106 σφραγίζονται,
1761 1070 1796 1097 δι’
1811 1067 1841 1097 οὗ
1855 1071 1914 1102 τοῖς

1125 1117 1285 1151 ἁντιμίμοις
1306 1117 1354 1143 ἐπὶ
1373 1116 1468 1143 τούτου
1489 1116 1623 1151 ὀλεθρίοις
1651 1116 1773 1150 δαίμοσι,
1801 1116 1914 1151 φοϐεροὶ

1125 1163 1254 1197 γίνονται.

1167 1251 1217 1284 Ὠς
1242 1251 1348 1286 φωνὴν
1368 1252 1487 1279 ὑδάτων
1510 1252 1645 1285 πολλῶν,
1665 1253 1714 1280 καὶ
1740 1252 1780 1285 ὡς
1811 1252 1916 1287 φωνὴν

1123 1296 1259 1331 ,βροντῆς
1273 1297 1421 1332 μεγάλης.
1446 1298 1478 1325 Ἣ
1493 1298 1548 1324 τῶν
1565 1297 1670 1325 ὑδάτων
1691 1297 1739 1325 καὶ¹
1764 1297 1819 1324 τῶν
1835 1298 1917 1333 βρον-

1127 1342 1182 1369 τῶν
1201 1343 1306 1378 καὶτῆς
1322 1343 1438 1379 κιθάρας
1452 1343 1539 1380 φωνὴ,
1553 1343 1584 1370 τὺ
1597 1343 1759 1380 διαπρύσιον
1775 1344 1851 1379 δηλοῖ
1866 1343 1917 1379 τῆς

1127 1386 1182 1413 τῶν
1208 1387 1294 1421 ἁγίων
1310 1387 1448 1423 ὑμνῳδῐας
1465 1388 1513 1415 καὶ
1539 1389 1588 1424 τῆς
1611 1388 1747 1424 ἐμμελοῦς
1761 1388 1852 1415 αὐτῶν
1869 1389 1918 1415 καὶ

1128 1432 1227 1468 εὺήχου
1244 1433 1292 1460 καὶ
1308 1434 1455 1468 συμφώνου
1469 1433 1541 1469 ᾠδῆς
1558 1434 1718 1470 τῆςοπᾶσαν
1732 1433 1918 1469 περιηχούσης

1127 1478 1178 1514 τὴν
1195 1479 1250 1505 τῶν
1273 1479 1302 1506 ὲν
1319 1479 1444 1515 οὐρανοῖς
1464 1479 1723 1515 ἀπογεγραμμένων
1751 1479 1918 1514 Ἐκκλησίαν

1129 1525 1310 1560 πρωτοτόκων
1334 1526 1382 1552 καὶ
1406 1527 1561 1562 πανήγυριν
1574 1523 1615 1558 οἷς
1634 1527 1651 1561 ἡ
1668 1526 1842 1561 πρωτότοκος
1854 1527 1917 1551 ἑπι-

1130 1569 1279 1605 φημίζεται
1296 1570 1401 1606 κλῆσις.
1422 1570 1493 1605 Ἐγὼ
1506 1570 1535 1597 δὲ
1549 1568 1639 1605 οἶμαι,
1661 1571 1701 1597 ὅτι
1717 1570 1778 1597 οὐδὲ
1800 1570 1917 1597 ἀκοῦσαί

285 1626 372 1662 possit
383 1625 516 1661 quispiam
544 1623 607 1650 novi
625 1626 722 1648 cantus
752 1619 893 1654 mysteria,
911 1619 964 1646 nisi
982 1618 1009 1645 lii
1029 1618 1075 1653 qui

1128 1624 1170 1647 τις
1189 1615 1301 1642 δύναται
1314 1616 1348 1642 τὰ
1363 1616 1414 1651 τῆς
1431 1617 1530 1652 καινῆς
1546 1617 1618 1652 ᾠδῆς
1636 1617 1785 1652 μυστήρια,
1802 1617 1825 1643 si
1841 1616 1878 1651 μὴ
1893 1616 1918 1644 οε

281 1680 319 1700 ea
333 1678 431 1699 canere
443 1669 518 1704 digni
530 1673 605 1696 sunt.
622 1668 726 1702 Cuique
751 1665 825 1694 enirn
853 1665 934 1692 datur
958 1664 1077 1700 cognitio

284 1719 362 1752 juxta
378 1716 506 1752 puritatis
518 1714 734 1750 proportionem.

322 1761 394 1794 XIV,
410 1761 438 1793 4,
453 1760 479 1787 5.
497 1759 530 1786 lli
547 1764 607 1785 sunt
623 1758 669 1793 qui
684 1766 742 1784 cum
760 1755 916 1783 mulieribus
943 1763 994 1782 non
1016 1759 1077 1782 sunt

285 1807 451 1843 coinquinati
469 1815 477 1833 :
491 1806 602 1840 virgines
620 1805 688 1831 enim
703 1808 775 1830 sunt.
785 1802 820 1829 Ili
835 1807 894 1829 sunt
907 1802 952 1836 qui
965 1810 1079 1837 sequun-

287 1858 331 1880 tur
346 1854 449 1888 Agnum
470 1859 623 1886 quocunque
635 1850 704 1877 ierit.
718 1847 754 1875 lli
771 1858 787 1875 a
802 1847 866 1874 Jesu
880 1848 960 1882 empti
975 1852 1079 1874 suntex

285 1898 446 1930 hominibus,
462 1897 588 1932 primitia:
603 1895 657 1922 Dea
673 1900 698 1922 et
714 1895 801 1930 Agna,
817 1899 841 1920 et
862 1894 889 1920 in
904 1901 948 1920 ore
961 1893 1077 1924 ipsorum

286 1954 338 1973 non
366 1950 405 1972 est
432 1945 566 1971 inretitum
591 1942 767 1969 nteudacium.
795 1940 857 1968 Sine
880 1940 986 1966 macula
1009 1939 1077 1965 etaim

285 1997 357 2020 aunt.
371 1991 408 2018 Hi
421 1996 480 2018 sunt
494 1991 538 2025 qui
552 1994 697 2023 sequuntur
711 1986 823 2022 Aquam.

321 2079 381 2107 Non
402 2079 460 2106 hate
480 2079 508 2106 in
533 2076 697 2112 vituperium
730 2074 900 2103 matrimonii
936 2074 1076 2101 dicuntur.

286 2125 429 2162 Siquidem
443 2123 606 2152 bonorabile
617 2127 660 2151 est
674 2121 842 2150 connubiutu
857 2128 923 2148 :nec
935 2119 1078 2154 indignum

285 2173 411 2201 redditur
431 2170 604 2205 eonjugium,
637 2175 671 2196 eo
700 2167 775 2203 quod
798 2166 943 2201 virginitas
966 2165 1077 2200 dignam

286 2219 418 2254 suscipiat
435 2217 555 2244 laudem.
573 2215 626 2242 Sed
655 2215 787 2249 quoniam
811 2213 890 2241 stella
905 2220 920 2239 a
935 2211 1013 2239 stella
1028 2210 1079 2237 dif-

286 2265 340 2292 fert
350 2264 376 2290 in
395 2263 493 2298 gloria,
511 2262 562 2288 hos
576 2260 733 2296 pracellere
754 2264 869 2287 caeteros
888 2259 1079 2285 existimamus

288 2316 350 2346 post
369 2309 465 2344 viginti
481 2312 601 2343 quatuor
618 2306 753 2337 seniores,
770 2309 881 2340 propter
895 2303 1078 2338 virginitatem
1096 2292 1118 2321 θ

287 2360 313 2382 et
328 2359 382 2381 tam
398 2354 497 2387 lingua:
518 2359 600 2386 quam
619 2358 751 2378 manuum
770 2349 966 2381 innocentiam,
986 2349 1078 2383 splen-

288 2401 438 2433 doremque
456 2398 597 2430 virtutum,
613 2404 694 2431 quem
722 2400 783 2431 post
807 2395 909 2423 Christi
932 2393 1078 2421 adventum

289 2447 361 2473 nacti
373 2449 458 2472 sunt:
476 2452 524 2480 per
540 2450 620 2479 quem
637 2444 719 2470 etiam
737 2441 836 2470 novum
861 2441 997 2469 docentur
1016 2447 1080 2468 can-

290 2495 386 2528 ticum,
399 2493 472 2529 quod
486 2493 567 2528 vulgo
579 2491 748 2527 incognitum
759 2495 800 2518 est
818 2500 824 2517 :
840 2497 893 2517 non
907 2490 934 2517 in
954 2489 1080 2524 prasenti

254 2565 260 2571 .
291 2545 396 2568 tantum
412 2539 479 2571 vita,
492 2537 539 2565 sed
554 2537 635 2564 etiam
653 2536 680 2564 in
690 2535 784 2563 futuro
795 2534 905 2563 smculo.
917 2534 1079 2568 Quanquam

290 2590 362 2617 enim
378 2587 499 2623 perlecta
510 2586 545 2614 sit
562 2586 598 2613 ibi
612 2583 815 2620 cognitiojuxta
831 2581 1001 2617 Apostolum,
1018 2579 1080 2607 uui-

291 2636 390 2670 cuique
408 2639 498 2661 tamen
519 2632 679 2668 rependitur
700 2631 819 2666 cognitio
843 2629 923 2664 juxta
951 2626 1080 2662 puritatis

291 2682 425 2717 cujusque
445 2679 662 2716 proportionem.

329 2727 366 2755 Hi
381 2732 442 2754 sunt
459 2728 504 2762 qui
515 2730 660 2761 sequuntur
675 2725 788 2759 Agnum.
804 2722 862 2750 Non
880 2726 922 2750 est
943 2721 970 2749 id
986 2725 1079 2749 osten-

329 2816 352 2833 "
366 2816 447 2845 Rom.
460 2824 498 2848 xt,
512 2814 557 2843 ‘25.

332 2895 387 2931 (40)
408 2895 517 2924 Inclusa
535 2893 677 2923 omittebat
693 2893 738 2921 ed.

1128 1660 1174 1687 τοῦ
1187 1661 1262 1697 ᾄδειν
1290 1662 1361 1688 αὐτὰ
1379 1662 1538 1697 ἠξιωμένοι.
1562 1662 1685 1698 Ἐκάστῳ
1701 1663 1756 1698 γὰρ
1779 1664 1796 1698 ή
1816 1663 1917 1697 γνῶσις

1130 1707 1201 1734 κατὰ
1214 1707 1264 1742 τὴν
1276 1708 1482 1746 ἀναλογίαντῆς
1496 1708 1693 1744 καθαρότητος.

1166 1752 1256 1782 οὗτοι
1268 1755 1357 1786 διο-ιν,
1377 1754 1405 1781 οἳ
1415 1755 1490 1788 μετὰ
1511 1753 1663 1789 γυναικῶν
1679 1754 1735 1781 οὐκ
1751 1754 1919 1789 ἐμολύνθη-

1129 1807 1206 1826 σαν·
1223 1798 1365 1832 παρθένοι
1376 1799 1432 1834 γάρ
1445 1800 1535 1826 εἰσιν.
1553 1797 1642 1827 οὗτοι
1657 1800 1737 1826 εἰσιν
1751 1801 1778 1826 οι
1789 1800 1918 1826 ἀκολου-

1130 1845 1251 1876 θοῦντες
1263 1844 1302 1877 τῷ
1324 1845 1424 1879 Ἀρνίῳ
1451 1845 1527 1872 ὅπου
1543 1846 1598 1872 ἐὰν
1612 1845 1729 1880 ὑπάγῃ*
1746 1844 1830 1874 οὗτοι
1859 1845 1920 1873 ὑπὸ

1136 1890 1239 1924 Ἰησοῦ
1247 1890 1466 1924 ἠγοράσθησαν
1476 1891 1535 1918 ἀπὸ
1546 1889 1605 1917 τῶν
1612 1891 1786 1925 ἁνβρώπων,
1797 1891 1919 1926 ἀπαρχὴ

1131 1935 1170 1968 τῷ
1185 1935 1246 1967 Θεῶ
1268 1936 1317 1962 καί
1333 1935 1373 1969 τῷ
1406 1937 1517 1970 Ἀρνίῳ,
1543 1936 1592 1962 καὶ
1607 1937 1664 1970 οὐκ
1690 1937 1797 1970 εὑρέθη
1821 1937 1857 1963 ἐν
1879 1936 1920 1969 τῷ

1130 1982 1254 2016 στόματι
1269 1981 1369 2008 αὐτῶν
1384 1981 1497 2016 ψεῦδος
1510 1989 1516 1995 ·
1531 1981 1643 2016 ἄμωμοι
1658 1981 1714 2016 γάρ
1725 1983 1815 2009 εἰσιν.
1831 1979 1922 2010 οὗτοι

1130 2028 1210 2054 εἰσιν
1223 2029 1250 2054 ol
1263 2028 1506 2060 ἀκολουθοῦντες
1520 2027 1559 2060 τῷ
1576 2027 1687 2061 Ἀρνὶῳ.

1129 2073 1223 2100 Ὀὐκ
1239 2074 1422 2108 ἀτιμουμένου
1439 2072 1485 2100 τοῦ
1509 2074 1600 2108 γάμου
1614 2074 1648 2100 τὰ
1671 2074 1806 2109 παρόντα.
1822 2074 1920 2108 Τίμιος

1131 2119 1186 2155 γὰρ
1200 2120 1214 2145 ό
1228 2119 1317 2154 γάμος
1328 2127 1334 2133 “
1348 2119 1395 2145 καὶ
1411 2119 1440 2145 οὐ
1454 2119 1492 2153 τῷ
1506 2118 1657 2152 ἀξιεπαίνῳ
1677 2118 1728 2152 ⁴τῆς
1745 2118 1896 2154 παρθενίας
1906 2120 1921 2145 ὁ

1131 2166 1220 2200 γάμος
1237 2165 1384 2192 ὑποδύεται
1399 2165 1429 2192 τὸ
1446 2165 1565 2198 ἀνάξιον,
1586 2163 1645 2191 ἀλλ’
1663 2164 1758 2200 ἐπειδὴ
1771 2164 1818 2191 καὶ
1832 2165 1921 2200 ἀστὴρ

1131 2211 1246 2246 ἀστέρος
1264 2211 1388 2246 διαφέρει
1405 2212 1433 2237 ἐν
1446 2210 1519 2247 δόξῃ,
1530 2211 1642 2242 τούτους
1659 2210 1728 2245 μετὰ
1741 2210 1804 2241 τοὺς
1821 2210 1923 2236 εἰκοσι-

1132 2259 1269 2293 τέσσαρας
1285 2258 1489 2293 πρεσϐυτέρους
1506 2256 1560 2284 τῶν
1573 2257 1675 2283 λοιπῶν
1695 2253 1765 2283 εἶναι
1780 2256 1923 2291 ἡγούμεθα

1133 2304 1313 2340 προῦχοντας,
1331 2304 1375 2330 διά
1391 2312 1420 2330 τε
1434 2303 1485 2338 τὴν
1501 2303 1651 2339 παρθενίαν
1665 2301 1712 2329 καὶ
1727 2302 1756 2328 τὸ
1766 2303 1796 2328 ἐν
1812 2301 1924 2338 γλώσσῃ

1133 2359 1162 2377 τε
1183 2350 1230 2377 καὶ
1247 2350 1276 2376 ὲν
1299 2350 1393 2386 χερσὶν
1419 2350 1546 2385 ἄμωμον,
1565 2348 1634 2384 μετὰ
1659 2349 1709 2383 τὴν
1727 2347 1774 2374 τοῦ
1802 2347 1922 2383 Χριστοῦ

1135 2396 1288 2432 παρουσίαν
1300 2396 1457 2431 κτωμένους
1474 2396 1524 2430 τὴν
1548 2395 1577 2422 ὲν
1602 2395 1713 2430 ἀρεταῖς
1729 2394 1922 2430 λαμπρότητα,

1134 2442 1168 2468 δι’
1183 2440 1218 2477 ἦς
1232 2441 1280 2468 καὶ
1298 2441 1348 2476 τὴν
1366 2441 1462 2476 καινὴν
1479 2439 1552 2476 ᾠδὴν
1573 2440 1757 2472 διδάσκονται,
1772 2441 1828 2472 τοῖς
1856 2439 1923 2466 πολ-

1135 2488 1192 2520 λοῖς
1206 2489 1236 2514 οὐ
1258 2488 1339 2523 μόνον
1357 2487 1428 2514 κατὰ
1447 2487 1492 2514 τὸν
1511 2487 1634 2522 παρόντα
1657 2487 1726 2520 βίον,
1746 2485 1813 2512 ἀλλὰ
1829 2486 1875 2512 καὶ
1894 2486 1924 2511 ἐν

1136 2534 1175 2568 τῷ
1193 2533 1320 2568 μέλλοντι
1335 2533 1413 2559 αἰῶνι
1429 2532 1575 2566 ἄγνωστον.
1593 2533 1624 2558 El
1637 2532 1692 2567 γὰρ
1708 2532 1754 2558 καὶ
1773 2531 1803 2557 τὸ
1821 2530 1924 2556 τέλειον

1136 2580 1184 2614 τῆς
1202 2579 1331 2613 γνώσεως
1346 2579 1414 2611 ἐκεῖ,
1431 2578 1503 2605 κατὰ
1516 2578 1564 2605 τὸν
1582 2578 1758 2609 Ἀπόστολον,
1772 2577 1841 2604 ἀλλὰ
1858 2577 1924 2603 ἁνα-

1136 2627 1222 2660 λόγως
1239 2627 1272 2661 τῇ
1302 2625 1399 2652 ἑαυτοῦ
1432 2625 1567 2660 καθάρσει
1589 2625 1696 2660 ἑκάστῳ
1716 2623 1924 2659 ἑφαπλουμένης

1135 2672 1184 2706 τῆς
1202 2671 1340 2705 γνώσεως.
1427 2667 1430 2671 ’

1169 2716 1258 2746 Οὗτοι
1269 2719 1348 2745 εἰσιν
1355 2719 1382 2745 οι
1393 2716 1629 2749 ἀκολουθοῦντες
1638 2715 1679 2748 τῷ
1695 2715 1810 2750 ’ΔρνΙῳ.
1818 2714 1855 2742 Οὔ
1865 2713 1924 2741 δια-

1183 2887 1240 2923 (Ill)
1254 2886 1309 2915 Καὶ
1326 2886 1409 2915 αὑτοῦ
1417 2887 1463 2915 ed.
