2092 3157
168 191 221 223 685

701 189 897 222 COMMENT.
918 188 958 219 IN
979 187 1244 218 APOCALYPSIN.

1751 189 1804 221 686

168 247 255 283 φορὰν
271 247 461 283 παριστιῖωτος
474 247 522 275 τοῦ
544 248 662 284 ’Ᾱρνίου,
679 248 748 276 ἀλλὰ
762 249 794 275 τὸ
808 247 877 283 πρὸς
893 248 959 281 ἀρε-

1014 243 1103 271 dentis
1123 243 1193 278 Αδιιί
1208 242 1356 271 discrimen
1372 245 1419 270 aut
1436 242 1524 278 ipsius
1537 242 1740 278 excellentiam,
1755 246 1804 274 sed

168 295 217 331 τὴν
229 294 359 335 διάφορον
369 294 516 329 δηλοῦντος
529 295 575 322 τὸν
589 295 639 330 τῆς
653 296 800 331 μαθήσεως
815 297 865 331 τῆς
885 296 958 330 ᾠδῆς

168 339 443 374 κατευτυχησάντων.
459 340 490 366 Οἱ
508 339 558 374 μὲν
575 340 630 374 γὰρ
644 340 776 375 ἁπλότητι
798 340 888 375 ψυχῆς
911 341 960 367 καὶ

167 385 269 420 ἀκακία
286 384 528 420 περιχροτούμενοι
553 385 621 419 (42),
634 384 791 411 ἀκολουθεῖν
804 384 843 419 τῷ
861 383 959 419 ’Δρνίῳ

167 430 316 466 ἐπιτήδειοι
338 430 493 464 γεγόνασιν.
512 431 544 457 υἱ
558 431 585 457 δὲ
605 430 804 466 ἀνδρικώτερον
818 429 959 464 διακείμε-

168 485 207 502 νοι
224 476 270 502 καὶ
286 476 468 512 λελογισμένῃ
479 476 601 502 διαθέσει
622 475 890 511 περιστοιχούμενοι,
920 474 960 509 τῷ

168 521 333 556 ἀνδρωθέντι
363 522 474 557 Χριστῷ
499 521 738 558 προσηνέχθησαν,
766 521 835 556 πρός
868 530 899 547 τε
925 522 960 547 τὰ

169 567 255 602 πάθη,
271 567 339 603 πρός
354 576 384 593 τε
404 567 468 599 τοὺς
480 568 630 603 τυράννους
641 568 674 594 τὸ
689 568 851 603 νικητήριον
867 566 960 594 ἀνελό-

170 621 246 647 μενοι
263 612 374 647 κράτος.
393 612 425 639 Οἶ
441 613 489 639 καὶ
509 613 554 640 διὰ
576 613 607 640 τὸ
626 613 801 649 μιμήσασθαι
824 614 888 644 τοὺς
911 613 961 648 μὲν

168 659 218 692 τὴν
233 658 354 684 ἀκακίαν
376 659 496 694 Χριστοῦ
514 658 562 686 τοῦ
591 659 766 691 διδασκάλου,
791 660 855 691 τοὺς
879 659 907 685 δὲ
930 658 961 685 τὺ

169 705 282 739 ὀρνικὺν
300 705 368 740 πρὸς
392 706 442 740 τὴν
460 705 531 741 ὑπὲρ
550 706 634 732 αὐτοῦ
661 706 709 733 τοῦ
734 706 897 734 διδασκάλου
912 706 960 733 τοῦ

172 749 238 777 ἰδίου
259 750 374 785 αἳματος
386 752 510 786 ἔκχυσιν,
528 751 600 779 οὕτω
615 752 665 787 τῆς
676 754 724 779 ἀπ’
738 753 822 780 αὑτοῦ
836 753 962 788 κτήσεως

170 795 276 830 ἔτυχον.
293 796 400 832 Ὠσπερ
430 797 458 823 δὲ
482 797 532 832 τῆς
544 797 623 833 δόξης
659 798 687 824 αἱ
715 799 796 833 μοναὶ
824 799 961 833 διάφοροι,

170 840 241 867 οὕτω
258 842 306 868 καὶ
320 842 467 875 κολάσεως.
486 844 530 870 Διὸ
541 844 587 870 καὶ
608 844 716 879 εῐρηται
735 845 766 871 τὸ
783 845 899 871 ἕκαστον
916 844 961 872 τὸν

170 886 268 914 ἑαυτοῦ
284 887 381 923 μισθὸν
398 888 532 924 λήψεσθαι
552 889 624 916 κατὰ
643 889 689 917 τὸν
701 890 766 916 ἴδιον
781 890 875 917 κόπον.

458 1002 586 1030 ΚΕΦΑΔ.
624 1004 670 1031 Μ’.

169 1069 239 1104 Περὶ
253 1069 384 1105 ἀγγέλου
401 1072 655 1108 προαγορεύοντος
670 1071 727 1106 τὴν
738 1073 885 1108 ἐγγύτητα
907 1073 962 1108 τῆς

366 1106 492 1139 κρίσεως
509 1106 564 1141 τῆς
578 1106 767 1142 μελλούσηςζ

205 1173 262 1201 Καὶ
288 1171 371 1200 εἶδον
392 1174 523 1209 ἄγγελον
537 1176 703 1211 πετόμενον
724 1177 760 1204 ἐν
774 1178 963 1212 μεσουρανή-

167 1227 251 1253 ματι,
282 1218 394 1253 ἔχοντα
412 1219 598 1255 Εὐαγγέλιον
622 1221 744 1248 αἰώνιον
767 1223 962 1258 εὐαγγελίσαι

170 1264 242 1298 τοὺς
254 1263 443 1300 καθημένους
464 1265 514 1292 ἐπὶ
543 1266 598 1300 τῆς
624 1266 690 1302 γῆς,
709 1268 759 1295 καὶ
781 1268 843 1296 πᾶν
861 1269 961 1303 ἔθνος,

170 1311 220 1337 καὶ
233 1311 348 1345 φυλὴν,
371 1311 420 1338 καὶ
446 1312 604 1346 γλῶσσαν,
631 1313 681 1340 καὶ
705 1314 791 1348 λαὸν,
808 1315 907 1350 λέγων
927 1316 963 1344 ἐν

170 1355 254 1390 φωνῇ
265 1355 401 1391 μεγάλῃ·
425 1356 576 1391 Φοϐήθητε
604 1358 659 1385 τὸν
681 1359 802 1393 Κύριον,
823 1361 874 1387 καὶ
893 1361 962 1388 δότε

170 1401 252 1434 αὺτῷ
268 1401 375 1434 δόξαν,
391 1402 436 1429 ὅτι
448 1401 543 1438 ἦλθεν
563 1404 582 1438 ἡ
598 1403 659 1438 ὥρα
685 1404 741 1439 τῆς
762 1405 891 1439 κρίσεως
910 1407 962 1433 αὐ-

171 1447 234 1474 τοῦ.
255 1447 309 1475 Καὶ
332 1448 569 1482 προσκυνήσατε
583 1450 688 1482 αὐτὸν,
715 1451 769 1477 τὸν
791 1451 963 1486 ποιήσαντα

172 1492 225 1519 τόν
249 1493 381 1527 οὐρανὸν
405 1493 455 1521 καὶ
483 1494 541 1529 τὴν
568 1494 626 1529 αῆν
648 1494 703 1529 ,καὶ
721 1494 778 1530 τὴν
802 1494 963 1523 θάλασσαι·

171 1539 221 1566 καὶ
235 1538 334 1574 nam
346 1539 474 1567 ὑδάτων.
734 1540 737 1543 ⁷

207 1597 254 1629 Τὸ,
279 1596 490 1632 μεσουράνημα,
522 1598 615 1632 διττὴν
634 1598 728 1633 νόησιν
761 1599 883 1634 ἐμποιεῖ.
908 1600 964 1628 Καὶ

172 1643 226 1678 γὰρ
239 1643 269 1670 τὸ
281 1643 384 1678 ὑψηλὸν
399 1644 448 1671 καὶ
464 1643 604 1679 μετέωρον
617 1644 664 1671 καὶ
680 1645 729 1672 ἀπ’
742 1645 871 1680 οὐρανοῦ,
887 1645 918 1672 τό
933 1655 963 1673 τε

172 1689 419 1725 εὐαγγελιζόμενον
439 1689 486 1717 ὑπ’
509 1690 604 1723 αὐτοῦ,
617 1691 665 1717 καὶ
689 1691 771 1723 αὐτὸς
783 1692 799 1718 ὁ
818 1691 871 1719 ὑπὸ
894 1692 964 1719 Θεοῦ

173 1734 348 1767 ἀποσταλεὶς,
366 1734 415 1761 καὶ
428 1735 470 1762 ὅτι
485 1736 601 1770 ἧγγικεν
623 1736 674 1772 ήδη
693 1736 723 1763 τὸ
737 1736 786 1764 ἀπ’
806 1737 905 1769 αἰῶνος
918 1737 964 1764 ὲλ-

174 1780 322 1815 πιζόμενον
347 1782 500 1817 κριτήριον.
521 1782 577 1808 Καὶ
601 1782 695 1818 ἐπειδὴ
724 1784 859 1820 σωτήριον
883 1784 965 1811 τοῦτο

172 1829 228 1860 τοῖς
243 1829 276 1855 ἐκ
291 1828 393 1860 παντὸς
408 1828 503 1861 ἔθνους
519 1829 554 1856 τὰ
567 1829 704 1865 εὐάρεστα
727 1830 964 1866 διαπραξαμένοις

172 1874 243 1909 Θεῷ,
266 1874 336 1901 ἀλλὰ
353 1875 401 1902 καὶ
427 1875 547 1910 ἐμφοὸον
572 1876 681 1911 δαίμοσι
707 1878 754 1903 καὶ
774 1877 962 1913 ἁμαρτωλοῖς.

180 1920 297 1954 ’Δμφότε
303 1928 337 1954 pa.
347 1921 375 1946 δὲ
390 1920 539 1956 ὑπῃνίξατο
553 1921 569 1956 ἡ
585 1921 662 1956 φωνὴ
674 1922 743 1957 (43),
759 1923 815 1953 τοῖς
831 1922 880 1956 μὲν
894 1923 964 1956 ἀγα-

173 1964 230 1996 θοῖς
243 1965 286 1992 δια
298 1965 345 1992 τοῦ
363 1966 494 2000 μεγάλου,
510 1966 540 1992 τὸ
558 1966 729 2001 καταθύμιον
753 1965 822 1993 εἶναι
841 1968 891 2002 τὴν
915 1968 963 1994 τοῦ

173 2011 281 2038 δικαίου
295 2012 390 2047 κριτοῦ
408 2012 572 2048 παρουσίαν,
595 2013 642 2039 καὶ
667 2012 709 2039 ὃτι
736 2013 964 2047 ἀποκαταστήσει

173 2057 272 2089 αὐτοὺς
285 2057 354 2092 πρὸς
366 2056 413 2084 τὸν
428 2058 462 2084 δι’
480 2057 510 2084 ὃν
533 2057 657 2085 ὲναθλεῖν
684 2058 784 2089 αὐτοὺς
805 2058 910 2093 ὑπῆρξε
925 2059 963 2093 τῷ

176 2103 308 2138 μοχθηρῷ
320 2103 408 2139 τούτῳ
428 2104 478 2139 βιῳ
495 2104 549 2131 τῶν
565 2105 791 2140 προσταγμάτων
804 2104 889 2130 αὐτοῦ
917 2106 964 2132 ἀν-

174 2149 341 2184 τεχομένοις,
359 2151 416 2180 τοῖς
427 2150 538 2185 δαίμοσι
558 2150 587 2177 δὲ
606 2150 653 2176 καὶ
669 2151 726 2181 τοῖς
740 2149 788 2176 ὑπ’
804 2149 895 2176 αὐτῶν
914 2151 962 2177 ὲκ-

173 2195 367 2230 εακχευθεῖσιν
387 2196 546 2231 ἀνθρώποις
562 2196 656 2231 φόϐον,
667 2197 699 2223 οὐ
717 2197 786 2232 πρὸς
799 2196 962 2231 ἀσφάλειαν.

173 2241 232 2268 ἀλλ’
256 2242 288 2268 ὲκ
301 2242 467 2276 προσδοκίας
483 2242 538 2269 τῶν
554 2242 644 2277 ἔργων
659 2239 698 2270 ὧν
709 2242 843 2279 ἔπραξαν,
860 2243 901 2269 διὸ
916 2243 964 2269 καὶ

173 2287 188 2312 ὁ
203 2288 348 2324 προφήτης
363 2288 446 2322 φησιν
458 2296 465 2304 ·
486 2298 496 2314 ι
520 2289 587 2315 Ἰδοὺ
600 2288 704 2324 Κύριος
717 2289 839 2324 ἔρχεται,
856 2289 904 2315 καὶ
922 2288 964 2320 τίς
980 2300 1003 2328 ι)

174 2332 324 2360 ὑποστήσει
338 2334 562 2369 ἡμέρανεῑσόδου
580 2334 682 2367 αὐτοῦς
703 2344 712 2360 ι

209 2466 264 2493 Kal
277 2467 513 2501 προσκυνήσατε
519 2467 622 2494 αὐτόν.
638 2466 765 2497 Ἐνδῐκως
784 2466 816 2493 τὸ
825 2466 874 2502 μὲν
881 2474 965 2501 προσ-

174 2514 279 2545 κυνεῖν,
297 2513 336 2544 ὠς
348 2513 469 2547 Ποιητὴν
479 2513 615 2548 οὐρανίων
632 2513 679 2539 καὶ
697 2512 827 2548 ἐπιγείων
840 2513 888 2540 καὶ
913 2521 964 2540 κα-

172 2558 336 2594 ταχθονίων.
357 2559 408 2586 Διὰ
427 2559 477 2595 μὲν
490 2559 546 2594 γὰρ
560 2559 609 2586 τοῦ
625 2559 744 2595 οὐρανοῦ
770 2559 816 2586 καὶ
836 2559 887 2594 τῆς
910 2559 965 2594 γῆς

172 2604 221 2630 καὶ
241 2604 390 2639 θαλάσσης,
404 2605 421 2640 ἡ
445 2605 574 2640 ὁρωμένη
589 2604 717 2640 δηλοῦται
737 2604 826 2636 κτίσις
843 2613 850 2620 ·
867 2604 911 2631 διὰ
935 2603 964 2631 δὲ

171 2650 230 2676 τῶν
245 2651 354 2687 πηγῶν,
367 2652 384 2686 ἡ
408 2651 581 2687 ὑποχθόνιος,
593 2651 692 2686 ἄδηλον
705 2650 761 2686 γὰρ
784 2649 882 2677 ὁπόθεν
901 2650 964 2681 ταῖς

174 2697 278 2731 πηγαῖς
292 2698 309 2732 ἡ
331 2697 468 2730 ἀνάδοσις,
484 2697 582 2731 ὥσπερ
608 2697 658 2723 καὶ
679 2697 714 2724 τὰ
729 2695 783 2722 ὑπὸ
799 2696 861 2730 γῆν.
879 2695 911 2722 Εἰ
935 2695 964 2722 δὲ

173 2742 262 2778 τούτῳ
274 2742 394 2775 ἐπαξίως
404 2743 444 2775 ὡς
459 2743 598 2779 παραιτίῳ
608 2742 711 2769 τούτων
725 2742 743 2777 ἡ
761 2741 872 2777 δουλικὴ
898 2741 965 2768 ὑπό-

209 2833 232 2850 "
247 2834 400 2867 Mam-.1”,
417 2835 443 2861 l.

208 2913 267 2949 (ἃ)
283 2912 436 2949 Legebatur
456 2911 716 2948 περικρατούμενοι,
737 2911 847 2946 subjecti
859 2910 931 2939 aliis.

1010 290 1196 325 praestantiam
1226 289 1261 317 ad
1285 289 1413 317 virtutem
1438 289 1619 324 signiﬁcantis
1645 297 1742 329 eorum
1758 294 1805 326 qui

1012 337 1094 371 hujus
1121 341 1218 363 cantus
1242 336 1417 370 disciplinam
1451 336 1541 370 adepti
1571 341 1636 363 sunt
1665 338 1805 373 :quidam

1011 383 1084 410 enim
1103 382 1202 410 anima:
1218 382 1396 417 simplicitate
1421 388 1447 409 et
1474 383 1630 410 innocentia
1650 386 1806 420 conspicui,

1013 428 1103 455 idonei
1122 428 1185 455 l'arti
1205 432 1271 455 sunt
1284 428 1330 463 qui
1346 429 1454 463 Agnum
1468 435 1619 463 sequamur
1636 439 1641 457 :
1657 430 1740 465 768
1761 431 1807 458 alii

1013 481 1077 501 vero
1094 473 1232 501 robustius
1248 474 1336 501 allecti
1347 479 1374 502 et
1397 475 1579 503 determinato
1595 479 1737 511 proposito
1753 478 1807 503 im-

1013 519 1084 552 buti,
1099 519 1210 547 Christo
1226 520 1282 554 jam
1300 520 1373 548 facto
1393 521 1453 548 viro
1483 522 1598 549 viriliter
1618 522 1701 550 oblati
1731 528 1806 556 sunt,

1013 572 1122 602 sumpto
1134 567 1261 595 vincendi
1277 568 1385 600 robore,
1409 572 1466 595 tum
1486 569 1619 596 adversus
1635 569 1807 602 alfectioaes,

1014 618 1070 640 tum
1090 613 1223 641 adversus
1240 618 1371 649 tyrannos
1387 623 1394 641 :
1409 614 1457 649 qui
1468 615 1549 641 etiam
1570 615 1636 642 dum
1653 616 1807 648 imitantur,

1013 659 1051 686 illi
1084 660 1194 695 quidem
1213 659 1314 687 Cluisti
1341 661 1519 695 prmecptoris
1550 661 1755 694 innocentiam,
1781 663 1808 690 lti

1013 710 1103 732 autem
1115 705 1187 741 quod
1201 705 1264 740 agni
1278 710 1403 741 est,puta
1413 706 1516 741 proprii
1538 706 1682 741 sanguinis
1697 707 1808 734 ellusio-

1013 759 1074 778 nem
1091 759 1141 786 pro
1171 759 1223 779 suo
1249 752 1380 786 magistro
1421 752 1459 780 ita
1487 751 1575 787 ipsius
1603 753 1809 788 possessionem

1013 796 1175 823 sortiuntur.
1196 796 1432 830 Quemadmodum
1455 803 1548 825 autem
1565 799 1649 826 varia:
1668 803 1733 827 sunt
1750 799 1810 833 glo-

1013 841 1061 869 riae
1084 842 1253 876 mansiones,
1283 842 1320 870 ita
1337 849 1365 870 et
1384 844 1511 879 supplicii
1529 852 1537 872 :
1555 844 1617 872 ideo
1640 853 1752 880 quoque
1766 846 1810 872 di-

1013 894 1087 914 ctum
1097 893 1137 915 est
1149 889 1221 923 quod
1234 889 1423 925 unusquisque
1438 898 1515 918 suam
1526 891 1643 926 accipiet
1654 891 1809 919 mercedem

977 927 999 955 Β
1012 933 1090 968 juxta
1104 942 1184 961 suum
1197 934 1331 963 lab0rem.

1316 1003 1431 1032 CAPUT
1452 1004 1508 1031 XL.

1016 1069 1052 1097 De
1064 1071 1156 1106 angelo
1170 1072 1214 1106 qui
1229 1071 1407 1133 denuntiabat.
1423 1072 1598 1113 propinquant
1612 1079 1667 1099 esse
1687 1072 1808 1107 futurum

1349 1115 1377 1133 ιιι
1399 1115 1488 1133 totum.

1345 1115 1488 1141 Juatctum.

1051 1173 1121 1207 XIV,
1138 1175 1164 1207 6,
1187 1175 1212 1203 7.
1229 1174 1265 1202 Et
1281 1175 1335 1202 vidi
1353 1175 1476 1210 angelum
1489 1174 1617 1209 uolantem
1634 1183 1681 1210 per
1694 1175 1810 1202 modium

1014 1219 1071 1246 mali
1088 1219 1227 1248 [labentem
1243 1220 1418 1256 Evangelium
1437 1226 1563 1247 wternum
1582 1220 1810 1256 uteuangelizurct

1013 1265 1194 1294 habitantibus
1206 1267 1234 1294 in
1248 1271 1329 1300 terra,
1340 1271 1365 1295 et
1377 1267 1449 1294 omni
1464 1267 1546 1301 genti,
1559 1271 1584 1293 et
1598 1266 1691 1299 tribui,
1714 1271 1738 1292 et
1753 1266 1807 1293 lin-

1012 1317 1071 1344 gula
1084 1314 1109 1336 et
1120 1310 1227 1344 populo,
1242 1310 1332 1338 dicens
1347 1319 1406 1338 vote
1420 1319 1516 1346 magna
1531 1319 1540 1337 :
1558 1310 1656 1338 Timete
1668 1311 1810 1338 Dominum

1013 1360 1038 1382 et
1049 1355 1111 1382 date
1126 1356 1178 1390 ipsi
1193 1356 1321 1392 gloriam,
1335 1358 1398 1392 quia
1410 1358 1479 1384 venit
1493 1357 1560 1385 liora
1572 1358 1673 1392 juditii
1690 1357 1757 1394 ejus.
1775 1357 1809 1385 Et

1014 1401 1125 1428 adorata
1139 1402 1225 1436 ipsum
1242 1404 1288 1437 qui
1310 1403 1374 1437 fecit
1389 1403 1484 1431 cmlum
1500 1409 1525 1430 et
1544 1409 1644 1430 terram
1657 1409 1682 1430 et
1700 1412 1772 1431 mare
1783 1409 1809 1430 et

1014 1446 1099 1481 fontes
1113 1455 1252 1482 aquarum.

1051 1593 1130 1627 Quod
1146 1593 1248 1622 dicitur
1258 1593 1321 1622 coeli
1335 1598 1466 1627 mentum,
1478 1593 1615 1629 duplicem
1625 1602 1717 1622 secum
1731 1594 1810 1624 al'l‘ert

1016 1639 1196 1667 intellectum.
1214 1639 1322 1667 Etenim
1343 1639 1535 1668 celsitudinem
1560 1647 1593 1668 ac
1609 1640 1808 1668 sublimitatem

1016 1685 1129 1713 denotat
1144 1694 1151 1712 :
1168 1691 1197 1713 ct
1209 1686 1283 1721 quod
1299 1685 1336 1714 sit
1357 1694 1372 1713 a
1400 1687 1483 1718 cutio,
1499 1691 1555 1713 tam
1588 1687 1616 1714 id
1636 1687 1710 1722 quod
1728 1688 1762 1715 ab
1776 1696 1810 1716 co

1015 1732 1206 1765 annuntiatur,
1219 1740 1302 1767 quam
1319 1733 1378 1768 ipse
1403 1734 1482 1768 quia
1510 1733 1565 1761 Deo
1594 1734 1697 1762 missus
1725 1739 1768 1763 est
1799 1743 1808 1762 :

1015 1781 1147 1811 pmterea
1161 1777 1234 1812 quod
1247 1777 1304 1812 jam
1317 1778 1460 1805 immineat
1477 1777 1575 1812 iudicii
1592 1783 1700 1813 tempus
1710 1786 1809 1814 exspe-

1014 1826 1120 1850 ctatum
1143 1830 1158 1850 a
1179 1823 1291 1851 saeculo.
1319 1823 1352 1850 Et
1369 1831 1426 1851 non
1448 1824 1538 1851 solum
1560 1824 1587 1851 id
1619 1824 1740 1852 salutare
1767 1829 1810 1852 est

1015 1868 1058 1896 his
1071 1868 1118 1903 qui
1148 1877 1182 1896 ex
1211 1869 1286 1896 omni
1305 1874 1386 1905 gente
1404 1870 1509 1904 operati
1533 1874 1598 1897 sunt
1625 1878 1657 1899 ea
1677 1879 1739 1906 qua
1753 1871 1810 1899 Deo

1015 1914 1133 1949 placent,
1149 1914 1195 1942 sed
1210 1920 1236 1942 et
1250 1919 1383 1943 terrorem
1406 1916 1487 1944 all'ert
1502 1915 1676 1944 dutmonibus
1697 1925 1729 1944 ac
1747 1925 1810 1952 pec-

1014 1961 1165 1995 catoribus.
1182 1960 1334 1996 Utrumque
1348 1967 1439 1989 autem
1455 1961 1605 1989 insinuavit
1632 1970 1683 1990 vox
1705 1973 1711 1990 :
1731 1964 1810 1992 bonis

1015 2006 1125 2039 quidem
1143 2014 1192 2041 per
1217 2002 1446 2041 magnitudinem.
1472 2007 1546 2042 quod
1568 2007 1759 2036 desiderabilis
1775 2010 1810 2037 sit

1013 2051 1193 2086 justijudieis
1212 2052 1357 2083 adventus,
1374 2056 1401 2079 et
1426 2052 1499 2086 quod
1520 2052 1670 2080 constituet
1694 2061 1743 2080 eos
1762 2062 1811 2082 co--

1015 2104 1073 2124 ram
1091 2097 1138 2124 illo
1153 2101 1264 2132 propter
1275 2103 1356 2132 quem
1366 2097 1392 2124 in
1410 2097 1462 2124 hac
1475 2096 1611 2135 ﬂagitiosa
1624 2102 1651 2125 et
1667 2097 1806 2127 laboriosa

1015 2142 1068 2170 vila
1087 2147 1194 2170 certare
1207 2142 1246 2170 cis
1258 2143 1373 2178 contigit
1387 2150 1449 2170 cum
1466 2143 1509 2170 liis
1523 2143 1570 2178 qui
1584 2149 1737 2178 repugnant
1747 2145 1810 2178 jus-

1015 2188 1054 2216 sis
1074 2188 1134 2223 ejus
1157 2187 1348 2216 :dtemonibus
1374 2195 1441 2216 vero
1468 2192 1495 2216 et
1523 2188 1681 2216 hominibus
1698 2190 1745 2224 qui
1774 2191 1809 2217 ab

1015 2235 1083 2269 ipsis
1099 2234 1237 2262 terrel‘acti
1250 2238 1314 2262 sunt
1332 2239 1359 2262 et
1371 2234 1456 2268 illusi,
1472 2234 1599 2262 timorem
1620 2242 1675 2262 non
1694 2237 1726 2263 ad
1742 2244 1810 2264 cau-

1016 2281 1117 2308 tionem
1135 2288 1167 2308 ae
1181 2281 1349 2312 ﬁrmitatem,
1375 2281 1422 2308 sed
1438 2284 1548 2315 propter
1573 2282 1808 2316 exspectationem

1018 2326 1191 2360 repensionis
1205 2334 1320 2361 operum
1336 2335 1397 2361 quin
1409 2326 1544 2354 fecerunt.
1560 2327 1643 2362 769
1659 2327 1722 2355 Ideo
1738 2336 1810 2363 quo-

1017 2380 1071 2407 que
1083 2374 1215 2408 propheta
1226 2373 1292 2400 dicit
1308 2382 1315 2400 :
1331 2382 1341 2398 ι
1361 2372 1430 2400 Ecce
1446 2373 1580 2400 Dominus
1592 2373 1691 2408 veniet,
1709 2379 1736 2402 et
1748 2376 1811 2410 quis

1019 2419 1166 2446 sustinebit
1180 2418 1252 2446 diem
1272 2419 1414 2453 ingressus
1428 2418 1515 2453 ipsius
1529 2419 1566 2445 "1?
1584 2428 1594 2444 ι

1056 2465 1090 2492 Ει
1106 2465 1216 2492 adorare
1228 2466 1324 2499 ipsum.
1342 2464 1439 2492 Merito
1455 2465 1567 2499 quidem
1585 2464 1675 2500 ipsum
1690 2465 1808 2492 adorare

1016 2511 1095 2546 jubet
1111 2515 1244 2546 tanquam
1260 2511 1417 2539 Creatorem
1436 2510 1602 2544 eteleslium,
1625 2511 1808 2542 terrestrium,

1018 2564 1051 2584 ac
1060 2558 1312 2585 subterrancorum.
1321 2556 1463 2592 Siquidem
1474 2564 1523 2592 per
1533 2557 1645 2588 ccelum,
1658 2561 1759 2583 terram
1768 2564 1802 2583 ac

1019 2610 1095 2630 mare
1104 2603 1274 2638 signiﬁcatur
1286 2603 1406 2631 visibilis
1417 2609 1554 2635 creatura,
1573 2609 1623 2637 per
1632 2601 1723 2628 fontes
1732 2609 1807 2633 vero.

1019 2650 1198 2677 subterranea
1218 2660 1224 2678 ε
1242 2650 1378 2678 incertum
1397 2655 1439 2678 est
1455 2650 1528 2677 enim
1548 2649 1622 2676 unde
1636 2649 1672 2676 sit
1688 2647 1805 2676 fotttium

1020 2703 1194 2730 progressus,
1211 2695 1442 2730 quemadmodum
1457 2695 1539 2722 etiam
1560 2701 1656 2722 eorum
1672 2702 1733 2730 qua:
1757 2694 1810 2721 sub

1019 2745 1092 2769 terra
1110 2745 1184 2769 sunt.
1199 2740 1280 2774 Quod
1293 2741 1317 2769 si
1335 2741 1400 2769 huic
1414 2746 1546 2777 tanquam
1564 2740 1679 2769 istorum
1700 2739 1809 2768 auctori

1060 2911 1117 2947 (t5)
1133 2911 1183 2940 Ed.
1197 2912 1298 2940 omittit
1313 2913 1330 2948 ή
1347 2913 1434 2948 φωνή.
