2092 3157
210 163 265 196 689

744 169 938 201 COMMENT.
962 171 1003 201 IN
1022 171 1287 203 APOCALYPSIN.

1793 172 1847 205 69')

212 220 269 255 ρείν
290 219 375 255 ἀκοῆς
396 219 430 247 τὰ
450 219 604 256 δηλούμενα
631 222 762 258 σημαίνει
775 224 813 259 ·ὴ
835 225 863 252 δὲ
885 225 933 252 τοῦ
951 225 1001 261 θη-

1054 234 1115 262 quae
1128 227 1318 262 signiﬁcantur
1333 234 1444 255 omnem
1462 232 1608 262 penetrent
1629 227 1763 255 auditum.
1797 227 1848 253 Βυ-

212 267 271 302 ρίου
286 266 474 302 προσκύνησις
486 267 534 294 καὶ
548 268 578 294 τὸ
591 268 684 294 λαϐεῖν
700 269 784 296 αὐτοῦ
795 270 844 306 τὴν
854 272 1000 306 σφραγῖδα,

210 312 241 338 τὸ
266 312 311 338 τὸν
338 312 525 347 ’Δντίχριστον
552 313 708 348 ἡγήσασθαι
730 315 807 347 Θεὸν,
826 318 872 343 καὶ
897 317 968 353 λόγῳ
984 319 1001 354 ἢ

210 357 286 393 ἔργῳ
302 357 336 384 τὰ
351 358 509 392 καταθύμια
525 359 613 394 τούτῳ
632 360 760 393 διεξιέναι
776 363 823 389 καὶ
842 363 1002 398 κηρύσσειν.

211 404 296 430 Τοῦτο
311 404 365 440 γὰρ
384 404 414 431 τὺ
426 405 473 430 ἐπὶ
491 405 538 432 τοῦ
555 405 681 440 μετώπου
706 408 753 434 καὶ
767 409 816 443 τῆς
832 410 924 444 χειρος
948 411 999 444 χά-

211 458 308 486 ραγμα
334 450 473 485 σημαίνει,
493 451 555 477 ἀντὶ
568 452 616 478 τοῦ
631 452 713 486 λόγου
727 453 775 480 τοῦ
795 455 935 489 μετώπου.
954 456 1002 482 καὶ

210 495 274 522 ἀντὶ
299 495 381 530 ἔργου
397 496 448 527 τῆς
472 496 565 531 χειρὸς
592 497 838 533 παραληφθέντων.
858 500 958 527 Είκόνα
974 502 1002 528 δὲ

209 542 242 573 τὴ
246 551 260 566 ν
273 541 392 576 δυσσεϐῆ
409 541 548 568 πολιτείαν
559 542 646 569 καλεῖ·
664 541 736 570 οἶνον
747 545 779 571 δὲ
790 545 837 581 τὴν
851 546 936 582 ὀργὴν
951 547 1002 574 οὐκ

210 588 265 614 ἀπὸ
288 589 338 623 τῆς
363 587 534 623 εὐφροσύνης
550 587 681 622 ἔφασκεν,
697 590 756 616 ἀλλ’
771 591 804 617 ὲκ
829 591 880 626 τῆς
895 593 1001 619 σκοτώ-

212 642 279 665 σεως
300 634 346 660 καὶ
363 633 413 667 τῆς
427 635 591 669 παραφορᾶς
607 641 614 648 ’
623 635 729 662 τοιοῦτο
741 637 796 672 γὰρ
809 639 856 665 καὶ
870 640 884 665 δ
896 639 1000 673 θυμός·

211 684 376 718 κεκερᾶσθαι
391 685 429 716 δὲ,
447 685 507 712 ἀντὶ
535 686 582 712 τοῦ
612 685 752 721 ἑκχεῖσῦαι
776 685 794 720 ἢ
821 684 999 712 ἑπιδίόοσοαι.

212 729 326 763 Εἴρηται
342 729 372 756 δὲ
386 730 458 758 οὕτω
470 732 531 758 καθ’
542 731 583 758 ὅτι
595 732 713 766 ἑκάτερα
726 730 800 766 παρὰ
811 731 867 761 τοῖς
876 730 1002 762 παλαιοῖς

210 775 245 802 τὰ
260 776 388 811 ποτήρια.
408 774 485 809 Οἴνος
497 778 525 804 δὲ
540 777 626 812 θυμοῦ
641 777 808 813 εῐρηται,ώς
824 776 870 803 καὶ
886 776 1002 811 εὐφραί-

212 829 266 848 νων
285 819 366 854 οἶνος·
382 822 420 853 ὡς
433 822 489 858 γὰρ
506 823 520 849 ὁ
535 823 690 857 εὐφραίνων
705 820 776 854 οἶνος
794 822 880 857 λήθην
893 823 1002 857 ὲμποιεί

212 866 266 892 τῶν
284 867 435 903 δυσχερῶν,
450 867 522 895 οὕτω
536 868 583 894 καὶ
597 867 645 895 νῦν
661 866 733 898 οἷνο;
749 867 838 904 θυμοῦ
856 867 1002 904 εἴρηται

211 912 320 945 κόλασις
333 913 555 950 ἐπακολούθημα.

249 1049 305 1077 Τοῦ
323 1049 546 1084 κεκερασμένου
566 1049 699 1083 ἀκράτου
709 1049 743 1076 ὲν
753 1049 794 1082 τῷ
804 1049 935 1084 ποτηρίῳ
949 1049 1004 1084 τῆς

210 1095 313 1130 ὀργῆς.
340 1096 556 1127 Ἐπιτευκτικῶς
582 1095 612 1122 τὸ
630 1097 751 1130 ἄκρατον
764 1095 812 1122 τοῦ
825 1095 913 1131 θυμοῦ
939 1096 1004 1132 οίνῳ

210 1141 361 1168 ἀπείκασεν
378 1141 492 1177 ἀκράτῳ
512 1141 710 1177 κεκερασμένῳ
737 1142 766 1168 ἐν
792 1141 832 1177 τῷ
859 1142 1001 1177 ποτηρίῳ·

209 1187 330 1222 ἄκρατος
353 1187 408 1222 γὰρ
433 1186 504 1218 οἶνος
534 1187 683 1221 μεθύσκειν
707 1187 820 1214 δύναται
841 1187 934 1214 πλεῖον
954 1187 1002 1214 τοῦ

211 1232 393 1268 κεκραμένου,
408 1234 468 1259 ἐπεὶ
486 1233 533 1259 καὶ
560 1233 632 1260 κατὰ
652 1233 698 1259 τὸν
716 1232 848 1267 μέλλοντα
863 1233 950 1260 αἰῶνα
978 1234 1004 1260 οἱ

212 1278 458 1313 ἀνταποδιδόμενοι·
473 1279 527 1305 τῶν
557 1279 731 1314 βεϐιωμένων
759 1280 861 1315 μισθοὶ,
888 1281 1003 1316 ἄκρατοι

211 1323 257 1350 καὶ
274 1325 385 1358 ἀμιγεῖς
401 1325 447 1351 τοῦ
470 1325 593 1352 ἐναντίου
609 1325 695 1355 ἐλέου,
714 1327 761 1352 καὶ
783 1326 894 1360 ἀγαθῶν
910 1327 1000 1362 ἐργων

211 1367 402 1403 ἀειμνηστίας,
418 1370 458 1395 ὃτι
470 1370 518 1395 καὶ
531 1370 546 1395 ὁ
559 1371 617 1396 ἐκεῖ
643 1370 700 1405 βίος
713 1371 818 1405 ἀληθὴς
839 1373 887 1398 καὶ
903 1372 1003 1404 παντὸς

212 1412 336 1446 ἁγνεύων
359 1413 408 1440 τοῦ
425 1415 612 1449 προσποιητοῦ
629 1416 676 1442 ναὶ
690 1416 870 1445 ὲπιπλάστου.
894 1417 964 1443 Ἀλλ’
978 1419 1003 1444 εὶ

209 1459 348 1492 τοιοῦτος,
378 1460 438 1491 πῶς
477 1461 646 1496 κεκέρασται
677 1463 707 1488 ὲν
733 1463 773 1498 τῷ
812 1464 956 1498 ποτηρίῳς
983 1464 1000 1499 ἦ

209 1505 290 1540 δῆλον
300 1505 338 1537 ὡς
353 1506 384 1533 τὸ
396 1507 562 1542 κεκερᾶσθαι
574 1508 624 1534 οὐκ
636 1509 777 1542 ἐπιμιξίαν
789 1509 850 1536 τινὰ
863 1509 1000 1544 σημαίνει,

210 1550 268 1577 ἀλλ’
283 1551 413 1583 ἐπίδοσιν,
429 1554 467 1584 ὡς
492 1553 525 1580 ἂν
540 1553 612 1579 οὕτω
632 1555 735 1580 νοοῖτο’
753 1553 806 1580 To")
827 1556 1001 1590 κεκερασμέ-
1015 1573 1036 1602 c

210 1605 269 1629 νου,
286 1598 419 1631 τουτέστι,
437 1599 484 1625 τοῦ
508 1600 681 1632 ἐπιδοθέντος
706 1601 734 1627 ὲν
757 1601 796 1637 τῷ
813 1602 935 1638 ποτηρίῳ
951 1603 1001 1638 τῆς

209 1642 306 1677 ὀργῆς,
318 1642 352 1669 δι’
366 1643 435 1678 ὅπερ
457 1644 611 1676 ἀκολούθως
626 1646 658 1680 τῇ
674 1645 756 1681 ὀργῇ,
772 1646 819 1672 καὶ
847 1648 863 1681 ὴ
883 1647 1002 1681 βάσανος

210 1689 243 1715 ἐκ
270 1690 356 1722 πυρὲς
375 1690 423 1717 καὶ
437 1689 510 1716 θείου
536 1691 638 1725 ἀμφοῖν
655 1693 897 1724 καυστικωτάτοιν,
916 1693 1003 1727 πυρὸς

211 1735 272 1770 μὲν,
286 1736 395 1770 φλέγειν
423 1738 587 1772 πεφυκὸτος,
604 1737 651 1764 τοῦ
678 1738 752 1764 θείου
771 1738 799 1765 δὲ
830 1738 1000 1774 ἁνερεθίξειν

208 1781 328 1816 διαρκῶς
343 1783 469 1814 εἰωθότος
484 1791 490 1798 ·
507 1783 537 1809 τὺ
553 1783 580 1809 δὲ
595 1783 710 1810 ἐνώπιον
728 1784 784 1810 τῶν
811 1784 897 1817 ἁγίων
912 1784 998 1818 ἀγγέ-

209 1827 264 1854 λων
277 1828 323 1854 καὶ
350 1828 398 1855 τοῦ
421 1828 540 1864 Ἀρνίου,
556 1829 635 1855 τοῦτο
647 1829 772 1864 βούλεται
790 1831 937 1865 παριστᾷν,
957 1830 1002 1857 διὰ

211 1874 263 1907 μὲν
277 1874 332 1901 τῶν
352 1875 488 1908 ἀγγέλων.
502 1875 533 1901 τὸ
553 1875 732 1910 ἀδυσώπητον
748 1876 780 1902 τὸ
795 1876 863 1911 πρὸς
880 1877 930 1911 τὴν
950 1877 998 1911 βά.-

210 1928 302 1951 σανον,
319 1919 363 1946 διὰ
375 1920 403 1946 δὲ
414 1921 461 1947 τοῦ
482 1920 600 1955 Ἀρνίου,
617 1921 771 1956 ἀνάμνησιν
793 1923 922 1957 φέροντος
947 1923 1000 1957 τῆς

209 1965 280 2000 ὑπὲρ
297 1966 434 2000 σωτηρίας
449 1966 601 2001 ἀνθρώπων
618 1966 701 1993 αὑτοῦ
722 1967 842 2002 σφαγῆς,
858 1968 932 1999 ὅπως
947 1969 998 1994 αὐο

209 2011 255 2042 τος
281 2007 335 2046 μὲν
353 2011 397 2038 διὰ
424 2011 511 2046 πυρὸς
539 2012 688 2047 ἀγαπήσας
713 2012 862 2039 ἐκδέδωκεν
889 2013 998 2047 ἑαυτὸν,

209 2057 287 2083 αὐτοὶ
299 2057 327 2084 δὲ
347 2058 396 2092 τῆς
421 2058 526 2084 ἑαυτῶν
555 2058 748 2092 ἀπαλλαγῆναι
781 2058 920 2090 ἀπωλείας
946 2060 997 2086 οὐκ

210 2103 409 2138 ἐϐουλήθησαν.
431 2104 542 2130 Καπνὸν
564 2104 592 2130 δὲ
625 2104 672 2130 τοῦ
703 2104 883 2139 βασανισμοῦ,
907 2104 923 2140 ἦ
949 2105 1000 2140 τὴν

210 2146 279 2181 πρὸς
294 2148 397 2180 πάντας
408 2148 524 2182 δήλωσιν
539 2148 585 2174 τοῦ
597 2149 641 2175 διὰ
654 2149 741 2184 πυρὸς
755 2149 924 2176 ἐκτελεῖσθαι
950 2150 1000 2185 τὴν

209 2193 355 2226 τιμωρίαν,
383 2193 498 2228 [καπνὸς
524 2193 578 2228 γὰρ
598 2194 685 2228 πυρὸς
708 2195 859 2229 τεκμήριον
880 2194 962 2230 (45η,
979 2195 996 2230 ἢ

1057 273 1137 300 stiam
1155 281 1220 300 vero
1242 273 1358 300 adorare
1369 277 1397 300 et
1425 273 1485 308 ejus
1511 274 1620 307 signum
1643 274 1778 308 accipere,
1805 278 1848 300 cst

1055 319 1215 346 existimare
1231 318 1430 346 Antirltrislttm
1457 327 1517 347 esse
1534 319 1618 347 Deum
1648 320 1787 354 verboque
1821 324 1848 346 ct

1056 371 1138 397 opere
1155 372 1216 398 qua:
1241 364 1306 391 huic
1316 369 1391 399 grata
1405 369 1470 391 sunt
1497 372 1715 392 commemorare
1735 372 1766 392 ac
1778 372 1846 400 prte-

1058 409 1162 436 dicare.
1178 409 1244 436 Nam
1262 409 1314 437 hoc
1329 410 1467 445 signiﬁcat
1480 412 1624 438 character
1654 411 1681 438 in
1710 411 1799 438 fronte
1821 415 1850 438 ct

1058 455 1085 482 ill
1101 463 1182 482 mantt
1201 464 1208 482 :
1230 455 1319 482 fronte
1333 461 1474 490 assumpta
1489 464 1537 490 pro
1570 464 1707 488 sermone,
1725 461 1751 482 Cl
1765 463 1847 482 lllilllll

1057 507 1108 534 pro
1122 507 1214 534 opere.
1235 500 1380 535 Imaginem
1394 505 1486 528 autem
1503 506 1583 528 vocat
1596 501 1709 536 impiam
1723 508 1848 528 convcr-

1047 546 1203 574 -sationem.
1219 545 1306 573 Porro
1323 545 1419 572 vinum
1445 545 1515 573 dixit
1537 547 1618 579 iram,
1645 554 1700 574 tton
1724 546 1759 572 oh
1777 546 1848 572 laeti-

1057 592 1122 618 tiam
1140 599 1222 626 quam
1236 591 1369 624 immittit,
1384 592 1432 619 sed
1460 592 1495 619 ob
1518 592 1617 626 capitis
1633 593 1793 627 vertiginem
1812 599 1845 619 ac

1056 637 1138 665 veluti
1154 637 1285 665 furorem:
1300 637 1459 672 huiusmodi
1477 637 1550 665 enim
1562 642 1603 665 est
1617 637 1656 664 ira
1674 645 1735 672 quae
1744 637 1845 664 dicitur

1056 684 1152 719 Βυμός.
1170 683 1280 711 Mistum
1296 690 1362 710 vero
1377 690 1449 714 esse,
1466 683 1519 710 hoc
1540 688 1582 711 est
1607 683 1736 710 diffusum
1752 687 1780 710 et
1797 691 1830 710 au
1841 695 1849 702 -

1056 734 1237 765 gmentatum.
1254 730 1292 756 ita
1308 733 1400 756 autem
1426 728 1530 756 dictum
1551 733 1604 761 est,
1627 735 1661 756 eo
1683 727 1755 764 quod
1773 728 1846 763 apud

1056 781 1163 804 veteres
1179 781 1296 810 utraque
1321 779 1401 803 erant
1419 775 1529 810 pocula.
1545 775 1659 802 Domum
1677 775 1772 801 vinum
1800 774 1848 801 irze

1056 822 1115 850 sive
1131 821 1234 849 furoris
1247 821 1352 849 dictum
1365 825 1418 852 est,
1442 820 1674 856 quemadmodum
1703 820 1786 847 etiam
1808 820 1849 846 vi-

1056 876 1123 895 num
1139 867 1293 895 ketilicans.
1306 867 1384 895 Sicut
1399 867 1471 894 enim
1485 867 1564 902 771
1583 867 1676 894 vinum
1701 866 1775 901 quod
1803 867 1849 894 lae-

1019 906 1040 935 Β
1055 913 1140 941 tilicat
1153 912 1319 940 oblivionem
1344 911 1468 939 immittit
1486 919 1578 939 rerum
1595 912 1774 940 molestarum
1787 932 1795 944 .
1810 912 1846 939 ilrt

1054 963 1081 986 et
1096 966 1169 986 nunc
1177 958 1271 985 vinum
1284 957 1330 984 ira?
1342 956 1385 984 vel
1397 956 1500 984 furoris
1514 957 1617 985 dictqu
1627 961 1670 985 est
1681 957 1847 992 supplicium

1054 1003 1126 1038 quod
1152 1002 1342 1037 subsequitur.

1089 1047 1165 1081 Quod
1183 1049 1290 1075 miuum
1305 1053 1344 1076 est
1358 1055 1430 1076 mero
1446 1049 1472 1075 in
1484 1052 1587 1076 cratere
1603 1048 1661 1075 ἔται.
1679 1048 1782 1076 Merum
1803 1048 1848 1076 l'u-

1055 1095 1127 1122 roris
1146 1093 1249 1122 ali'abre
1263 1095 1435 1130 comparavit
1460 1095 1525 1122 vino
1543 1102 1620 1122 mero
1634 1095 1705 1128 quod
1723 1095 1750 1122 in
1762 1095 1848 1122 calice

1055 1141 1168 1168 mistum
1185 1144 1238 1168 est.
1256 1140 1399 1175 Siquidem
1416 1141 1510 1168 vinum
1524 1148 1631 1168 merum
1646 1140 1756 1168 facilius
1786 1140 1846 1167 inc—

1055 1187 1147 1214 briare
1176 1191 1266 1222 potest
1288 1194 1371 1222 qttam
1396 1187 1520 1220 mistum,
1545 1187 1675 1222 quoniam
1702 1186 1729 1214 in
1754 1185 1848 1213 futuro

1053 1240 1164 1267 quoque
1182 1233 1284 1260 saacnlo
1308 1232 1508 1260 retributiones
1534 1240 1630 1259 corum
1652 1240 1713 1266 qua:
1736 1232 1763 1259 in
1795 1233 1847 1259 hac

1054 1277 1108 1304 vita
1124 1282 1237 1312 peracta
1251 1282 1327 1310 sunt,
1348 1285 1425 1312 pune
1450 1282 1541 1310 erunt,
1562 1282 1589 1305 et
1618 1285 1671 1304 non
1697 1278 1848 1306 conuulsum

1054 1331 1117 1351 cum
1131 1324 1256 1359 opposita
1272 1324 1462 1352 misericordia
1486 1329 1534 1352 aut
1560 1325 1690 1353 c0ntinua
1710 1325 1846 1352 honorum

1054 1378 1168 1405 operum
1185 1370 1316 1397 memoria
1343 1379 1350 1397 :
1374 1371 1506 1405 quoniam
1533 1371 1624 1398 futura
1651 1379 1763 1407 quoque
1789 1372 1845 1398 vita

1054 1424 1118 1443 vera
1129 1417 1194 1448 erit,
1207 1421 1234 1443 et
1249 1417 1364 1451 expiatis
1378 1417 1413 1444 ab
1424 1417 1498 1444 omni
1514 1417 1691 1445 simulatione
1716 1423 1743 1444 et
1771 1417 1844 1444 fuco.

1055 1462 1157 1490 Verum
1173 1462 1196 1490 si
1214 1463 1276 1490 talis
1298 1467 1351 1495 est,
1369 1463 1506 1497 quomodo
1535 1465 1636 1492 dicitur
1656 1465 1750 1491 vinum
1778 1464 1847 1491 mis-

1054 1513 1112 1535 tutn
1128 1508 1154 1534 in
1171 1509 1297 1535 cratere?
1309 1508 1485 1535 Manifestum
1502 1514 1546 1536 est
1566 1510 1650 1544 igitur
1667 1510 1740 1544 quod
1751 1509 1782 1536 τὸ
1797 1518 1844 1536 κε-

1054 1551 1198 1586 κερᾶσθαι,
1218 1551 1243 1578 id
1254 1555 1306 1584 est,
1324 1552 1433 1579 mistum
1447 1559 1519 1584 esse,
1533 1561 1587 1580 non
1597 1554 1846 1589 signiticattcmpe-

1056 1601 1178 1624 raturam
1195 1598 1327 1632 aliquam,
1343 1599 1390 1626 sed
1405 1599 1584 1630 additionem,
1604 1605 1633 1627 ut
1647 1600 1682 1627 sit
1699 1600 1750 1627 istc
1783 1607 1847 1627 sen-

1055 1650 1121 1670 sus:
1135 1642 1212 1675 Quod
1227 1644 1338 1671 mistum
1353 1649 1405 1675 est.
1423 1644 1449 1671 id
1464 1649 1516 1677 cst,
1535 1646 1690 1680 appositum
1706 1645 1732 1672 in
1740 1650 1846 1673 cratere

1055 1688 1112 1721 irae,
1134 1693 1246 1724 propter
1259 1690 1331 1724 quod
1346 1697 1466 1725 congruo
1482 1690 1515 1717 ad
1534 1691 1600 1718 iram
1632 1691 1758 1726 sequitur
1788 1696 1846 1718 tor-

1054 1738 1178 1761 mentum
1195 1735 1265 1769 ignis
1279 1740 1306 1762 ct
1316 1735 1469 1770 sulphuris,
1483 1744 1544 1771 qum
1558 1737 1638 1764 atnbo
1653 1737 1847 1764 ardentissime

1053 1786 1174 1808 exurunt
1190 1790 1197 1807 :
1215 1789 1277 1808 cum
1291 1781 1362 1816 ignis
1383 1782 1494 1816 quidem
1511 1787 1592 1810 natus
1604 1784 1639 1810 sit
1657 1783 1842 1815 inﬂammare,

1041 1827 1170 1860 sulphur
1190 1832 1281 1854 autem
1299 1827 1430 1855 continue
1453 1829 1486 1855 ad
1507 1829 1632 1856 ardorem
1658 1829 1777 1856 excitare
1801 1837 1846 1856 so-

1053 1873 1116 1900 leat.
1136 1873 1222 1900 Porro
1239 1875 1312 1909 quod
1329 1874 1432 1902 dicitur
1457 1884 1464 1902 :
1502 1883 1595 1902 coram
1615 1876 1720 1903 sanctis
1742 1876 1846 1910 angelis

1053 1924 1081 1947 et
1095 1920 1183 1955 Aguo,
1202 1922 1255 1949 ltoc
1266 1922 1423 1956 signiﬁcare
1441 1923 1521 1950 vult:
1537 1931 1585 1958 per
1595 1923 1707 1959 angelos
1733 1923 1846 1958 quidem

1054 1966 1304 2001 impiaeabilitatem
1319 1969 1352 1996 ad
1386 1970 1552 2001 cruciatum,
1577 1977 1624 2002 per
1648 1970 1754 2004 Agnum
1782 1977 1846 1996 vero

1053 2013 1126 2046 quod
1143 2013 1376 2042 reminiscentiam
1396 2023 1490 2042 secum
1507 2015 1602 2042 aﬂ‘erat
1622 2023 1679 2042 sua:
1695 2015 1778 2042 caadis
1794 2023 1844 2049 pro

1054 2059 1143 2086 salute
1163 2059 1319 2092 hominum,
1346 2060 1419 2094 quod
1452 2061 1510 2095 ipse
1536 2061 1596 2088 illos
1621 2061 1770 2094 diligendo.
1799 2068 1847 2094 per

1054 2103 1145 2138 ignem
1162 2105 1281 2138 seipsqu
1298 2105 1451 2138 tradiderit,
1469 2106 1507 2132 illi
1528 2114 1593 2133 vero
1617 2113 1632 2133 a
1660 2107 1771 2141 propria
1783 2114 1845 2140 per-

1052 2147 1158 2175 ditione
1186 2148 1296 2176 liberari
1319 2150 1466 2177 noluerint.
1482 2151 1568 2178 Porro
1589 2151 1718 2177 tormenti
1737 2151 1844 2177 [uitium

1052 2198 1184 2229 tanquam
1206 2195 1333 2222 nebulatn
1350 2196 1419 2223 dixit
1443 2196 1616 2224 ascendere:
1638 2196 1689 2223 ltoe
1717 2201 1770 2230 est,
1798 2201 1847 2224 aut

214 2238 264 2263 τῶν
283 2238 338 2264 duo
361 2239 409 2265 τοῦ
427 2239 568 2274 ᾅσθματος
588 2238 780 2274 κολαζομένων
803 2240 854 2274 τῆς
875 2241 999 2276 οἰμωγῆς

1054 2239 1304 2268 manifestationem
1319 2241 1351 2269 ad
1373 2249 1469 2269 omnes
1494 2242 1567 2276 quod
1593 2242 1756 2277 supplicium
1782 2243 1845 2278 igne

209 2283 290 2309 οἱονεὶ
303 2284 383 2318 νέφος
394 2285 425 2311 οὐ
440 2285 508 2321 πρὸς
523 2285 624 2320 ὀλίγον,
644 2286 704 2312 ἀλλ’
719 2286 836 2318 αἰωνίως
852 2286 999 2314 ἀναϐαῖνον

209 2328 333 2365 εἴρηκεν.

242 2420 312 2450 Ὠδσ
325 2422 463 2457 ὑπομονὴ
482 2422 541 2450 τῶν
559 2423 651 2458 ἁγίων
674 2423 807 2456 ἐστίν,οὶ
836 2424 999 2458 τηροῦντες

210 2470 263 2502 τὰς
279 2469 405 2502 ἐντολὰς
425 2469 478 2496 τοῦ
498 2470 582 2502 Θεοῦ,
602 2469 652 2497 καὶ
680 2470 736 2503 τὴν
757 2470 862 2498 πίστιν
887 2470 996 2503 Ἰησοῦ.

211 2515 265 2542 Καὶ
280 2515 400 2549 ἥκουσα
419 2515 523 2550 φωνῆς
544 2507 580 2543 ἐκ
606 2516 660 2543 τοῦ
678 2517 808 2550 οὐρανοῦ
825 2517 978 2550 λεγούσης
992 2526 999 2532 ·

209 2562 235 2588 Γ
233 2561 353 2595 ράψον”
367 2561 511 2595 Μακάριοι
533 2563 560 2588 οἱ
576 2562 676 2595 νεκροὶ
699 2563 727 2588 οι
745 2562 780 2589 ἐν
800 2564 861 2596 Κυρ
869 2563 898 2595 ’ῳ
926 2562 1001 2589 ἀπο-

208 2607 397 2641 θνήσκοντες
418 2609 537 2644 ἀπάρτι.
553 2609 621 2642 Ναὶ,
635 2609 716 2644 λέγει
737 2609 770 2636 τὸ
792 2609 927 2643 Πνεῦμα,
949 2610 1000 2636 ἵνα

206 2655 442 2681 ἀναπαύσων-ται
459 2655 493 2681 ἐκ
508 2654 569 2681 τῶν
582 2655 684 2681 κόπων
694 2654 803 2687 αὐτῶν,
816 2654 853 2681 τὰ
868 2654 903 2681 δὲ
926 2655 1000 2689 ἔργα

207 2699 307 2728 αὐτῶν
323 2700 488 2728 ἀκολουθεῖ
492 2700 555 2735 μετ’
564 2699 676 2727 αὐτῶν.

249 2746 294 2773 Ἐν
304 2746 403 2781 τούτῳ,
420 2747 498 2781 φησὶ,
511 2745 551 2781 τῷ
568 2746 658 2781 καιρῷ
671 2746 711 2782 τῷ
730 2746 777 2772 τοῦ
807 2746 997 2781 Ἀντιχρίστου

206 2792 224 2827 ὴ
242 2791 365 2828 ὑπομονὴ
379 2792 433 2819 τῶν
450 2792 537 2826 ἁγίων
552 2792 702 2820 δείκνυται.
718 2790 784 2820 Εἶτα
793 2792 832 2825 ὠς
845 2792 875 2826 ἐξ
891 2793 996 2829 ἐρωτήα

244 2881 300 2918 (ιίὸ)
317 2881 422 2911 Inclusa
442 2881 543 2912 omittit
556 2882 600 2912 ed.

1055 2286 1213 2321 perﬁciatur
1229 2287 1332 2323 (fumus
1344 2288 1417 2315 enitn
1438 2288 1528 2323 ignem
1554 2287 1688 2324 denotat),
1720 2293 1768 2316 aut
1795 2297 1846 2316 eo-

1055 2340 1116 2359 rum
1133 2332 1179 2368 qtti
1207 2334 1362 2367 pttniuntur
1375 2333 1509 2369 ejulatum
1522 2354 1529 2367 ,
1558 2342 1612 2361 non
1632 2335 1666 2361 ad
1683 2335 1763 2362 breve
1776 2339 1845 2363 tent-

1055 2386 1119 2413 pus,
1135 2378 1181 2406 sed
1198 2383 1341 2413 perpetuo.

1091 2424 1163 2456 XIV,
1183 2425 1226 2459 12,
1249 2425 1290 2453 15.
1316 2425 1365 2453 llic
1382 2427 1510 2460 patientia
1539 2432 1692 2454 sanctorum
1717 2433 1754 2454 est
1771 2435 1780 2453 :
1797 2435 1845 2454 cu-

1053 2470 1195 2497 stodientes
1212 2476 1344 2505 prwcepta
1360 2471 1408 2498 Dei
1427 2476 1452 2499 et
1468 2472 1547 2507 ﬁdem
1560 2473 1635 2500 Jestt.
1652 2472 1685 2500 Et
1700 2473 1792 2500 audivi
1806 2481 1847 2499 vo-

1055 2523 1108 2542 cem
1122 2516 1154 2542 de
1168 2516 1232 2543 caelo
1248 2517 1379 2544 dicentem
1398 2526 1407 2545 :
1426 2517 1535 2546 Scribe:
1550 2518 1628 2545 Beati
1645 2519 1743 2544 mortui
1759 2519 1804 2552 qui
1816 2519 1843 2544 in

1055 2562 1169 2590 Domino
1191 2565 1341 2592 moriuntur
1361 2566 1467 2592 nmodo.
1487 2565 1623 2600 Profecto,
1637 2566 1700 2592 dicit
1714 2565 1842 2599 Spiritus,

1056 2613 1084 2635 ut
1099 2609 1263 2644 requiescant
1275 2619 1291 2637 a
1304 2610 1441 2638 laboribus
1454 2611 1576 2644 suis,sed
1592 2619 1671 2645 opera
1686 2610 1793 2637 illorum
1806 2617 1847 2636 u~

1051 2661 1173 2690 quuntur
1190 2656 1272 2691 ipsos.

1086 2743 1153 2777 Iioc,
1171 2743 1270 2780 inquit,
1295 2745 1456 2773 Antichristi
1478 2749 1601 2780 tempore
1618 2744 1774 2772 ostenditur
1788 2751 1837 2779 pa.

1050 2791 1146 2819 tientia
1165 2796 1336 2820 sanctorum.
1354 2791 1455 2820 Deinde
1475 2795 1608 2827 tanquam
1632 2791 1666 2819 ab
1688 2790 1843 2826 interroga-
