2092 3157
244 115 298 148 693

776 118 970 150 COMMENT.
993 119 1033 149 IN
1054 118 1306 149 APOCALYPSIN

1818 114 1870 146 694

245 171 292 198 καὶ
306 171 367 206 ἥξει
390 170 431 202 εις
449 171 588 206 Αἴγυπτον
599 178 605 186 ·
625 181 634 197 ι
651 171 683 199 ὲκ
695 172 748 207 γῆς
763 173 813 207 μὲν
845 172 902 200 οἷον
918 173 1031 208 ἐξατμι-

1090 172 1111 198 in
1126 171 1272 206 [Egyptum
1283 170 1305 186 "
1322 179 1329 197 :
1349 179 1358 196 ι
1379 170 1412 198 de
1443 173 1515 197 terra
1531 168 1640 204 quidem
1669 168 1753 195 veluti
1771 176 1870 202 evapo-

246 217 366 250 σθεῖσαν,
383 217 520 251 τουτέστι,
536 218 678 254 περιγείου
692 218 848 254 παχύτητος
872 218 1032 254 ἀποδράσα-

246 271 306 289 σαν.
321 262 465 298 Κουφότη,
476 263 505 290 δὲ
517 265 577 295 ταῖς
585 264 794 300 οὐρανοδρόμοις
803 265 914 300 ἀρεταῖς
928 273 997 300 κατη
1003 273 1032 300 ρ-

245 308 359 343 τισμένη
372 309 528 336 ἀποδίδοται
540 309 579 345 τῷ
593 309 627 336 δι’
647 310 733 346 αὐτῆς
751 311 905 346 ἐνδημῆσαι
921 310 967 337 τὸν
986 310 1032 337 τοῦ

245 353 312 380 Θεοῦ
328 354 391 381 Υῐδν
405 354 617 390 εὐμοιρήσαντα.
634 356 670 382 Ἦ
682 356 798 391 νεφέλην
808 356 960 392 ἀγγελικὴν
972 364 1033 383 τινα

245 399 361 434 δύναμιν
376 400 421 426 διὰ
437 400 468 426 τὸ
482 400 612 436 καθάριον
628 400 683 436 (47)
698 402 748 428 καὶ
768 402 972 438 μετεωρότερον
984 402 1034 438 τῆς

245 443 395 480 ἀγγελικῆς
414 444 535 479 φύσεως,
550 446 617 481 παρ’
632 446 647 473 ὃ
664 447 711 474 καὶ
720 446 816 474 λευκὸν
829 445 910 474 εἶναι.

282 532 382 566 Ἕχων
396 531 446 559 ἐπὶ
464 531 518 566 τῆς
531 532 667 567 κεφαλῆς
683 532 777 560 αὑτοῦ
795 532 948 567 στέφανον
959 542 1033 567 χρυ-

245 577 335 604 σοῦν.
372 578 402 604 '0
429 579 563 612 στέφανος
591 579 638 605 τὸν
657 578 761 613 Κύριον
789 579 893 613 Ἰησοῦν
920 579 1035 614 βασιλέα

246 623 406 650 αἰνίττεται.
419 623 550 655 Βασιλεὺς
566 623 621 658 γὰρ
632 623 686 651 τῶν
696 623 799 659 νοητῶν
814 632 844 650 τε
867 624 914 650 καὶ
936 624 1035 659 αἰσθη-

246 669 301 695 τῶν
315 669 329 694 ὁ
349 669 476 707 Χριστός.
490 669 614 705 Χρυσοῦν
630 669 658 696 δέ
677 670 723 696 τὸν
748 669 881 704 στέφανον
903 669 989 704 λέγει,
1003 671 1036 697 ἐκ

246 714 301 740 τῶν
327 715 391 749 παρ’
418 715 484 749 ἡμῖν
511 715 611 750 τιμίων
625 715 655 741 τὸ
674 714 778 748 ἔνδοξον
804 715 992 749 ὑπογράφων·
1006 715 1037 741 τὸ

246 759 275 785 δὲ
297 761 325 785 ἐν
354 761 386 796 τῇ
410 761 483 796 χειρὶ
502 761 637 797 δρέπανον
663 761 747 796 ἔχειν,
776 761 807 788 τὸ
831 762 860 788 ὲν
874 763 908 797 τῇ
926 761 1036 796 ἐξουσίᾳ

247 804 330 831 αὐτοῦ
347 805 455 832 κεῖσθαι
465 806 513 841 τὴν
529 805 575 833 τοῦ
593 806 689 839 αἰῶνος
706 806 801 834 τούτου
816 807 971 834 συντέλειαν
985 815 1036 834 πα-

248 850 359 886 ραδηλοῖ
369 851 412 878 διὰ
430 852 478 887 τῆς
494 852 590 887 ὀργῆς,
604 852 620 887 ἢ
636 852 685 888 τὴν
709 854 849 888 ταχυτῆτα
863 853 912 888 τῆς
927 853 1034 887 ἐφόδου.
1052 843 1074 872 Β

283 897 335 924 Kal
348 897 443 931 ἄλλος
470 897 597 933 ἅγγελος
612 898 744 932 ἐξῆλθεν
757 898 881 933 κράζων.
897 899 947 925 Διὰ
962 899 988 925 τί
1006 899 1036 926 δὲ

247 942 359 977 ἐξῆλθεν
373 941 448 975 οὗτος
457 944 594 978 ὁᾶγγελος
608 944 735 979 κράζωνς
752 945 980 980 Περιφραστικῶς
992 945 1037 972 διὰ

245 989 349 1015 τούτων
364 989 491 1024 δηλοῦται
506 992 521 1025 ὴ
533 991 622 1017 ἱκεσία
636 991 689 1018 τῶν
700 991 869 1025 ἐπουρανίων
880 990 1035 1025 δυνάμεων,

246 1036 399 1071 ἐφιεμένων
407 1037 456 1072 μὲν
466 1036 515 1071 τὴν
528 1036 583 1062 τῶν
594 1037 707 1063 δικαίων
721 1036 815 1072 τιμὴν,
826 1036 864 1067 ὡς
879 1037 1037 1071 μιμησαμέ-

246 1089 300 1107 νων
308 1082 393 1113 αὐτὰς
405 1083 434 1108 ὲν
441 1082 473 1116 τῇ
490 1081 651 1117 προσκαίρῳ
665 1081 720 1117 ζωῇ
734 1082 850 1114 ἑαυτῶν,
861 1083 1037 1109 οὐκάπαναι-

247 1127 368 1161 νομένων
380 1127 410 1153 δὲ
425 1127 474 1162 τὴν
491 1127 545 1153 τῶν
559 1127 730 1154 ἁπεναντίων
754 1127 847 1159 αὐτοῖς
864 1127 1037 1162 βεϐιωκότων

247 1172 370 1199 ἐκδικίαν
386 1172 546 1200 θεάσασθαι.
559 1173 605 1199 Διὸ
633 1173 855 1205 ἐπισπεύδουσιν,
872 1173 913 1207 ἐφ’
932 1169 954 1206 ᾧ
966 1173 1037 1199 παύ-

248 1218 348 1245 σασθαι
362 1219 412 1254 μὲν
431 1219 464 1245 τὰ
477 1218 625 1253 κινούμενά
638 1227 667 1244 τε
684 1219 730 1246 καὶ
746 1218 938 1253 ἀλλοιούμενα,
949 1227 1032 1253 φανε-

251 1264 372 1300 ρωθῆναι
388 1265 417 1291 δὲ
431 1265 466 1291 τὰ
482 1264 652 1292 ἀναλλοίωτα
671 1265 718 1291 καὶ
732 1264 895 1299 ἀνακίνητα.

285 1310 350 1337 Ὀτι
366 1311 516 1345 ἐξηράνθη
535 1312 551 1338 d
570 1311 712 1345 θερισμὸς
726 1310 781 1345 τῆς
795 1310 860 1345 γῆς.
875 1311 912 1337 Τὸ
936 1309 1036 1346 ξηραν-

249 1355 329 1390 θῆναι
346 1355 392 1382 τὸν
407 1355 537 1390 θερισμὸν
559 1355 609 1382 οὐκ
624 1355 688 1382 ἄλλο
711 1355 796 1390 δηλοῖ,
810 1355 826 1389 ἢ
839 1355 870 1381 τὸ
893 1355 1038 1388 ἐπιστῆναι

248 1401 296 1427 τὸν
312 1402 362 1436 τῆς
374 1401 530 1433 συντελείας
545 1401 640 1437 καιρὸν
663 1401 707 1427 ὅτε
733 1401 894 1432 πεπανθεὶς,
905 1401 945 1432 ὡς
967 1402 1040 1432 σῖτος

248 1445 365 1482 ὥριμος,
384 1448 398 1473 ὁ
412 1447 467 1473 τῶν
489 1446 642 1481 ἀνθρώπων
659 1445 770 1481 σπόρος,
785 1445 799 1471 ὁ
816 1446 867 1481 μέν
891 1454 933 1472 τοι
959 1445 1039 1472 εὐσε-

249 1492 313 1528 Gala
325 1493 545 1528 φυτοκομισθεὶς,
559 1492 614 1520 τῶν
622 1493 702 1519 θείων
713 1492 845 1527 ταμιείων
866 1491 918 1526 τῆς
939 1491 1038 1517 ἀποθέ-

251 1546 321 1570 σεως
333 1538 463 1574 ἀξιωθείη
481 1546 488 1554 '
503 1539 517 1565 ὁ
532 1539 560 1565 δὲ
574 1538 760 1574 ὖλομανήσας,
775 1538 822 1564 καὶ
835 1537 912 1564 οὐδὲν
927 1537 1038 1568 σιτῶδες

249 1585 299 1612 καὶ
311 1584 444 1619 τρόφιμον
462 1584 509 1612 καὶ
525 1583 571 1611 τοῦ
586 1584 659 1611 Gelon
679 1583 791 1616 ἐπάξιον
808 1583 909 1619 σπόρου
920 1583 1039 1618 ἀπενεγ-

251 1628 369 1664 κάμενος
383 1629 423 1665 τῷ
439 1628 541 1665 αἰωνίῳ
557 1629 624 1665 πυρὶ
640 1629 792 1665 amoma.

534 1733 659 1760 ΚΕΦΛΛ.
689 1732 755 1760 ΜΔ¹.

251 1788 320 1823 Περὶ
333 1788 436 1825 ἐτέρου
449 1790 579 1826 ἀγγέλου
593 1790 761 1824 τρυγῶντος
777 1790 835 1824 τὴν
851 1788 906 1823 τῆς
919 1789 1041 1823 πικρίας

564 1825 711 1860 ἄμπελον.

288 1881 343 1907 Καὶ
356 1880 452 1914 ἄλλος
470 1881 596 1916 ἅγγελος
611 1880 741 1915 ἐξῆλθεν
761 1881 796 1907 ἐκ
815 1881 869 1907 τοῦ
886 1881 962 1908 ναοῦ
987 1881 1041 1908 τοῦ

252 1926 287 1953 ἐν
313 1926 353 1959 τῷ
367 1927 484 1962 οὐρανῷ
504 1927 584 1962 ἔχων
604 1927 653 1954 καὶ
676 1927 768 1960 αὐτὸς
790 1926 941 1960 δρέπανον
973 1927 1040 1959 ego.

253 1973 408 2006 Καὶᾶλλος
421 1974 549 2009 ἅγγελος
556 1973 687 2008 ἐξῆλθεν
699 1974 734 2000 ἐκ
748 1973 801 2000 τοῦ
812 1973 1041 2006 θυσιαστηρίου,

253 2018 332 2053 ἔχων
351 2019 498 2051 ἐξουσίαν
515 2019 566 2045 ἐπὶ
582 2018 634 2045 τοῦ
647 2018 753 2052 πυρὸς,
769 2017 819 2044 καὶ
833 2017 992 2052 ἐφώνησεν
1008 2017 1043 2044 ἐν

253 2064 370 2099 κραυγῇ
386 2065 503 2100 μεγάλῃ
523 2064 562 2098 τῷ
584 2064 686 2099 ἔχοντι
709 2064 742 2091 τὸ
762 2064 913 2098 δρέπανον
933 2063 967 2090 τὸ
987 2063 1043 2096 ὀξὺ

252 2111 367 2145 λέγων·
394 2111 518 2145 Πέμψον
546 2119 605 2137 σου
628 2110 660 2136 τὸ
682 2109 834 2143 δρέπανον
853 2109 887 2136 τὸ
913 2109 979 2141 ὀξὺ,
993 2109 1044 2136 καὶ

253 2157 405 2190 τρύγησον
424 2155 494 2189 τοὺς
514 2157 648 2190 βότρυας
665 2154 720 2190 τῆς
747 2154 885 2189 ἀμπέλου
905 2155 960 2188 τῆς
975 2155 1042 2190 γῆς,

253 2201 298 2227 ὅτι
317 2200 456 2236 ἤκμασεν
475 2202 493 2235 ὴ
513 2201 657 2235 σταφυλὴ
670 2200 723 2234 τῆς
741 2200 806 2235 τῆς.
822 2200 876 2227 Kal
898 2200 1044 2233 ἐξέϐαλεν

252 2247 270 2273 ὁ
291 2246 417 2281 ἄγγελος
430 2247 462 2273 τὸ
483 2247 634 2281 δρέπανον
657 2246 750 2273 αὑτοῦ
771 2247 814 2279 εὶς
830 2246 888 2279 τὴν
912 2245 1043 2280 γῆν,καί

254 2290 399 2325 ἐτρύγησε
413 2290 469 2325 τὴν
477 2291 613 2325 ἄμπελον
627 2290 682 2324 τῆς
693 2290 759 2325 γῆς.
795 2290 849 2317 Kal
871 2290 981 2317 ἔϐαλεν
1000 2292 1044 2323 εὶς

254 2335 312 2370 τὴν
323 2336 420 2370 ληνὸν
434 2336 486 2363 τοῦ
499 2336 595 2371 θυμοῦ
613 2336 665 2363 τοῦ
693 2336 767 2363 Θεοῦ
791 2335 845 2362 τὸν
863 2337 971 2370 μέγαν.
989 2336 1044 2363 Καὶ

253 2381 387 2417 ἐπατήθη
394 2383 418 2417 ,ἡ
433 2383 526 2416 ληνὸς
537 2382 648 2414 ἔξωθεν
662 2382 718 2416 τῆς
732 2382 858 2415 πόλεως,
876 2382 925 2408 καὶ
950 2382 1041 2416 ἐξῆλ-

254 2428 306 2453 θεν
321 2423 393 2461 αἷμα
416 2427 450 2453 ἐκ
467 2428 521 2462 uie;
534 2427 630 2461 ληνοῦ
645 2426 714 2462 ἄχρι
738 2427 797 2455 τῶν
819 2427 953 2462 χαλινῶν
985 2427 1042 2454 τῶν

253 2472 354 2498 ἵππων
365 2473 424 2499 ἀπὸ
446 2473 577 2499 σταδίων
590 2472 654 2509 ,αχ’.

289 2518 327 2544 Οὐ
341 2518 430 2553 μάτην
442 2518 472 2545 τὸ
485 2518 629 2554 γνώρισμα
644 2519 690 2546 τοῦ
701 2519 901 2552 ἀποσταλέντος
913 2519 1042 2554 ἀγγέλου,

253 2564 292 2595 ὡς
303 2564 356 2590 ἀπὸ
373 2564 419 2590 τοῦ
431 2565 559 2601 οὐρανίου
574 2564 640 2591 ναοῦ
653 2565 833 2597 ἀπέσταλται,
845 2568 910 2597 περὶ
927 2564 974 2591 τοῦ
988 2564 1042 2600 πρὸ

253 2610 336 2637 αὐτοῦ
359 2611 466 2642 οὐδενος
483 2610 605 2638 τοιούτου
626 2611 871 2647 ἐπισημανθέντος,
886 2612 910 2639 εἰ
935 2611 973 2647 μὴ
1000 2611 1042 2637 ὅτι

256 2657 336 2691 μόνον
351 2658 405 2684 ἀπὸ
424 2657 471 2684 τοῦ
491 2658 557 2685 ναοῦ
570 2658 731 2695 ἀπεστάλη,
751 2659 910 2696 ἐνταῦθαδὲ
934 2658 1042 2687 καὶτοῦ

287 2734 310 2752 ⁸⁸
323 2736 374 2764 lsa.
392 2745 438 2764 xtx
449 2736 475 2764 Ι.

291 2812 346 2849 (Π)
364 2814 542 2843 Scribebatur
557 2815 706 2851 κορὶνθιον.

1085 221 1202 249 rantem,
1219 217 1270 244 hoc
1299 220 1341 244 est
1357 223 1371 243 a
1388 221 1495 243 terrena
1517 215 1643 242 crassitie
1675 213 1870 249 egredientem,

1085 262 1132 289 sed
1147 261 1256 289 levitate
1271 266 1399 289 contexta
1412 261 1561 288 virtutibus
1578 261 1606 288 in
1619 260 1719 288 coelum
1734 255 1873 298 currenti-

1085 307 1147 340 bus,
1169 315 1229 342 quae
1245 307 1296 342 ipsi
1312 307 1482 340 attribuitur,
1507 314 1539 334 eo
1560 306 1633 342 quod
1653 314 1700 341 per
1714 305 1801 341 ipsam
1824 305 1874 333 Dei

1085 352 1172 380 Filius
1199 352 1271 380 felici
1289 352 1345 380 fato
1370 353 1448 381 nobis
1476 360 1597 388 prtesens
1626 352 1717 380 fuerit.
1746 351 1801 380 Aut
1822 359 1874 378 nu-

1085 398 1146 425 bem
1156 398 1276 432 intelligo
1287 398 1414 426 virtutem
1430 398 1577 434 quamdam
1590 397 1752 433 angelicam,
1765 401 1875 432 propter

1087 444 1236 479 puritatem
1258 447 1286 471 et
1304 444 1499 472 sublimitatem
1516 443 1648 479 angelica:
1664 447 1777 476 naturae,
1803 442 1875 469 unde

1087 489 1169 516 etiam
1188 488 1305 517 candida
1317 497 1378 517 esse
1393 489 1505 517 dicitur.
1717 495 1719 499 '

1122 534 1270 562 Habemin
1291 535 1375 569 capite
1400 542 1448 562 suo
1475 542 1600 562 coronam
1624 542 1741 561 auream.
1769 534 1876 561 Corona

1086 580 1212 616 designat
1225 580 1370 608 Dominum
1383 580 1477 608 Jesum
1492 588 1592 615 regem.
1611 579 1679 607 Nam
1690 580 1816 608 Christus
1828 587 1876 607 rex

1085 630 1128 653 est
1144 630 1172 654 et
1188 625 1399 662 intelligibilium
1426 631 1453 654 et
1464 626 1647 654 sensibilium.
1664 627 1782 654 Auream
1810 629 1876 653 vero

1086 671 1152 699 dicit
1163 679 1294 699 coronam
1310 679 1344 699 ex
1363 671 1406 700 his
1434 679 1496 706 quae
1512 672 1583 707 apud
1597 678 1647 699 nos
1661 675 1727 698 sunt
1742 671 1769 698 in
1784 672 1874 706 pretio

1086 717 1233 753 designans
1245 718 1318 753 quod
1342 717 1492 753 gloriosum
1510 721 1560 745 est.
1575 716 1661 744 Porro
1681 716 1755 752 quod
1776 716 1876 743 falcem

1087 762 1115 789 in
1129 760 1212 790 ma'nu
1241 762 1366 796 haberet,
1389 762 1518 797 designat
1537 762 1565 790 in
1586 766 1719 797 potestate
1738 761 1825 798 ipsius
1840 762 1877 789 si-

1088 811 1143 834 tam
1161 816 1222 836 esse
1233 808 1316 843 hujus
1340 808 1433 836 saeculi
1450 804 1726 841 co'nsummationem,
1743 815 1792 843 per
1807 807 1876 835 iram

1088 857 1136 880 aut
1154 854 1324 881 velocitatem
1339 861 1468 882 accessus
1482 858 1509 882 et
1525 854 1644 888 impetus
1658 854 1755 889 ipsius.
1848 846 1850 850 ’

1125 898 1160 926 Ει
1176 899 1246 926 alius
1261 900 1368 934 angelus
1385 900 1467 927 exivit
1486 899 1615 927 clamans.
1631 899 1721 932 Quare
1739 899 1823 926 exivit
1835 899 1878 926 hic

1089 945 1202 981 angelus
1216 946 1360 973 clamans?
1380 945 1583 980 Periphrastice
1611 952 1660 980 per
1686 945 1745 972 haac
1771 945 1877 980 signiti-

1088 998 1169 1019 catur
1185 992 1352 1026 supplicatio
1368 991 1522 1019 caelestium
1546 992 1690 1024 virtutum,
1705 990 1876 1025 cupientium

1090 1037 1381 1072 honoremjustorum,
1395 1042 1426 1065 ut
1440 1038 1573 1073 quiipsas
1587 1037 1684 1073 imitati
1699 1036 1800 1064 suntin
1821 1037 1877 1064 vita

1092 1091 1141 1110 sua
1157 1083 1311 1118 temporali,
1324 1088 1353 1111 et
1362 1084 1547 1111 recusantium
1562 1083 1664 1111 intueri
1678 1081 1809 1110 ultionem
1822 1082 1880 1109 illo-

1091 1137 1150 1156 rum
1163 1130 1209 1164 qui
1224 1130 1303 1156 modo
1317 1130 1384 1165 ipsis
1397 1130 1537 1157 contrario
1556 1129 1684 1157 vixerunt
1698 1138 1704 1155 :
1719 1128 1780 1156 ideo
1802 1127 1879 1155 festi-

1091 1179 1157 1202 nant
1175 1179 1204 1203 ut
1229 1180 1338 1203 cessent
1361 1183 1422 1210 quae
1442 1180 1586 1203 moventur
1600 1182 1632 1202 ac
1647 1174 1838 1206 immutantur,
1852 1177 1880 1201 et

1090 1225 1242 1256 appareant
1256 1229 1318 1256 quae
1334 1221 1486 1249 immobilia
1502 1225 1566 1248 sunt
1585 1228 1617 1248 ac
1632 1219 1828 1248 immutabiliu.

1128 1311 1199 1344 Quia
1226 1311 1298 1338 aruit
1323 1311 1415 1337 messis
1439 1314 1527 1337 terra.
1562 1309 1676 1335 Arutsse
1692 1314 1810 1335 messem
1823 1314 1879 1335 non

1090 1358 1164 1385 aliud
1180 1357 1318 1392 significat
1344 1363 1427 1391 quam
1455 1355 1600 1382 imminere
1622 1358 1730 1388 tempus
1750 1361 1881 1381 consum-

1092 1403 1220 1431 mationis
1249 1402 1360 1437 quando
1387 1405 1524 1429 maturum
1555 1400 1697 1428 hominum
1727 1406 1821 1427 semen
1851 1398 1880 1426 in

1092 1450 1204 1476 motum
1220 1448 1319 1475 maturi
1351 1447 1445 1479 tritici,
1470 1445 1523 1474 hoc
1542 1446 1652 1481 quidem
1686 1445 1788 1480 pietate
1812 1451 1880 1472 ena-

1052 1505 1074 1534 c
1091 1498 1149 1521 tum
1179 1500 1212 1520 ac
1231 1492 1375 1520 collectum
1388 1491 1485 1523 fuerit,
1501 1496 1530 1518 ut
1544 1491 1572 1518 in
1601 1490 1702 1517 divinis
1720 1489 1825 1517 horreis
1836 1496 1881 1517 re-

1095 1542 1212 1573 ponatur
1229 1545 1235 1563 :
1251 1537 1316 1563 illud
1345 1539 1436 1563 autem
1464 1535 1614 1563 silvescens
1639 1541 1671 1561 ac
1702 1533 1881 1568 degenerans,

1094 1588 1122 1611 ct
1133 1583 1200 1610 nihil
1216 1582 1353 1609 triticeum
1370 1588 1401 1609 ac
1426 1581 1588 1608 nutritivum
1606 1579 1756 1614 diviuoquc
1775 1578 1882 1606 semine

1093 1630 1206 1664 dignum
1225 1628 1358 1660 referens,
1382 1631 1412 1654 ut
1427 1626 1454 1654 in
1484 1627 1574 1661 ignem
1599 1629 1762 1661 perpetuum
1795 1623 1883 1659 conji-

1093 1676 1193 1703 ciatur.

1310 1729 1393 1766 774
1416 1727 1532 1757 CAPUT
1561 1727 1654 1755 xuv.

1097 1791 1134 1818 De
1146 1790 1201 1818 alio
1212 1789 1306 1825 angelo
1321 1789 1366 1821 qui
1378 1787 1553 1815 vindemiubat
1567 1786 1671 1813 vincant
1682 1783 1885 1812 amaritudinis.

1131 1878 1201 1910 XIV,
1231 1878 1320 1905 17—20.
1347 1877 1380 1903 Et
1394 1877 1464 1903 alius
1485 1874 1596 1910 angelus
1623 1874 1705 1901 exivit
1725 1873 1757 1900 de
1790 1871 1886 1906 templo

1096 1926 1166 1960 quod
1177 1929 1233 1951 erat
1250 1924 1275 1950 in
1289 1923 1365 1954 cwlo,
1378 1922 1474 1948 Ιιιιίιιίιδ
1488 1926 1511 1948 et
1525 1916 1579 1955 ipse
1593 1920 1687 1954 falcem
1701 1924 1818 1945 acutam.
1852 1917 1886 1944 Et

1097 1972 1168 1998 alius
1182 1969 1290 2004 angelus
1310 1969 1389 1996 exiuit
1404 1967 1437 1994 de
1456 1967 1537 1993 altari
1549 1966 1648 1993 habens
1663 1969 1820 1999 potestatem
1842 1973 1888 1990 διι-

1096 2024 1142 2050 per
1168 2016 1265 2050 ignem,
1299 2019 1324 2041 et
1337 2013 1460 2041 clamavit
1474 2013 1589 2039 clamore
1599 2019 1694 2046 magno
1710 2010 1744 2037 ad
1763 2018 1822 2037 eum
1843 2010 1888 2044 qui

1097 2062 1210 2089 habebat
1233 2059 1328 2095 falcem
1350 2063 1454 2086 acutam
1467 2058 1557 2084 dicens
1573 2056 1674 2084 :Mitta
1690 2056 1785 2090 falcem
1813 2059 1888 2081 tuam

1098 2114 1216 2139 acutam,
1233 2112 1259 2134 et
1285 2105 1414 2133 vindemia
1446 2104 1536 2130 botros
1548 2103 1633 2130 vinea:
1652 2107 1739 2133 tcrrw,
1762 2102 1888 2137 quoniam

1099 2159 1205 2182 matura
1218 2158 1256 2180 est
1268 2160 1318 2179 uua
1332 2156 1419 2178 terrm.
1440 2149 1474 2176 Et
1488 2149 1561 2176 misit
1581 2147 1688 2182 angelus
1700 2147 1794 2182 falcem
1811 2155 1888 2174 suam

1096 2201 1124 2227 iu
1142 2204 1250 2231 terram,
1267 2203 1291 2225 et
1307 2197 1474 2225 vindemiarit
1504 2196 1607 2223 vineam
1632 2199 1710 2221 terra:
1734 2201 1744 2221 :
1762 2194 1888 2228 misitque

1096 2247 1124 2274 in
1137 2245 1255 2273 torcular
1268 2246 1315 2272 ira:
1339 2244 1388 2271 Dei
1403 2250 1537 2279 magnum.
1556 2241 1591 2268 Ει
1614 2240 1747 2268 calcatum
1764 2244 1804 2267 est
1832 2245 1888 2266 tor—

1098 2293 1174 2320 cular
1189 2297 1264 2319 extra
1276 2291 1408 2318 civitatem
1423 2297 1432 2317 :
1446 2295 1470 2317 et
1495 2289 1576 2316 exivit
1605 2287 1715 2323 sanguis
1736 2286 1768 2314 de
1795 2290 1885 2313 torcu-

1097 2339 1150 2366 lari
1172 2346 1252 2374 usque
1275 2338 1310 2364 ad
1333 2337 1409 2372 frena
1428 2344 1555 2371 equorum
1578 2343 1624 2369 per
1639 2334 1731 2363 stadia
1744 2333 1818 2361 mille
1831 2340 1889 2361 sex-

1096 2392 1181 2413 cerua.

1134 2519 1192 2547 Non
1210 2518 1311 2546 frustra
1328 2517 1440 2553 ponitur
1452 2523 1559 2552 signum
1576 2522 1630 2550 quo
1645 2514 1748 2541 missus
1765 2512 1881 2547 angelus

1097 2571 1291 2601 cognoscatur,
1308 2564 1379 2599 quod
1395 2563 1520 2590 videlicet
1536 2570 1550 2588 a
1573 2559 1677 2588 caelesti
1700 2559 1802 2594 templo
1818 2558 1886 2586 mis-

1098 2619 1144 2639 sus
1159 2611 1207 2644 sit,
1223 2618 1285 2638 cum
1298 2610 1332 2638 de
1347 2610 1423 2637 nullo
1438 2613 1501 2636 ante
1536 2607 1610 2634 hunc
1634 2605 1687 2633 tale
1713 2604 1779 2639 quid
1803 2603 1888 2631 fuerit

1097 2657 1283 2694 designatum,
1299 2656 1347 2686 sed
1363 2656 1440 2685 solus
1460 2655 1494 2683 de
1521 2653 1621 2690 templo
1645 2652 1748 2680 missus
1758 2654 1811 2679 est.
1837 2649 1886 2678 llic
