2092 3157
189 158 245 191 697

726 164 918 196 COMMENT.
937 166 980 197 IN
999 169 1266 204 APOCALYPSIN.

1771 181 1823 213 698

190 217 363 253 βουλόμενος.
396 216 483 249 Ἐπεὶ,
505 216 546 248 τις
564 218 580 252 ἡ
598 218 690 250 πίστις
712 219 762 255 τὴν
779 222 919 257 μακαρίαν
936 223 982 250 καὶ

1035 231 1077 253 est
1091 234 1152 261 quae
1160 228 1267 257 beatam
1277 237 1309 258 ac
1321 230 1574 262 incommutabilem
1587 239 1714 264 naturam
1726 237 1832 265 allecti-

189 264 370 291 ἀναλλοίωτον
403 264 485 298 φύσιν
516 264 632 290 πάθεσιν
660 265 821 293 ἁλίσκεσθαι
851 276 986 303 παραχω-

191 309 293 345 ροῦσα;
312 309 352 344 τῷ
370 309 398 336 δὲ
416 309 470 342 ἔξω
489 310 537 344 τῆς
555 311 658 342 πόλεως
677 311 832 347 πατηθῆναι
853 314 917 345 τοὺς
939 314 986 348 βό-

189 364 285 390 τρυας,
299 355 388 388 πόλιν,
399 354 456 382 τῶν
466 357 537 381 κατὰ
547 355 593 382 τὸν
611 356 747 383 ἐνεστῶτα
763 357 820 392 βίον
835 359 986 394 ἐμπορικὸν

189 401 342 435 πολίτευμα
363 400 451 427 καλεῖ.
470 401 525 427 Καὶ
544 401 638 435 ἐπειδὴ
663 402 733 436 μετὰ
755 403 804 438 τὴν
828 405 986 432 συντέλειαν

189 446 296 477 τούτου,
316 447 332 481 ἠ
356 446 396 480 τῷ
421 447 478 473 ὄντι
496 447 598 482 ἀμοιϐὴ
616 447 669 473 τῶν
690 451 986 486 πεπραγματευμένων

190 489 358 526 ἀνθρώποις,
372 491 459 517 εἰκότι
471 491 543 525 λόγῳ
559 491 612 524 ἔξω
626 492 674 526 τῆς
691 493 796 525 πόλεως
810 494 916 530 εῐρηκε.
937 497 985 523 Ἐκ

188 534 216 561 δὲ
231 534 279 562 τοῦ
294 535 384 568 λέγειν
403 536 444 562 ὅτι
457 536 555 571 ἔχ’τῆς
573 537 655 571 ληνοῦ
670 535 740 572 αἷμα
757 540 789 575 τῇ
809 542 986 576 συμπατήσει

173 578 243 605 λιτῶν
265 578 386 613 βοτρύων
410 579 543 616 ἀπορρεῖ,
564 581 692 616 βότρυας,
718 583 781 615 τοὺς
805 585 986 621 ἁμαρτωλοὺς

188 624 378 659 περιλείπεται
394 626 474 652 νοεῖν.
486 626 531 652 Διὸ
542 626 630 653 καὶτὸ
645 625 713 662 αἷμα
744 630 784 661 εἰς
797 630 847 662 τὰς
863 632 984 667 πονηρὰς

172 670 278 698 ,αὐτῶν
296 670 410 705 πράξεις
427 671 605 706 τροπολογεϊ,
623 673 673 707 τῆς
697 674 805 707 δικαίας
825 676 869 702 ἐπ’
889 679 984 710 αὑταῖς

187 716 311 747 ἐκδικίας
324 716 428 750 σαφοῦς
447 717 532 744 ἅπασι
549 718 709 754 γινομένης.
731 721 785 747 Καὶ
801 721 873 749 οὕτω
892 723 985 751 δικαία

186 761 224 794 ὡς
239 762 306 797 μηδὲ
321 763 378 794 τοῖς
393 763 496 790 ἀνωθεν
512 764 552 796 είς
569 764 686 799 ἐποψίαν
700 767 840 801 ταχθεῖσιν
857 769 985 802 ἀγγέλοις

187 807 353 840 ὑπακοῦσαι,
369 808 522 836 κωλύουσιν
539 809 577 841 ὤς
591 819 648 837 τισι
665 811 784 846 χαλινοῖς
799 815 860 846 ταῖς
878 815 984 843 ἑαυτῶν

188 855 345 888 συνεργῖαις
359 855 422 886 τοὺς
436 855 600 891 ἀνθρώπους
620 858 674 884 ἀπὺ
687 860 741 885 τῶν
758 860 895 895 θεομισῶν
911 863 981 898 πρά-

187 898 263 932 ξεων.
279 899 312 926 οἳ
324 900 371 928 καὶ
383 901 510 928 τοσοῦτον
525 902 713 938 ὲξῴστρησαν,
730 906 768 937 ὡς
784 906 822 941 μὴ
837 907 918 942 μόνον
933 910 982 940 τὰς
996 908 1020 936 Β

187 945 306 979 φυσικὰς
324 946 368 973 ἐπ’
384 947 496 981 ἀγαθῶν
516 949 612 983 κτήσει
629 951 843 985 παρεσχημὲνας
860 953 913 979 ὑπὸ
933 954 980 980 τοῦ

186 991 311 1018 Πλάστου
333 992 440 1024 ἑννοίας
454 993 598 1028 ἀτιμάσαι,
619 994 688 1021 ἀλλά
701 1004 733 1029 γε
751 995 782 1031 δὴ
802 997 849 1023 καὶ
864 997 912 1029 τὰς
927 998 981 1024 ἀπὸ

184 1036 240 1064 τῶν
256 1037 336 1064 θείων
353 1038 488 1072 ἀγγέλων.
504 1039 658 1074 Τοιγαροῦν
672 1041 719 1068 καὶ
735 1041 802 1076 πρδς
815 1042 878 1073 τοὺς
892 1043 982 1076 θείους

186 1082 334 1117 συνεργοὺς
356 1083 403 1109 τοῦ
422 1083 549 1120 δυσηνίου
568 1085 807 1121 ἐπιδεδειγμένου,
831 1088 863 1114 ὲκ
882 1089 981 1116 πολλοῦ

185 1126 233 1154 νῦν
256 1128 304 1154 τοῠ
324 1128 466 1163 περιόντος
490 1130 645 1165 πρόφαντος
664 1131 768 1159 ἅπασιν
790 1133 806 1167 ή
828 1134 932 1161 τούτων
951 1135 981 1168 ἐξ

185 1173 328 1205 ἀπειθείας
342 1174 442 1208 μάστιξ
456 1175 629 1203 καθίσταται.

185 1219 280 1252 lautia.
295 1228 328 1247 ex
339 1221 436 1255 majori
464 1229 537 1248 nunc
562 1221 710 1250 accedente
720 1223 868 1252 criminum
878 1227 1001 1262 cumulo,

185 1266 288 1293 dientia
308 1267 496 1294 constituitur.

473 1327 601 1354 ΚΕΦΑΛ.
617 1327 686 1356 ΜΕ¹.

184 1380 255 1421 Περὶ
267 1381 333 1421 ¹τῶν
345 1381 420 1421 ἑπτὰ
432 1382 567 1421 ἀπτέλῳν
585 1384 645 1421 τῶν
660 1385 834 1421 ἐπαγόντων
848 1388 909 1421 τοῖς
925 1389 978 1416 ἀν-
990 1374 994 1377 ι

221 1416 347 1456 θρώίποες
365 1418 625 1456 ζὰςξτληγξιςγθζρύ
643 1419 698 1453 τῆς
718 1416 908 1456 συντελείαςξ
929 1424 979 1450 καὶ

219 1451 355 1514 ἓτὲρέστᾶῑξ
370 1453 499 1486 ὑαλίνης
513 1451 736 1489 θαλάσσηςῖἑν
748 1453 768 1491 ᾗ
788 1457 859 1490 τοὺς
874 1451 979 1493 ἀξίους

253 1495 268 1513 ε
349 1496 375 1514 ο.

1039 272 1091 300 bus
1118 274 1177 308 capi
1205 277 1354 304 concedat?
1379 278 1465 307 Porro
1494 281 1566 315 quod
1584 287 1661 310 extra
1687 283 1827 312 civitatem

1038 319 1134 346 calcati
1153 320 1208 348 sint
1233 322 1314 355 botri,
1334 325 1473 353 civitatem
1490 331 1571 354 vocnt
1591 331 1828 356 conversatiom-m

1037 364 1154 398 negotiis
1178 365 1309 398 deditam.
1326 376 1387 402 qua:
1404 370 1431 396 in
1453 371 1506 399 hac
1518 372 1572 400 vita
1586 373 1677 407 agitur
1693 383 1700 400 :
1716 380 1742 401 et
1759 383 1824 408 quo

1037 408 1110 436 niam
1135 415 1195 444 post
1219 413 1301 447 hujus
1327 418 1594 446 consummationem
1627 427 1722 447 revera
1748 421 1829 446 datur

1036 455 1182 483 retributio
1202 457 1360 487 hominibus
1378 461 1469 490 dehis
1494 472 1555 498 quat
1588 466 1719 500 negotiali
1753 471 1827 496 sunt.

1036 502 1211 529 convenienti
1238 504 1344 532 ratione
1366 506 1446 537 dixit.
1479 513 1557 536 extra
1580 510 1728 537 civitatem.
1747 511 1829 546 776

1037 546 1157 575 Dicenda
1176 553 1268 577 autem
1283 551 1356 585 quod
1373 552 1406 579 de
1421 554 1553 582 torculari
1571 563 1619 590 per
1640 557 1827 584 conculcatio-

1036 600 1098 620 nem
1122 595 1260 622 botrorum
1285 604 1401 632 sanguis
1429 599 1550 632 deﬂuat,
1577 601 1672 629 botros
1698 602 1829 637 relinquit

1036 639 1227 675 intelligendos
1248 650 1310 669 esse
1351 649 1522 678 peccatores.
1551 646 1613 673 Ideo
1633 655 1743 682 quoque
1761 656 1826 674 san-

1035 686 1145 720 guinem
1162 687 1194 714 ad
1219 695 1317 722 pravas
1338 689 1485 723 impiorum
1510 692 1633 720 actiones
1659 693 1828 727 tropologice

1035 732 1181 764 convertit,
1196 732 1298 760 inﬂicta
1315 739 1427 768 propter
1443 736 1518 770 ipsas
1533 737 1663 765 omnibus
1677 739 1752 772 justa
1769 747 1828 765 ma-

1034 776 1189 812 nifestaque
1214 779 1343 807 ultione:
1369 786 1395 808 et
1419 781 1456 809 ita
1488 783 1574 816 justa,
1602 788 1631 811 ut
1658 792 1748 819 neque
1779 793 1828 812 su-

1035 823 1127 856 pernis
1145 825 1249 860 angelis
1261 826 1516 862 obtemperaverint
1529 830 1575 864 qui
1588 831 1730 858 constituti
1745 836 1826 858 erant

1036 873 1065 895 ut
1082 868 1190 897 illorum
1209 873 1458 906 curamhaberent,
1475 875 1522 909 qui
1540 876 1599 902 suis
1611 876 1723 903 auxiliis
1738 877 1824 904 veluti

1035 915 1199 948 quibusdam
1218 916 1304 944 frenis
1329 918 1516 952 prohibebant
1541 920 1667 949 homines
1687 922 1722 949 ab
1737 923 1827 949 actio-

1035 959 1116 987 nibus
1138 959 1193 987 Deo
1215 961 1319 989 invisis.
1335 963 1369 990 At
1385 964 1422 990 illi
1441 969 1517 992 tanto
1534 965 1625 993 furore
1642 967 1739 1002 perciti
1755 967 1817 995 lue-

1034 1008 1109 1037 runt,
1126 1009 1155 1031 ut
1177 1012 1232 1032 non
1258 1007 1340 1035 modo
1368 1010 1507 1038 naturales
1537 1011 1771 1040 considerationes
1787 1013 1822 1040 ad

1033 1048 1170 1076 bonorum
1198 1052 1409 1086 acquisitionem
1427 1062 1441 1081 a
1458 1055 1608 1084 Conditore
1626 1057 1678 1084 sibi
1705 1058 1824 1086 traditas

1033 1097 1259 1130 contempserint,
1278 1098 1325 1125 sed
1340 1105 1366 1126 et
1386 1107 1433 1127 eas
1455 1109 1516 1135 qua:
1532 1110 1546 1128 ιι
1561 1102 1663 1130 divinis
1688 1111 1820 1138 suggere-

1033 1139 1134 1167 bantur
1145 1143 1259 1177 angelis.
1270 1143 1364 1178 Itaque
1376 1153 1459 1178 quum
1473 1147 1607 1174 adversus
1618 1147 1726 1176 divinos
1740 1150 1822 1176 etiam

1033 1183 1209 1213 auxiliatores
1229 1193 1339 1216 ostensa
1356 1189 1438 1217 fuerit
1458 1192 1569 1220 ell'renis
1591 1193 1712 1227 ipsorum
1740 1199 1822 1228 petu-

1021 1230 1149 1260 omnibus
1164 1235 1345 1269 conspicuum
1371 1235 1508 1271 ﬂagellum
1545 1246 1578 1265 ex
1602 1239 1699 1265 horum
1724 1237 1823 1266 inube-

1316 1338 1430 1366 CAPUT
1449 1339 1531 1367 XLV.

1032 1393 1072 1421 De
1088 1399 1184 1428 septem
1203 1395 1305 1429 angelis
1322 1396 1366 1430 qui
1388 1397 1415 1422 in
1432 1397 1550 1423 homines
1579 1398 1673 1432 plagas
1698 1400 1823 1427 inducent

1068 1434 1129 1456 ante
1154 1432 1408 1457 consummationem
1420 1450 1427 1462 ,
1450 1438 1475 1458 et
1495 1433 1526 1458 du
1543 1435 1611 1459 mari
1630 1434 1710 1460 vitreo
1728 1435 1755 1460 in
1770 1443 1821 1469 quo

1069 1470 1175 1491 sanctos
1189 1470 1371 1499 conspexerat.

220 1542 275 1570 Kal
287 1541 370 1570 εἶδον
383 1543 462 1570 ἄλλο
474 1544 645 1578 σημεῖονέν
656 1546 697 1578 τῷ
711 1546 833 1580 οὐρανῷ
841 1547 918 1582 μέγα
930 1547 979 1575 καί

1068 1539 1102 1567 Et
1116 1541 1170 1567 vidi
1185 1540 1259 1567 aliud
1270 1543 1373 1576 signum
1393 1542 1420 1568 in
1438 1544 1501 1569 cocto
1521 1551 1645 1578 magnum
1658 1548 1682 1570 et
1698 1545 1821 1571 admira-

184 1590 361 1623 θαυμαστόν
376 1598 383 1605 ·
410 1590 560 1624 ἀγγέλους
582 1591 674 1623 ἑπτὰ,
704 1593 833 1626 ἔχοντας
860 1594 981 1629 πληγὰς

184 1634 261 1662 ἑπτὰ
275 1635 329 1668 τὰς
341 1635 484 1670 ἐσχάτας,
506 1636 551 1663 ὅτι
567 1636 602 1663 ὲν
618 1637 722 1670 αὑταῖς
739 1638 884 1672 ἐτελέσθη
899 1641 916 1666 ὁ
931 1641 981 1666 θυ-

182 1680 242 1715 μὸς
257 1681 312 1708 τοῦ
328 1682 412 1709 Θεοῦ.
436 1682 489 1709 Kal
505 1680 588 1709 εἶδον
606 1683 646 1716 ὡς
666 1683 828 1710 θάλασσαν
845 1685 980 1719 ὑαλίνην

181 1728 369 1762 μεμιγμένην
384 1727 467 1762 πυρὶ,
490 1728 540 1755 καὶ
563 1729 634 1761 τοὺς
649 1729 796 1762 νικῶντας
814 1731 850 1757 ὲκ
861 1731 915 1757 τοῦ
929 1732 980 1764 οη-

181 1774 260 1807 ρὶου,
278 1774 328 1801 καὶ
342 1775 376 1800 ἐκ
392 1773 445 1808 τῆς
458 1775 576 1808 εἰκόνος
591 1776 695 1806 αὐτοῦ,
706 1776 755 1803 καί
769 1777 805 1803 ἐκ
820 1777 873 1803 τοῦ
885 1777 978 1810 χιιρά-

184 1827 296 1853 mucro;-
307 1820 415 1853 αὑτοῦ,
429 1820 479 1847 καὶ
498 1821 532 1847 ἐκ
551 1821 604 1848 τοῦ
623 1822 749 1857 ἀριθμοῦ
764 1822 818 1849 τοῦ
831 1822 976 1856 ὀνόματος

183 1865 288 1899 αὐτοῦ,
305 1865 438 1900 ἑστῶτας
452 1867 501 1894 ἐπὶ
515 1867 573 1901 τὴν
586 1868 749 1895 θάλασσαν
763 1868 820 1902 τὴν
833 1869 975 1903 ὑαλίνην,

183 1912 313 1946 ἔχοντας
336 1913 389 1946 τὰς
406 1913 529 1947 κιθάρας
548 1914 602 1941 τοῦ
624 1914 698 1941 Θεοῦ
709 1934 716 1946 ,
733 1915 781 1941 καὶ
796 1914 904 1948 ᾄδουσι
920 1915 978 1948 τὴν

183 1957 268 1991 ᾠδὴν
282 1958 413 1990 Μωσέως
429 1958 543 1986 δούλου
564 1959 618 1986 τοῦ
643 1959 717 1986 Θεοῦ
731 1979 737 1989 ,
758 1959 807 1986 καὶ
827 1959 884 1993 τὴν
897 1959 980 1993 ᾠδὴν

182 2003 239 2029 τοῦ
253 2003 383 2037 Ἀρνίου,
398 2004 540 2038 λέγοντες
552 2012 560 2020 ·
571 2004 695 2039 Merita
703 2005 752 2031 καὶ
768 2005 933 2039 θαυμαστὰ
945 2005 981 2032 τὰ

184 2048 258 2082 ἔργα
274 2056 345 2080 σου.
360 2050 448 2083 Κύριε
463 2050 480 2076 δ
501 2048 573 2083 Θεὸς
593 2051 609 2077 ὀ
626 2050 853 2084 παντοκράτωρ·
867 2050 979 2077 δίκαιαι

184 2095 235 2121 καὶ
246 2095 384 2128 ἀληθιναὶ
398 2096 428 2122 al
440 2095 506 2122 ὁδοί
519 2104 588 2129 σου,
603 2097 619 2122 ό
632 2096 783 2128 Βασιλεὺς
796 2096 857 2123 τῶν
871 2096 977 2123 ἐθνῶν.

187 2140 238 2174 Τίς
249 2141 335 2175 clum
345 2141 464 2176 φοϐηθῇ
475 2142 629 2175 σε,Κύριε,
642 2142 689 2169 καὶ
701 2142 824 2174 δοξάσει
838 2142 871 2169 τὸ
884 2142 979 2177 ὄνομὰ

1030 1586 1081 1613 bile
1096 1586 1224 1620 :angelos
1240 1592 1337 1621 septem
1352 1588 1477 1614 [tabentes
1492 1593 1588 1622 septem
1602 1589 1694 1624 plagas
1709 1590 1821 1616 novissi-

1029 1640 1097 1663 mas,
1112 1633 1175 1668 quia
1191 1633 1216 1659 in
1232 1633 1297 1667 ipsis
1318 1634 1464 1668 completur
1489 1635 1531 1661 ira
1548 1635 1603 1662 Dei.
1632 1635 1665 1662 Et
1683 1636 1736 1662 vidi
1760 1640 1822 1662 tan-

1028 1686 1107 1712 quam
1139 1687 1211 1705 mare
1249 1679 1361 1706 vitreum
1391 1681 1559 1707 cnmmistum
1590 1681 1656 1715 igni,
1673 1686 1698 1708 ct
1713 1690 1756 1709 eos
1776 1683 1822 1716 qui

1028 1723 1167 1750 victoriam
1196 1728 1395 1757 reportaverunt
1421 1725 1453 1751 de
1479 1725 1576 1757 bestia,
1601 1731 1624 1752 et
1648 1727 1680 1753 de
1707 1727 1821 1761 imagine

1029 1771 1124 1805 ipsius,
1139 1774 1164 1797 et
1175 1770 1207 1797 de
1219 1771 1370 1798 charactere
1387 1772 1480 1806 ipsius,
1497 1778 1521 1798 et
1535 1773 1567 1799 dc
1582 1781 1691 1800 numero
1707 1774 1821 1800 nominis

1031 1817 1126 1851 ipsius,
1139 1822 1239 1844 stantes
1254 1825 1333 1852 super
1345 1825 1418 1845 mare
1431 1819 1555 1850 vitreum,
1566 1820 1689 1846 habentes
1703 1820 1820 1846 citharas

1032 1863 1091 1896 Dei,
1104 1868 1128 1890 et
1141 1869 1262 1891 canentes
1276 1866 1408 1891 canticum
1425 1864 1493 1892 Masi
1503 1866 1569 1892 servi
1583 1866 1639 1898 Dei,
1652 1872 1674 1893 et
1687 1866 1821 1893 canticum

1032 1909 1111 1944 Agni,
1125 1911 1241 1938 dicentes
1255 1918 1263 1937 :
1275 1910 1373 1944 Magna
1387 1916 1411 1938 et
1425 1912 1586 1940 admiranda
1596 1918 1657 1940 sunt
1672 1921 1751 1947 opera
1763 1918 1821 1944 tua,

1031 1957 1143 1983 Domine
1170 1958 1240 1984 Deus
1264 1959 1428 1991 omnipotens
1446 1966 1455 1984 :
1466 1959 1550 1992 jnstw
1565 1967 1597 1985 ac
1610 1967 1676 1985 verro
1696 1963 1757 1984 sunt
1772 1959 1822 1985 via:

1030 2006 1093 2033 tute;
1102 2001 1156 2028 Rea:
1164 2002 1290 2036 gentium.
1302 2003 1366 2034 Quis
1378 2011 1430 2029 non
1442 2004 1543 2030 timebit
1553 2009 1586 2035 tc,
1596 2003 1717 2035 Domine,
1728 2008 1752 2029 et
1764 2004 1822 2037 glo-

1028 2048 1143 2082 riﬁcabit
1155 2056 1246 2074 nomen
1259 2053 1332 2074 tuum
1342 2049 1354 2076 7
1365 2049 1428 2083 quia
1442 2050 1512 2075 solus
1527 2055 1634 2075 sano/us
1644 2057 1681 2080 es.
1695 2050 1821 2083 quoniam

1028 2099 1116 2130 gentes
1127 2095 1233 2121 omnino
1243 2095 1343 2121 venient
1355 2100 1378 2121 et
1388 2095 1537 2122 adorabunt
1552 2103 1641 2122 coram
1651 2100 1685 2126 te.
1695 2095 1820 2129 quoniam

1025 2141 1132 2176 judicia
1147 2146 1194 2167 tua
1209 2141 1352 2175 manifesta
1370 2145 1442 2168 sunt.

184 2196 259 2221 σονς
275 2189 319 2215 ὅτι
330 2190 426 2224 μόνος
434 2190 528 2223 ὅσιος,
543 2190 588 2216 ὅτι
598 2189 717 2223 πάντως
728 2191 764 2217 τὰ
777 2191 848 2225 ἔθνη
864 2190 975 2224 ἥξουσι
992 2190 1042 2217 καὶ
1072 2189 1347 2224 προσκυνήσουσιν
1361 2188 1490 2216 ἐνώπιόν
1505 2196 1575 2220 σου,
1603 2189 1647 2216 ὅτι
1658 2189 1694 2216 τὰ
1708 2187 1822 2216 δικαιώ-

182 2237 263 2273 ματά
278 2245 337 2266 σου
352 2239 597 2273 ἐφανερώθησαν.

169 2291 172 2294 ’
221 2283 276 2310 Καὶ
304 2284 363 2316 πῶς
394 2284 425 2311 οὑ
457 2285 528 2319 μέγα
558 2285 609 2319 τὴν
638 2285 810 2320 παγκόσμιον
843 2286 976 2320 σημαῖνον

1065 2281 1145 2317 777
1176 2281 1217 2308 An
1254 2288 1307 2308 non
1343 2288 1471 2314 magnum
1497 2285 1540 2308 est
1571 2280 1645 2316 quod
1674 2281 1820 2308 universa-

184 2330 363 2364 καθαίρεσιν;
378 2331 436 2362 πῶς
450 2329 479 2356 δὲ
493 2330 523 2356 οὐ
539 2330 695 2366 θαυμαστὸν
706 2351 713 2363 ,
726 2331 852 2365 ἀγγέλοις
870 2330 977 2365 ἰσαρίθ-

186 2384 247 2411 μοις
261 2377 307 2403 τδν
320 2377 349 2410 ἐξ
361 2377 507 2412 ἑϐδομάδος
519 2377 632 2413 ’ἡμερῶν
643 2377 827 2413 ὲναρξάμενον
842 2377 977 2404 συντελεῖ-

185 2423 248 2450 σθιι
263 2423 375 2458 κόσμον,
389 2423 436 2450 καὶ
450 2425 490 2455 είς
507 2424 553 2450 τὸν
567 2424 649 2451 αὑτὸν
665 2424 781 2459 ἀριθμδν
793 2424 978 2459 ἁποτελευτᾷν

184 2469 240 2500 τοῖς
262 2477 292 2495 τε
314 2470 344 2495 τὸ
366 2470 507 2504 καθαίρειν
533 2470 662 2504 ἀγγέλοις
678 2469 791 2505 λαχοῦσι
816 2470 863 2496 καὶ
889 2471 928 2500 εἰς
947 2469 979 2495 τὸ

184 2513 328 2548 καθαίρειν
359 2515 450 2550 ἔχουσι
478 2515 603 2550 πληγάς;
634 2515 718 2541 Ἑπτὰ
743 2515 771 2541 δὲ
799 2516 827 2541 αἱ
855 2514 977 2549 πληγαί·

185 2559 309 2586 θιιλασσα
328 2560 436 2595 ὑαλίνη,
454 2560 519 2595 πῦρ,
537 2560 618 2587 είκὼν
635 2560 681 2587 τοῦ
700 2560 806 2595 θηρίου,
823 2560 870 2586 καὶ
884 2560 915 2586 τὸ
930 2559 979 2594 θη-

186 2606 243 2641 ρίον
269 2606 352 2638 αὐτὸ,
375 2606 422 2633 καὶ
446 2606 578 2642 χάραγμα
605 2606 662 2641 (49)
679 2605 777 2637 αὐτοῦ,
798 2606 846 2632 καὶ
862 2605 980 2641 ἀριθμὸς

185 2651 268 2678 αὐτοῦ
281 2652 329 2679 τοῦ
343 2652 485 2687 ὀνόματος.
506 2650 591 2679 Αὗται
618 2652 667 2686 μὲν
692 2653 720 2678 αἱ
735 2652 858 2687 πληγαὶ,
883 2652 917 2678 δι’
940 2648 978 2678 ὧν

186 2698 317 2734 ἐτελέσθη
334 2700 348 2725 ὁ
371 2698 456 2734 θυμὸς
477 2697 523 2725 τοῦ
549 2698 628 2725 Θεοῦ.
654 2698 787 2732 Ἔσχαται
806 2697 845 2729 δὲ,
860 2697 897 2728 ὼς
922 2697 978 2728 τοῖς

189 2744 302 2770 νικῶσιν
338 2744 423 2776 αὐτὰς
460 2744 510 2771 οὐκ
547 2743 587 2770 ἐτι
623 2743 852 2778 περιλειπομένου
881 2741 977 2776 ἑτέρου

186 2789 303 2824 ἀγῶνος.
322 2791 356 2817 O't'
374 2799 405 2817 τε
421 2789 476 2826 γὰρ
493 2789 523 2816 τὸ
541 2789 716 2825 ἀστάθμητον
731 2788 778 2815 τοῦ
796 2789 852 2823 βίου
869 2788 979 2819 τούτου,

1030 2328 1082 2356 lem
1109 2327 1234 2362 designat
1267 2327 1547 2354 subversionem?an
1586 2335 1640 2354 non
1675 2327 1819 2354 admiran-

1030 2373 1095 2400 dum
1125 2377 1168 2400 est
1195 2372 1326 2399 Inundqu
1351 2380 1413 2400 esse
1440 2373 1688 2400 consummandam
1715 2373 1749 2400 ab
1773 2381 1822 2400 nn-

1029 2419 1098 2454 gelis
1110 2418 1157 2453 qui
1171 2418 1265 2446 eodem
1290 2422 1355 2445 sunt
1379 2426 1495 2446 numero
1512 2427 1574 2446 cum
1591 2418 1689 2445 diebus
1715 2418 1819 2445 hebdo-

1031 2465 1117 2492 mada:
1139 2472 1154 2491 a
1177 2465 1277 2499 quibus
1305 2464 1401 2491 habuit
1431 2464 1559 2496 initium,
1587 2468 1615 2491 et
1639 2464 1667 2490 in
1694 2464 1819 2490 eumdem

1035 2511 1112 2538 ﬁnire
1131 2518 1275 2537 numerum
1293 2518 1354 2538 cum
1370 2511 1474 2545 angelis
1487 2512 1532 2544 qui
1549 2510 1574 2536 id
1589 2508 1714 2536 muneris
1730 2509 1820 2536 sortiti

1034 2561 1100 2584 sunt
1115 2561 1144 2583 ut
1166 2556 1255 2590 ipsum
1282 2555 1407 2589 perdant,
1430 2561 1457 2582 et
1476 2556 1509 2582 ad
1525 2554 1693 2589 perdendum
1719 2553 1821 2580 habent

1033 2601 1149 2637 plagas?
1164 2600 1272 2635 Septem
1300 2607 1390 2627 autent
1412 2601 1496 2635 plagae
1511 2604 1575 2627 sunt
1592 2606 1667 2626 mare
1687 2597 1819 2630 vitreum,

1034 2648 1116 2682 ignis,
1137 2647 1228 2682 imago
1239 2647 1331 2674 bestize
1345 2653 1373 2674 et
1388 2647 1473 2674 bestia
1490 2646 1561 2680 ipsa,
1575 2645 1718 2672 character
1732 2644 1821 2679 ipsius

1033 2699 1059 2721 et
1073 2701 1204 2721 numerus
1223 2693 1341 2720 nominis
1356 2693 1450 2728 ipsius.
1470 2692 1516 2719 [Le
1530 2691 1640 2726 quidem
1657 2691 1742 2726 plagze
1755 2693 1820 2718 sunt

1034 2741 1136 2776 quibus
1150 2740 1303 2775 completur
1326 2740 1365 2767 ira
1381 2739 1427 2766 Dei
1447 2747 1454 2766 :
1469 2743 1599 2766 extremae
1626 2745 1703 2770 vero,
1727 2741 1757 2764 ut
1772 2736 1820 2771 qui

1035 2786 1085 2814 has
1099 2786 1229 2814 devicerit
1257 2786 1361 2814 nullum
1382 2785 1418 2813 sit
1434 2785 1483 2820 ipsi
1501 2784 1638 2819 reliquum
1666 2788 1821 2812 certamen.

224 2879 458 2915 (49)1δρευί)ιλιυι·,
487 2880 578 2915 ὖαλος,
599 2880 663 2915 πῦρ,
692 2879 777 2911 etaim,
807 2879 904 2914 θηρῖον
927 2879 973 2906 καὶ
990 2879 1132 2914 χάραγμα.
