2092 3157
275 154 330 185 699
687 149 852 180 ARETHIE
871 147 1060 180 CIESAREZE
1079 147 1322 178 CAPPADOCLE
1343 146 1515 178 EPISCOPI
1859 149 1911 182 ἰω

278 209 330 242 Qui
351 207 425 235 enim
442 214 553 235 onmem
574 205 664 243 hujus
689 206 752 232 vitae
781 205 988 232 iustabilitatem
1008 211 1070 238 qua!

1132 204 1135 228 ἰ
1152 205 1207 236 τοῖς
1227 204 1334 236 πολλοῖς
1349 204 1382 231 δι’
1398 204 1536 240 ἀλμυρὶαν
1550 204 1689 241 ξηραίνειν
1701 202 1755 232 οἶδε
1769 204 1800 232 τὺ
1811 204 1914 240 ἀναψύ-

280 263 330 282 sua
343 253 482 287 salsugine
494 253 520 279 in
536 251 630 279 multis
645 251 785 278 exsiccare
803 251 871 278 solet
886 258 968 277 omne
986 249 1068 276 retri-

1132 259 1180 284 ίον,
1204 251 1258 276 πᾶν
1282 251 1455 283 νενικηκότες
1476 252 1509 286 τῇ
1527 251 1675 287 καρτερίᾳ,
1693 251 1749 278 οίτε
1766 252 1827 283 ταῖς
1841 251 1916 279 εὐδο-

280 300 397 335 gerium,
423 298 566 326 tolerando
592 297 706 325 vicerint
723 306 730 324 :
748 296 852 331 quique
866 296 931 323 dum
948 295 1069 322 mundus

1132 296 1193 328 ίίαις
1209 296 1281 322 κατά
1295 295 1325 322 τὸ
1339 295 1421 323 ὕαλον
1433 296 1479 323 τοῦ
1498 297 1690 332 συντρίϐεσθαι
1705 297 1916 332 κεκληρωμένου

281 346 308 373 id
326 350 423 373 nactus
449 348 492 371 est
507 348 536 371 ut
553 343 674 371 nominis
698 343 820 378 ipsorum
837 341 1026 370 celebritatem
1043 340 1071 367 in

1132 342 1227 376 ιόσμου
1251 342 1311 369 κατ’
1334 342 1410 369 οὐδὲν
1429 344 1642 378 κεχειρωμένοι,
1665 343 1714 378 οὐχ
1729 344 1753 369 οί
1768 343 1815 370 τοῦ
1831 343 1918 379 πυρὸς

283 390 394 417 modum
412 389 474 415 vitri
488 391 623 421 conterat,
642 387 668 414 in
684 386 761 414 nullo
776 387 883 421 pejores
894 384 1051 412 elliciuntur
1065 393 1071 410 :

1132 387 1173 422 τὴν
1187 388 1338 422 καυστικὴν
1357 388 1483 423 δύναμιν,
1500 389 1568 415 ἀλλὰ
1584 389 1634 424 τὴν
1650 389 1819 425 φωτιστικὴν
1834 398 1920 416 πεπο-

283 443 337 462 non
351 435 402 462 sibi
417 435 584 462 asciscentes
598 433 653 460 vim
669 432 803 460 exurendi
819 431 900 466 ignis,
913 431 960 458 sed
972 428 1073 457 illumi-

1132 434 1261 469 ptepévot,
1275 434 1324 470 οὐχ
1338 435 1364 461 οί
1382 435 1431 470 τὴν
1445 435 1538 461 εἰκόνα
1555 435 1602 461 τοῦ
1618 435 1724 470 θηρίου,
1740 435 1756 470 ἢ
1771 435 1802 462 τδ
1824 435 1919 470 θηρίον

281 481 363 508 nandi
378 490 385 507 :
399 488 461 508 cum
486 480 605 514 imagine
624 479 730 511 bestiae,
755 483 802 505 aut
826 477 912 505 bestia
936 476 1007 512 ipsa,
1026 479 1074 502 aut

1132 479 1201 510 ιύτὺ,
1221 479 1237 514 ἢ
1251 478 1296 506 τδν
1309 479 1427 516 ἀριθμὸν
1437 480 1485 506 τοῦ
1501 480 1633 514 ὀνόματος
1648 480 1730 507 αὑτοῦ
1743 480 1917 507 καταπαλαί-

283 528 446 554 charactere
462 531 509 553 aut
525 533 641 553 numero
665 525 786 552 nominis
806 524 893 559 ipsius
908 531 964 550 non
983 521 1074 550 infeli-

1132 533 1172 551 ται
1183 525 1422 560 δεδυστυχηκότες,
1435 525 1493 552 ἀλλ’
1505 525 1639 561 ἀνδρικῶς
1651 525 1834 560 νενικηκότες,
1847 523 1920 553 οὗτοι

284 574 353 601 citer
381 573 526 605 luctantes,
544 572 590 599 sed
607 570 722 598 viriliter
747 569 924 597 devincentes
939 577 945 595 :
966 567 993 594 hi
1010 571 1075 594 tunc

1132 571 1253 606 τηνικάδε
1266 571 1383 602 ἑστῶτες
1397 571 1445 598 ἐπὶ
1458 572 1507 606 τὴν
1524 571 1637 607 ὑαλίνην
1650 571 1801 604 θάλασσαν,
1817 571 1920 606 σύμϐο-

283 628 368 656 super
382 628 459 647 mare
473 620 592 647 vitreum
610 623 726 650 stantes,
740 618 847 652 signum
864 620 1004 652 gestantes
1018 622 1075 643 suae

1132 619 1171 644 λον
1190 618 1383 652 ἐπιφερόμενοι
1402 618 1452 653 τῆς
1469 617 1573 645 ἑαυτῶν
1594 619 1624 653 ὲν
1638 617 1677 653 τῷ
1692 619 1741 654 βίῳ
1758 618 1920 654 νεκρὼσεως

285 667 313 693 in
332 668 386 694 vita
405 665 641 696 mortiﬁcationis,
666 664 756 699 quoad
776 663 948 697 voluptatum
973 668 1036 696 quae
1048 660 1076 687 in

1132 664 1199 690 κατὰ
1209 663 1240 690 τὸ
1251 663 1433 699 ἀνενέργητον
1448 665 1503 691 τῶν
1516 665 1545 690 ὲν
1560 663 1635 699 αὐτῷ
1647 664 1735 699 ἡδέων
1746 663 1856 699 ᾄδουσιν
1871 664 1922 690 ὃσα

285 719 317 739 ea
355 716 418 739 sunt
447 711 622 738 inutilitatem
650 718 683 738 ac
713 709 930 737 contractionem
947 716 954 735 :
974 710 1077 735 canunt

1132 709 1201 742 εἰκὸς
1213 710 1277 741 τοὺς
1291 710 1468 745 νενικηκότας
1488 710 1542 736 τῶν
1556 709 1686 736 τοιούτων
1699 709 1785 745 ᾄδειν,

288 766 461 793 quaecunque
476 765 585 792 aequum
598 763 639 785 est
654 764 754 784 canere
781 756 900 783 victores
918 753 1076 789 huiusmodi

287 803 522 830 adversariorum.

324 847 456 874 Habentes
485 851 583 882 septem
613 847 707 881 plagas
736 846 904 873 novissimae.
933 844 1011 877 Quod
1040 844 1078 871 ait

1168 853 1316 886 Ἕχοντας
1335 850 1454 885 πληγὰς
1469 849 1544 877 ἑπτὰ
1557 850 1611 883 τὰς
1625 848 1769 883 ἐσχάτας.
1785 849 1822 876 Τὸ
1838 849 1924 882 ἑπτὰ,

289 898 401 928 septem,
419 901 473 920 non
498 873 540 920 est
568 873 772 926 intelligendum
793 892 866 926 quod
888 898 1004 918 numero
1019 889 1079 917 fue-

1180 873 1252 886 κάν·
1265 873 1313 884 ""-
1335 873 1450 885 ’π’-ιι-τι
1470 873 1544 877 ------
1559 873 1607 883 vm-
1626 873 1654 877 ~v
1665 873 1769 883 h""')‘
1790 873 1820 876 -ν
1838 873 1923 882 ---ν-ν

1132 899 1179 926 οὐκ
1195 899 1238 924 ἐπ’
1253 897 1335 924 αὐτοῦ
1352 896 1400 923 τοῦ
1418 896 1599 931 ἑϐδοματικοῦ
1621 895 1740 931 ἀριθμοῦ
1755 896 1903 923 ἀκουστέον
1915 915 1924 928 ,

289 939 345 965 rint
371 939 546 972 septenario,
574 937 622 965 sed
647 937 754 972 capitur
780 944 829 971 pro
845 936 967 962 multas:
985 935 1078 969 itaque

1129 944 1186 971 ἀλλ’
1202 943 1250 970 ἐπὶ
1261 943 1308 970 τοῦ
1325 942 1422 969 πολλά.
1437 942 1493 973 Τὰς
1504 942 1605 974 πολλὰς
1620 939 1666 968 οὖν
1681 941 1752 969 κατὰ
1763 942 1818 973 τῶν
1834 942 1925 977 ἀμαρ-

288 984 374 1011 nlulta
393 984 519 1018 designat
533 991 594 1011 esse
611 983 745 1010 adversus
757 986 917 1018 peccatores
932 980 1080 1015 supplicia,

1132 989 1223 1016 τωλῶν
1234 988 1360 1019 κολάσεις
1378 987 1538 1019 αἰνίττεται,
1555 987 1588 1014 δι’
1604 984 1642 1014 ὦν
1657 988 1672 1013 ό
1690 987 1776 1021 θυμὸς
1790 987 1838 1013 τοῦ
1855 986 1925 1013 Θεοῦ

289 1029 392 1063 quibus
409 1029 490 1055 linem
511 1027 610 1063 accipit
628 1028 668 1054 ira
686 1027 745 1060 Dei,
767 1034 829 1061 quae
844 1026 925 1052 etiam
941 1029 1080 1060 postrema

1132 1035 1220 1070 πέρας
1245 1034 1390 1068 λαμϐάνει.
1418 1034 1525 1065 Αἵτινες
1548 1035 1595 1060 καὶ
1619 1034 1732 1068 ἔσχαται
1759 1033 1923 1068 ἐλέχθησαν.
1963 1058 1967 1061 .

289 1082 352 1101 esse
370 1074 444 1101 dicta
472 1078 546 1101 sunt.
576 1073 663 1100 Porro
688 1081 751 1100 cum
777 1073 824 1099 Dei
843 1071 924 1099 audis
949 1071 1018 1098 iram
1034 1078 1081 1098 seu

1133 1080 1225 1114 Θυμὸν
1240 1079 1268 1106 δὲ
1280 1079 1387 1105 ἀκούων
1406 1079 1486 1111 Θεοῦ,
1503 1078 1541 1114 μὴ
1563 1078 1601 1110 ὡς
1620 1078 1761 1114 ἒμπαθοῦς
1781 1078 1863 1104 ἄκουε
1879 1077 1926 1104 τοῦ

290 1120 423 1150 furorem,
440 1127 472 1146 ne
490 1119 630 1153 concipias
645 1118 768 1145 divinum
793 1125 893 1144 numen
921 1117 1077 1151 subjectum

1132 1127 1223 1153 Θείου.
1244 1125 1314 1152 Ἀλλ’
1329 1125 1389 1151 ἐπεὶ
1401 1125 1450 1151 οὐκ
1463 1123 1536 1160 εἶχεν
1549 1125 1637 1156 ἄλλως
1651 1132 1710 1155 πως
1727 1124 1865 1158 ὑποφῆναι
1878 1124 1928 1157 τὴν

1133 1171 1288 1206 ὑπερΰολὴν
1303 1170 1356 1197 τῶν
1372 1171 1443 1198 κατὰ
1463 1171 1607 1205 ἀσέλγειαν
1620 1171 1674 1197 τῶν
1696 1170 1866 1206 ἁμαρτωλῶν
1881 1170 1927 1205 ἐρ-

1133 1225 1200 1252 γων,
1211 1217 1261 1245 ἅτε
1278 1217 1325 1243 καὶ
1339 1217 1388 1250 τὴν
1401 1216 1495 1250 ἀπαθῆ
1511 1216 1592 1250 φύσιν
1605 1216 1668 1243 οῐων
1683 1225 1713 1243 τε
1730 1217 1815 1243 ὄντων
1830 1217 1928 1250 κινεῖν,

1133 1263 1313 1298 ἀνθρωπίνως
1335 1263 1472 1298 ἐχρήσατο
1492 1262 1532 1297 τῷ
1557 1262 1639 1297 λόγῳ.
1664 1261 1695 1288 'H
1712 1262 1809 1297 ὑαλίνη
1827 1262 1856 1288 δὲ
1879 1262 1930 1289 Θάι

294 1301 462 1329 immobilem
480 1301 514 1328 ad
538 1301 651 1329 cchctus
667 1305 794 1328 naturam
822 1305 935 1335 possent
961 1308 1080 1333 movere,

1135 1310 1223 1337 λασαα
1248 1310 1299 1336 οὐκ
1313 1309 1346 1336 ἂν
1367 1309 1431 1336 ἄλλο
1448 1309 1591 1343 σημαίνειν
1606 1308 1690 1340 δοκοῖ.
1708 1309 1724 1344 ἢ
1745 1309 1776 1335 τὸ
1791 1308 1858 1336 πολὺ
1880 1307 1930 1343 μὲν

295 1347 417 1374 humano
433 1354 509 1374 more
521 1346 629 1374 locutus
640 1350 693 1374 est.
710 1345 783 1373 Mare
794 1351 885 1374 autem
898 1347 1016 1373 vitreum
1029 1354 1080 1374 non

1134 1355 1178 1380 διὰ
1192 1354 1251 1386 τοῦ,
1267 1354 1399 1385 Θάλασσα,
1412 1354 1456 1380 διὰ
1471 1353 1500 1380 δὲ
1516 1353 1574 1386 τοῦ,
1590 1354 1698 1389 ὑαλίνη,
1713 1353 1744 1380 τὸ
1758 1353 1884 1380 στιλπνόν
1899 1361 1929 1380 τε

294 1393 369 1420 aliud
392 1392 554 1428 signiﬁcare
580 1397 702 1427 putetur,
723 1399 805 1426 quam
821 1399 870 1425 per
884 1399 960 1419 mare
973 1392 1080 1426 quidem

1136 1397 1184 1423 καὶ
1205 1397 1323 1432 καθαρὸν
1346 1397 1401 1424 τῶν
1420 1397 1469 1432 τῆς
1493 1398 1552 1424 ἐκεῖ
1576 1398 1779 1433 μακαριότητος
1801 1397 1849 1425 τοῦ
1871 1397 1930 1433 βίου

294 1438 511 1471 mullitudinem,
545 1446 594 1473 per
623 1439 724 1465 vitrum
759 1445 823 1465 vero
857 1438 1030 1472 splendorem
1054 1446 1080 1465 at

1137 1442 1307 1478 ἠξιωμένων.

294 1485 444 1519 puritatem
468 1491 564 1511 eorum
580 1485 626 1516 qui
643 1483 678 1509 ibi
694 1483 769 1518 digni
796 1482 899 1510 luerint
917 1483 996 1510 beata
1014 1484 1083 1511 vita.

332 1529 464 1556 [labentes
485 1529 602 1556 citharas
621 1528 669 1555 Dei
682 1533 706 1555 et
721 1533 842 1556 canentes
857 1529 991 1556 canticum
1005 1528 1080 1556 Mosi.

1174 1534 1323 1567 Ἐχοντας
1343 1532 1396 1564 τὰς
1415 1531 1541 1565 κιθάρας
1563 1531 1616 1559 τοῦ
1641 1532 1716 1559 Θεοῦ
1728 1553 1735 1565 ,
1756 1533 1805 1559 καὶ
1821 1533 1931 1567 ᾄδουσι

295 1575 396 1603 Dicens
422 1575 554 1607 citharas,
576 1574 763 1601 membrorum
789 1582 851 1609 qua:
875 1574 902 1601 in
924 1580 997 1602 terra
1021 1579 1080 1601 sunt

1188 1552 1208 1559 μ
1233 1552 1305 1560 νην.
1345 1552 1393 1564 η...
1415 1552 1522 1559 ...υ-...-
1565 1552 1614 1559 ην
1643 1552 1713 1559 νυν-ι
1756 1552 1805 1559 ην..
1860 1552 1930 1561 νυν.

1138 1579 1196 1612 τὴν
1212 1552 1464 1611 ῒρδὴνὸΜωσέως.
1481 1552 1536 1603 XL;
1548 1575 1595 1602 τοῦ
1620 1577 1708 1603 εἰπεῖν
1728 1553 1780 1608 ἶτὰς
1803 1552 1930 1612 κῖίὶνάρσς,

296 1621 539 1650 mortiﬁcationem
554 1621 690 1655 designat.
705 1620 791 1647 Porro
807 1619 881 1654 ipsas
896 1620 935 1647 ait
949 1627 1011 1647 esse
1029 1619 1080 1653 Dei,

1138 1625 1188 1659 τὴν
1202 1623 1256 1650 τῶν
1271 1623 1317 1649 ἐπὶ
1331 1622 1383 1657 γῆς
1399 1621 1488 1657 μελῶν
1503 1622 1651 1648 αἰνίττεται
1665 1622 1810 1657 νέκρωσιν.
1823 1622 1891 1649 Θεοῦ
1902 1623 1931 1649 δὲ

297 1674 331 1694 eo
351 1667 424 1701 quod
441 1666 533 1694 nullus
558 1665 737 1700 quantumvis
757 1665 867 1692 sedulus
894 1665 976 1692 homo
997 1670 1024 1692 ct
1047 1666 1080 1692 in-

1139 1668 1224 1700 αὐτὰς
1241 1666 1321 1699 εἶναι,
1336 1667 1431 1694 καθότι
1445 1666 1533 1697 οὐδεὶς
1545 1667 1599 1693 τῶν
1615 1667 1768 1694 σπουδαίων
1779 1667 1932 1702 ἀνθρώπιον

298 1711 423 1739 dustrius
442 1711 468 1738 id
492 1714 652 1746 praestaret,
679 1710 773 1737 divino
799 1710 949 1737 destitutus
974 1710 1080 1737 auxilio,

1139 1714 1188 1748 τῆς
1209 1713 1284 1744 θείας
1302 1712 1460 1747 συμμαχίας
1474 1711 1599 1747 χηρεύων
1619 1712 1811 1747 κατορθοῦται.
1825 1712 1881 1747 Τὴν
1902 1711 1932 1738 δὲ

299 1756 434 1784 Caeterum
451 1756 519 1783 Mosi
547 1757 618 1783 servi
638 1756 685 1783 Dei
703 1756 841 1783 canticum
860 1756 943 1790 778
960 1756 1025 1782 illud
1041 1764 1080 1783 ve-

1140 1759 1211 1794 ᾠδὴν
1224 1758 1366 1790 Μωῡσέως
1385 1758 1479 1785 δούλου
1496 1758 1600 1793 Κυρίου
1617 1758 1725 1793 εκείνην
1742 1758 1845 1788 πάντας
1859 1757 1933 1788 εἰκός

300 1801 417 1828 risimile
444 1806 486 1828 est
518 1808 615 1829 omnes
646 1801 798 1836 intelligere
830 1801 904 1836 quod
929 1801 1028 1829 cecinit
1054 1801 1080 1829 ol

1140 1805 1199 1831 ὲστι
1222 1804 1329 1838 νοῆσαι,
1348 1804 1382 1839 ἣν
1398 1802 1465 1840 ᾖσεν
1482 1804 1529 1830 ἐπὶ
1548 1805 1581 1838 τῇ
1605 1805 1810 1830 καταποντώσει
1831 1801 1932 1837 Φαραὼ

300 1845 502 1873 demersionem
520 1844 671 1872 Pharaonis
691 1845 764 1879 regis
779 1844 980 1880 Egyptiorum.
996 1844 1080 1872 Canti-

1140 1849 1196 1876 τῶν
1214 1849 1380 1883 Αἰγυπτίων.
1398 1849 1458 1875 Τῶν
1475 1848 1524 1883 μὲν
1539 1847 1592 1883 πρὸ
1605 1848 1689 1882 νόμου
1704 1847 1751 1874 καὶ
1764 1848 1793 1874 ὲν
1807 1846 1846 1881 τῷ
1858 1847 1932 1881 νόμῳ

301 1899 364 1923 cum
383 1891 476 1926 itaque
499 1892 636 1919 victorum
664 1896 728 1919 ante
753 1892 839 1927 legem
856 1897 883 1919 et
897 1892 949 1920 sub
973 1892 1042 1928 lege,
1056 1900 1080 1920 c1

1141 1895 1298 1930 νικηφόρων
1312 1896 1328 1929 ἡ
1344 1894 1411 1930 ᾠδὴ,
1424 1893 1461 1925 ὡς
1478 1894 1597 1930 εἴρηται,
1613 1893 1646 1920 ὲκ
1661 1893 1715 1920 τῶν
1730 1893 1775 1919 διὰ
1794 1892 1933 1923 Μωῡσέως

302 1938 346 1965 his
375 1937 530 1972 concipitur
556 1945 616 1972 qua:
631 1945 679 1972 per
696 1937 789 1964 Mosen
813 1937 892 1972 jussu
911 1938 958 1965 Dei
982 1942 1080 1973 peracti

1143 1942 1335 1977 προστάγματι
1353 1940 1421 1967 Θεοῦ
1437 1940 1634 1975 ὲνηργημένων
1649 1940 1762 1967 νοεῖται.
1792 1938 1823 1965 Ἦ
1839 1939 1868 1965 δὲ
1885 1937 1933 1965 τοῦ

301 1988 377 2016 sunt,
394 1988 423 2011 ut
437 1983 542 2010 dictum
562 1987 619 2011 est.
633 1983 704 2018 Δειιὶ
723 1990 787 2010 vero
801 1985 939 2010 canticum
959 1985 1032 2018 quod
1049 1991 1078 2011 es

1148 1987 1254 2023 Ἀρνίου
1268 1986 1324 2022 ᾠδὴ
1339 1986 1380 2018 τίς
1395 1986 1428 2013 ἂν
1437 1985 1515 2020 ἄλλη,
1531 1987 1555 2012 εί
1570 1985 1608 2021 μὴ
1620 1985 1665 2011 ὑπ’
1681 1983 1817 2011 αὐτοῦτοῦ
1827 1992 1935 2018 χρημα-

302 2029 377 2056 aliud
396 2029 448 2057 nisi
463 2029 537 2064 quod
550 2030 584 2056 ab
596 2036 628 2056 eo
639 2029 686 2064 qui
702 2036 832 2063 responsa
845 2029 892 2056 dat
907 2030 1080 2065 compositun

1142 2031 1262 2063 τίζοντος
1273 2030 1478 2065 συντεθειμένη,
1491 2030 1524 2065 ἢν
1535 2030 1582 2058 καὶ
1594 2030 1705 2065 ᾴσουσιν
1715 2030 1739 2056 οἱ
1751 2029 1804 2056 ἀπὸ
1816 2028 1933 2064 Χριστοῦ

301 2076 363 2102 est?
378 2075 452 2110 quod
477 2076 560 2102 etiam
585 2081 685 2102 canent
711 2075 738 2102 hi
760 2075 807 2109 qui
824 2083 840 2102 a
855 2075 965 2103 Christo
983 2080 1010 2103 et
1030 2083 1080 2110 pus

1143 2079 1190 2104 καὶ
1203 2077 1273 2112 μετὰ
1295 2076 1412 2111 Χριστὸν
1432 2076 1528 2107 αἰσίως
1543 2075 1768 2110 πολιτευσάμενοι
1778 2094 1786 2107 ,
1800 2075 1851 2109 τὴν
1863 2074 1934 2101 ἀκα-

301 2121 444 2149 Christum
468 2121 597 2149 decenter
611 2127 810 2149 conversantes
833 2122 947 2150 assidue
961 2122 988 2149 in
1005 2122 1080 2156 grati:

1143 2124 1298 2150 τάπαυστον
1312 2123 1341 2148 ὲν
1355 2122 1458 2158 χάριτι,
1471 2122 1502 2148 τὺ
1519 2121 1662 2157 μεγαλεῖον
1677 2120 1886 2155 ἐξαγγέλλοντες
1895 2119 1934 2155 τῷ

301 2174 334 2193 ac
358 2167 558 2202 magniﬁcentia
588 2167 753 2194 annnntiant
788 2167 864 2203 Agno
895 2167 952 2194 sive
978 2167 1080 2194 Domim

1150 2169 1261 2204 Ἀρνίῳ,
1271 2169 1330 2203 ἤτοι
1336 2168 1375 2202 τῷ
1386 2168 1480 2203 Κυρίῳ
1494 2167 1581 2202 Ἰησοῦ
1591 2165 1713 2203 Χριστῷ,
1722 2165 1936 2201 ᾠκονομημένης

301 2212 365 2240 Jesu
378 2213 499 2246 Christo,
517 2213 552 2240 ob
566 2213 757 2247 dispensatum
782 2214 862 2241 nobis
879 2214 994 2241 salutari
1011 2214 1080 2241 ιηοὼ

1146 2214 1287 2249 σωτηρίως
1313 2215 1379 2249 ἡμῖν
1402 2214 1451 2248 τῆς
1477 2212 1744 2248 παντοκρατορικῆς,
1763 2211 1871 2242 δικαίας
1887 2210 1936 2238 καὶ

303 2257 648 2293 omnipotentem,justum
676 2266 708 2286 ac
736 2266 830 2286 verum
857 2259 997 2286 ducatum.
1025 2260 1080 2292 Qua

1140 2261 1270 2296 ἀληθινῆς
1280 2259 1400 2295 ὁδηγίας.
1415 2259 1502 2294 “Amp
1511 2258 1547 2290 ὡς
1561 2258 1686 2293 βασιλεὺς
1698 2257 1776 2292 βάσις
1785 2256 1822 2283 ὢν
1831 2256 1934 2288 ὲλέους,

305 2306 434 2338 tanquam
460 2312 508 2331 rex
522 2309 549 2332 et
570 2305 643 2332 basis
662 2305 870 2337 misericordia},
887 2313 934 2339 per
951 2305 1080 2340 apostolo:

1142 2307 1211 2341 πρὸς
1227 2307 1258 2332 τὸ
1275 2306 1372 2333 ἑαυτοῦ
1399 2305 1512 2341 πλάσμα
1533 2304 1578 2332 διὰ
1600 2304 1655 2331 τῶν
1676 2303 1760 2331 αὑτοῦ
1775 2302 1936 2330 ἀποστόλων

305 2355 370 2376 SUOS
385 2354 516 2383 operatus
531 2356 573 2378 est
590 2358 655 2386 erga
671 2359 750 2378 suam
770 2355 936 2379 creaturam.

1142 2360 1155 2378 ε
1160 2352 1166 2377 ί
1170 2351 1299 2388 ργάσατο.

339 2394 399 2429 XV,
410 2396 470 2424 5-8.
486 2397 521 2424 Et
532 2402 590 2432 post
601 2398 656 2425 lima
668 2397 731 2431 vidi,
745 2402 770 2425 et
782 2403 902 2433 apertum
918 2401 956 2425 est
971 2398 1080 2433 templum

1180 2398 1235 2425 Kal
1251 2398 1327 2433 μετὰ
1343 2397 1437 2425 ταῦτα
1453 2394 1551 2430 εἶδον,
1566 2395 1615 2423 καὶ
1627 2395 1733 2430 ἠνοίγη
1757 2396 1774 2422 ὁ
1788 2394 1862 2427 ναὸς
1882 2393 1937 2429 τῆς

305 2441 470 2468 tabernaculi
486 2444 627 2471 testimonii
641 2445 668 2471 in
677 2443 761 2471 caelo:
777 2448 801 2470 et
815 2443 911 2479 egressi
921 2447 982 2470 sunt
994 2448 1080 2477 septen

1146 2444 1264 2478 σκηνῆς
1279 2444 1332 2471 τοῦ
1345 2443 1510 2478 μαρτυρίου
1522 2442 1558 2469 ὲν
1571 2441 1610 2475 τῷ
1623 2440 1740 2475 οὐρανῷ
1751 2461 1759 2473 ,
1775 2440 1826 2467 καὶ
1843 2439 1937 2474 ἐξῆλ-

306 2488 391 2523 angeli
402 2487 525 2516 habentes
541 2495 639 2524 septem
652 2490 746 2525 plagas
760 2496 768 2516 :
784 2491 829 2525 qui
843 2493 920 2517 erant
935 2490 1023 2517 vestiti
1038 2489 1080 2516 lim

1146 2491 1200 2517 θον
1216 2490 1242 2516 at
1255 2488 1330 2515 ἑπτὰ
1343 2488 1464 2522 ἄγγελοι
1474 2488 1501 2514 οι
1516 2487 1639 2521 ἔχοντες
1653 2486 1706 2519 τὰς
1720 2486 1794 2513 ἑπτὰ
1805 2484 1936 2519 πληγάς.

305 2534 403 2561 mundo
414 2539 439 2562 et
454 2536 578 2568 candido,
596 2542 620 2564 et
635 2537 771 2571 pra'cincti
788 2537 861 2563 circa
880 2541 987 2572 pectora
1017 2536 1080 2562 zoni,

1149 2535 1182 2562 Οἳ
1204 2532 1286 2570 ἦσαν
1302 2533 1493 2568 ἐνδεδυμένοι
1513 2535 1602 2560 λίνον
1625 2531 1757 2566 καθαρὸν
1779 2530 1936 2566 λαμπρὸν,

304 2582 403 2608 aureis.
420 2581 454 2608 Et
465 2591 545 2609 unum
561 2591 593 2609 ea;
609 2588 722 2618 quatuor
738 2583 899 2610 animalibus
914 2583 985 2610 dedit
997 2587 1080 2616 septem

1148 2581 1197 2608 καί
1209 2579 1434 2614 περιεζωσμένοι
1449 2578 1516 2614 περὶ
1534 2579 1571 2606 τὰ
1586 2578 1684 2613 στήθη
1701 2578 1791 2611 ζώνας
1807 2576 1937 2613 χρυσᾶς.

306 2627 405 2662 angelis
422 2633 519 2663 septem
536 2629 640 2661 phialas
656 2638 748 2656 aurem
763 2629 854 2664 plenas
881 2628 1028 2656 iracundia:
1047 2627 1080 2654 De

1146 2627 1200 2655 Kal
1214 2627 1249 2654 ἓν
1269 2627 1304 2654 ἐκ
1320 2625 1379 2653 τῶν
1400 2624 1557 2659 τεσσάρων
1578 2624 1656 2655 ζώων
1671 2624 1763 2651 ἔδωκε
1786 2623 1848 2656 τοῖς
1863 2622 1939 2649 ἑπτὰ

306 2673 415 2700 viventis
433 2674 459 2700 in
475 2675 573 2702 alecula
590 2675 758 2702 δίκαιοι-ατη.
775 2675 809 2702 Ει
827 2675 965 2709 impletum
977 2678 1016 2700 est
1030 2678 1079 2700 tem

1146 2673 1286 2708 ἀγγέλοις
1305 2672 1380 2699 ἑπτὰ
1394 2671 1505 2706 φιὰνίας
1521 2670 1638 2705 χρυσᾶς
1656 2670 1806 2705 γεμούσας
1820 2668 1875 2696 τοῦ
1888 2669 1940 2695 θυ-

306 2719 378 2751 plant
399 2721 472 2753 [unto
485 2729 501 2747 α
517 2721 655 2755 majestate
677 2721 726 2748 Dei
741 2726 764 2748 et
781 2721 898 2755 polentia
911 2721 995 2754 ipsius
1010 2728 1019 2746 :
1033 2720 1078 2746 nul

1145 2719 1203 2754 μοῦ
1216 2719 1268 2746 τοῦ
1283 2718 1357 2745 Θεοῦ
1369 2717 1421 2744 τοῦ
1433 2716 1538 2748 ζῶντος
1551 2717 1594 2748 είς
1605 2715 1675 2747 τοὺς
1683 2714 1792 2747 αἱῶνας
1805 2714 1864 2741 τῶν
1873 2713 1940 2741 θιὼ-

308 2764 399 2800 lusque
415 2772 519 2800 poterat
539 2768 642 2802 ingredi
664 2768 790 2802 templum
807 2768 888 2794 donec
902 2765 1079 2801 catnplerentu

1148 2773 1218 2791 νων.
1233 2764 1287 2791 Kal
1301 2763 1444 2798 ἐγεμίσθη
1459 2763 1474 2789 ό
1492 2757 1564 2794 vadi;
1578 2761 1613 2788 ἐκ
1632 2761 1685 2788 τοῦ
1701 2760 1820 2788 καπνοῦ
1831 2760 1865 2787 ἐκ
1887 2757 1940 2793 τῆς

304 2816 400 2844 septem
415 2813 512 2846 phiala:
523 2818 622 2847 septem
647 2813 810 2848 angelorum.

1148 2811 1241 2844 δόξης
1253 2811 1307 2837 τοῦ
1323 2810 1408 2840 Θεοῦ,
1420 2808 1469 2835 καὶ
1484 2808 1518 2834 ἐκ
1530 2807 1584 2841 τῆς
1600 2806 1755 2840 δυνάμεως
1773 2806 1878 2839 αὐτοῦ,
1892 2804 1942 2831 καί

307 2856 410 2890 οὐδείς
421 2858 547 2886 ἐδύνατο
560 2858 709 2886 εἰσελθεῖν
722 2860 765 2892 είς
782 2858 834 2885 τὸν
847 2858 922 2885 ναὸν
938 2858 1005 2893 ἄχρι
1023 2856 1208 2885 τελεσθῶσιν
1222 2857 1250 2884 al
1266 2855 1340 2883 ἑπτὰ
1357 2854 1470 2890 πληγαί
1485 2854 1543 2881 τῶν
1555 2854 1630 2881 ἐπτά
1644 2853 1788 2888 ἀγγέλων.

291 1173 354 1192 esse
373 1164 515 1192 all‘ectibus
532 1174 540 1192 ε
557 1164 605 1191 sed
620 1164 752 1198 quoniam
771 1163 825 1190 alio
842 1162 923 1190 modo
938 1162 1082 1196 designare

291 1219 347 1238 non
373 1211 462 1245 potuit
488 1217 633 1237 excessum
662 1209 817 1236 facinorum
844 1213 1034 1244 peccatorum,
1049 1216 1081 1235 ex

292 1256 467 1291 improbitate
484 1263 516 1283 ac
540 1255 711 1290 impudicitia
731 1255 946 1289 procedentium,
965 1262 1026 1289 quae
1043 1253 1085 1281 vel
