2092 3157
191 193 246 225 ’105

481 248 609 277 ΚΕΦΛΛ.
627 249 700 278 MII'.

191 303 293 336 Ὅπως
307 303 358 330 διὰ
373 303 425 339 τῆς
443 305 547 339 τρίτης
573 307 606 345 ol_
625 307 752 342 ποταμοὶ
766 309 812 340 εις
840 306 912 344 αἷμα
930 318 985 344 με·

481 348 688 375 τακιρνωνται.

223 395 279 422 Kal
299 395 316 422 ὁ
343 395 442 429 τρίτος
463 396 567 431 ἐξέχεε
593 398 710 433 φιάλην
724 399 816 427 αὑτοῦ
835 401 880 433 εις
911 401 985 434 τοὺς

188 441 341 475 ποταμοὺς
355 442 404 468 καί
421 443 464 475 εἰς
482 443 537 476 τὰς
557 446 655 479 πηγὰς
688 445 750 472 τῶν
781 445 910 480 ὑδάτων,
933 449 984 474 και

188 486 307 520 ἐγένετο
339 484 420 521 αἷμα.
453 488 510 514 Kal
525 488 646 522 ἤκουσα
683 490 736 517 τοῦ
759 491 890 526 ἀγγέλου
923 492 983 519 τῶν

186 531 307 559 ὑδάτων
342 532 499 566 λέγοντος·
538 535 655 568 Δίκαιος
682 534 711 562 εἴ
731 538 748 563 ὀ
773 537 825 569 ὢν,
842 538 891 564 καὶ
911 540 928 565 ὁ
942 537 982 574 ἦν

187 579 204 605 ό
231 577 326 610 ὅσιος,
348 578 393 605 ὅτι
427 580 522 606 ταῦτα
551 580 682 615 ἔκρινας,
709 582 754 609 ὅτι
784 581 856 617 αἷμα
888 584 982 618 ἁγίων

187 624 235 650 καὶ
255 624 417 658 προφητῶν
429 625 566 660 ἐξέχεαν,
585 628 633 654 καὶ
649 626 722 662 αἷμα
740 629 844 662 αὐτοῖς
865 629 982 664 ἔδωκας

186 669 265 696 πιεῖν
276 678 283 684 ”
300 670 378 702 ἄξιοι
395 671 449 706 γάρ
461 673 549 699 εἰσιν.
571 673 624 700 Kal
636 673 757 708 ἤκουσα
768 675 867 703 ἄλλου
879 676 913 703 ἐκ
927 677 981 704 τοῦ

187 717 404 751 θυσιαστηρίου
410 718 565 752 deforme-
576 720 643 752 Ναί,
654 721 752 755 Κύριε,
766 723 782 748 ὀ
795 723 867 755 Θεὸς
877 724 893 749 d
903 731 980 749 παν-

185 761 345 796 τοκράτωρ,
365 763 505 796 ἀληθινοὶ
524 766 573 792 καὶ
600 765 712 794 δίκαιαι
729 768 759 794 al
775 769 890 801 κρίσεις
908 777 977 796 σου.

221 809 377 835 Κάντεῦθεν
398 810 536 838 δείκνυται
556 813 612 844 τοῖς
637 814 780 848 στοιχείοις
801 815 979 850 ἐπιτετάχθαι

185 854 327 887 ἀγγέλους,
358 852 396 881 ὧν
414 856 462 882 ἕνα
474 857 519 883 τὸν
535 857 581 883 ἐπὶ
597 858 651 884 τῶν
668 859 772 886 ὑδάτων
794 860 889 895 ὑμνεῖν
910 870 977 896 φησι

184 899 230 925 τὸν
243 899 321 932 Θεὸν,
336 901 383 927 ἐπὶ
402 903 434 936 τῇ
452 903 515 929 κατ’
537 903 616 936 ἀξίαν
630 905 762 940 καταδίκῃ
778 906 833 932 τῶν
853 907 976 941 παρασε-

184 943 319 977 6ηιιότων,
336 946 361 972 οἶ
381 946 430 977 τὰς
443 948 537 982 χεῖρας
560 950 616 979 τοῖς
631 949 746 983 αἵμασιν
765 951 900 985 ἐμόλυναν
924 952 978 979 τῶν

183 989 282 1023 ἁγίων.
297 991 352 1016 Καὶ
370 992 437 1027 πρὶν
465 992 525 1027 μὲν,
544 994 661 1028 μάλιστα
678 995 705 1021 δὲ
731 995 761 1022 τὸ
776 997 925 1031 τηνικαῦτα
948 999 977 1025 ὲν

182 1035 222 1070 τῷ
234 1035 281 1062 τοῦ
301 1036 485 1072 ’Λντιχρίστου
503 1039 602 1074 καιρῷ,
631 1040 689 1066 ἀνθ’
704 1038 741 1067 ὧν
760 1043 792 1076 τῇ
811 1043 864 1069 τῶν
893 1044 977 1079 αἱμά-

182 1089 237 1108 των
260 1082 382 1118 διαφόρῳ
409 1083 476 1120 δίψῃ
490 1085 554 1116 τοὺς
581 1086 740 1121 τολμῶντας
770 1088 895 1116 ἐκάλεσε.
913 1090 977 1116 Δια.-

183 1127 341 1162 φθαρέντων
355 1129 410 1164 γὰρ
433 1131 566 1165 ποταμῶν
583 1133 630 1158 καὶ
647 1134 832 1168 συστημάτων
843 1135 898 1162 τῶν
922 1145 976 1171 πη-

182 1174 280 1207 γαίων,
296 1175 376 1202 πὸοεν
388 1176 421 1202 ἂν
434 1176 546 1203 ἄλλοθεν
558 1177 607 1212 τὴν
623 1178 703 1212 δίψαν
717 1179 883 1213 ἀκέσαιντο;

218 1266 272 1293 Kal
282 1266 400 1301 ἥκουσα
411 1268 464 1294 τοῦ
475 1269 606 1304 ἀγγέλου
621 1270 679 1296 τῶν
697 1271 824 1298 ὑδάτων.
841 1272 877 1299 Οὐ
894 1273 975 1308 μόνον

181 1311 274 1348 ἔφοροι
289 1313 342 1339 τῶν
368 1313 464 1348 ἐθνῶν,
481 1316 552 1342 κοτά
575 1316 621 1342 τὸν
636 1317 785 1352 νομοθέτην
801 1319 932 1354 Μωῡσῆν,
946 1320 975 1346 αι

181 1358 252 1385 θεῖαι
266 1358 406 1393 δυνάμεις,
426 1360 494 1387 ἀλλὰ
521 1361 568 1388 καὶ
585 1361 638 1388 τῶν
651 1364 794 1397 κοσμικῶν
811 1365 968 1399 στοιχείων,

180 1402 276 1437 ὥσπερ
291 1404 357 1438 ἡμῖν
373 1404 389 1438 ἡ
412 1405 505 1431 Οεὸθεν
517 1405 586 1441 αὕτη
612 1407 784 1442 ἀποκάλυψις
810 1409 972 1444 εἰσηγεῖται.

183 1449 217 1474 Ἃ
229 1448 256 1474 δὲ
272 1448 364 1482 ἔλεγεν
378 1450 392 1475 ὁ
416 1451 462 1476 ἐπὶ
480 1451 535 1477 τῶν
561 1452 666 1478 ὑδάτων
682 1453 810 1486 ἄγγελος,
830 1455 933 1481 τούτων
944 1456 974 1481 τὸ

182 1494 242 1528 μὲν,
259 1493 387 1526 δίκαιος,
398 1495 427 1521 τὸ
441 1496 509 1530 πρὸς
524 1497 602 1530 ἀξίαν
625 1497 772 1532 βραϐεύειν
788 1499 873 1535 δηλοῖ,
890 1500 920 1526 τὸ
945 1501 973 1527 δὲ

180 1539 232 1573 ὢν,
259 1540 288 1567 τὺ
312 1541 500 1585 ἀτελεύτητον,
518 1543 547 1568 τὸ
573 1543 600 1570 δὲ
626 1542 676 1578 ἦν,
694 1545 723 1570 τὸ
748 1545 877 1580 ἄναρχον,
892 1546 923 1572 τὸ
944 1546 972 1573 δὲ

179 1583 274 1617 ὅσιος,
283 1585 330 1611 τὸν
339 1583 547 1621 ὑπεξῃρὴμένον
559 1588 650 1623 πάσης
666 1589 850 1623 προσπαθείας
859 1590 970 1626 Θνητῆς.
987 1604 1008 1635 c

180 1629 225 1654 Διὸ
251 1632 298 1655 καὶ
324 1629 410 1656 ταῦτα
437 1630 556 1665 ἔκρινεν,
586 1632 630 1658 ἵνα
653 1633 677 1658 οἱ
691 1634 839 1668 ἐκχέαντες
865 1635 971 1670 αἵματα

179 1674 275 1707 ἁγίων,
292 1671 361 1709 αἷμα
377 1675 486 1701 πίωσιν·
499 1677 585 1710 ἁγίων
597 1677 624 1703 δὲ
637 1678 692 1704 τῶν
707 1679 759 1704 ὑπὸ
786 1678 839 1704 τῶν
854 1679 973 1706 ὑπασπι-

179 1720 251 1745 στῶν
268 1720 314 1746 τοῦ
336 1720 519 1756 ’Λντιχρίστου
533 1724 735 1758 κεκακωμένων
745 1732 752 1740 ⁸
766 1725 914 1760 προφητῶν
932 1726 971 1759 δὲ,

185 1765 271 1801 Ἑνὼχ
284 1768 331 1793 καὶ
350 1767 439 1798 Ἠλία,
452 1768 515 1794 ἐπεὶ
530 1769 577 1794 καὶ
591 1770 690 1801 αὐτοὺς
706 1771 899 1798 ἀποκτενοῦσι.
910 1772 972 1804 Πῶς

178 1811 206 1837 δὲ
232 1810 301 1847 αἷμα
326 1813 440 1846 πίωσινς
459 1814 504 1846 Ἐξ
533 1815 683 1849 ἀναγκαίου
696 1816 750 1851 γὰρ
777 1817 802 1843 οἱ
830 1818 860 1843 ὲν
891 1817 972 1843 πολέ-

180 1866 240 1892 μοις
251 1857 328 1893 παρὰ
337 1859 477 1894 ποταμοὺς
489 1860 782 1895 ἐστρατοπεδευκότες,
798 1861 972 1897 μεμολυσμέ-

178 1911 223 1930 νον
238 1904 370 1937 πολλάκις
386 1905 483 1940 αἴματι
496 1905 569 1940 ὕδωρ
583 1906 706 1934 πίνουσιν
719 1909 751 1935 ἐκ
761 1908 810 1943 τῆς
819 1908 875 1936 τῶν
905 1909 972 1944 θνη-

179 1950 301 1976 σκόντων
313 1951 494 1987 ἀναιρέσεως.

212 2084 268 2111 Kal
278 2083 399 2118 ἤκουσα
404 2084 503 2112 ἄλλου
511 2085 546 2112 ἐκ
554 2084 608 2112 τοῦ
615 2086 842 2120 θυσιαστηρίου.
850 2085 886 2112 Σύ
891 2095 966 2121 μφω-

177 2137 222 2156 νον
237 2129 276 2164 τῷ
303 2130 412 2166 ἀγγέλῳ
433 2130 471 2165 τῷ
491 2131 539 2157 ἐπὶ
554 2130 609 2157 τῶν
631 2130 746 2162 ὑδάτων.
764 2133 778 2158 ὀ
793 2132 840 2158 ἐπὶ
856 2131 903 2158 τοῦ
922 2133 970 2159 θυ-

178 2175 350 2210 σιαστηρίου.
365 2174 466 2201 Τοῦτον
480 2175 508 2201 δὲ
531 2174 589 2201 ἐστι
608 2175 659 2210 μὲν
671 2177 741 2202 νοεῖν
762 2177 809 2207 καὶ
825 2177 906 2203 αὑτῦν
921 2177 967 2204 τὸν

176 2219 305 2254 Χριστὸν,
322 2220 359 2251 ὡς
383 2220 429 2246 καὶ
449 2220 478 2246 ὲν
493 2221 567 2256 αὐτῷ
588 2222 635 2248 καὶ
658 2222 692 2248 δι’
705 2222 789 2248 αὐτοῦ
814 2231 968 2258 προσφερο-

730 195 925 226 COMMENT.
945 196 987 227 IN
1007 197 1272 230 APOCALYPSIN.

1776 207 1831 240 706

1307 255 1421 285 CAPUT
1436 257 1553 288 XLVIII.

1038 308 1115 341 Quod
1130 317 1176 344 per
1196 311 1304 337 tertiam
1318 311 1427 353 plagam
1448 317 1585 341 mutentur
1597 315 1710 349 ﬂumina
1723 317 1751 344 in
1764 326 1830 345 sau-

1376 356 1494 382 guinem.

1071 399 1142 434 XVI,
1156 401 1216 428 ι-τ.
1233 401 1268 428 Et
1285 404 1379 431 tertius
1397 404 1493 438 effudit
1504 405 1625 440 phialam
1640 415 1716 434 suam
1730 409 1758 435 in
1773 410 1813 443 [lu

1035 446 1108 473 mina
1122 451 1147 473 et
1165 447 1294 479 in'fontes
1317 457 1465 482 aquarum,
1487 456 1512 478 et
1535 451 1624 486 factus
1642 458 1681 480 est
1705 456 1816 489 sanguis

1034 491 1069 518 Et
1087 493 1178 520 audivi
1195 494 1317 528 angelum
1333 503 1464 530 aquarum
1481 498 1609 525 dicentem
1626 507 1635 526 :
1651 499 1746 527 Justus
1759 510 1785 528 es
1801 507 1829 528 tu

1033 539 1079 573 qui
1101 547 1128 565 es
1145 543 1170 566 et
1186 540 1231 574 qui
1253 549 1314 567 eras
1329 547 1453 575 sanctus,
1469 544 1540 578 quod
1562 545 1618 572 licet:
1630 546 1798 580 judicaueris
1817 556 1827 574 :

1032 585 1157 618 quoniam
1171 587 1328 621 sanguinem
1345 593 1498 616 sanctorum
1513 594 1537 616 et
1553 591 1741 625 prop/telarum
1759 593 1829 627 effu-

1032 629 1139 662 derunt,
1155 636 1179 657 et
1193 633 1350 666 sanguinem
1365 634 1430 668 ipsis
1446 634 1543 661 dedisti
1567 641 1596 661 ut
1612 636 1746 670 biberent,
1763 639 1828 672 quia

1031 676 1104 710 digni
1129 682 1201 703 sunt.
1229 677 1264 703 Et
1281 679 1373 705 audivi
1399 679 1482 706 alium
1509 680 1541 706 de
1565 681 1646 708 altari
1669 683 1799 710 dicentem
1815 691 1828 712 :

1031 721 1164 756 Profecto,
1191 722 1313 756 Domine,
1336 724 1407 752 Deus
1432 727 1609 760 omnipotens.
1628 736 1688 755 vera
1705 734 1729 756 et
1750 729 1827 764 justa

1031 773 1091 794 sunt
1102 768 1208 801 judicia
1224 774 1281 797 tua.

1066 852 1135 880 llinc
1149 861 1260 890 qu0quc
1274 856 1431 884 ostenditur
1444 859 1557 892 angelos
1573 868 1690 895 praeesse
1704 862 1826 890 elemen-

1028 899 1075 932 tis,
1091 907 1208 934 quorum
1227 909 1312 929 unum
1331 903 1397 930 dicit
1414 903 1440 930 in
1456 905 1535 939 aquis
1555 906 1668 934 laudare
1686 907 1772 934 Deum
1790 910 1826 935 ob

991 937 1016 967 Β
1031 949 1265 983 trausgressorum
1282 947 1392 983 dignam
1413 950 1555 982 ultionem,
1571 953 1618 986 qui
1641 960 1738 980 manus
1760 961 1826 981 suas

1030 991 1248 1026 coinquinarunt
1272 996 1405 1029 sanguine
1426 1002 1585 1024 sanctorum
1608 1006 1615 1024 :
1640 1000 1723 1026 etiam
1744 1005 1825 1027 antea

1029 1042 1105 1068 sane,
1118 1039 1165 1064 sed
1179 1039 1298 1066 maxime
1309 1043 1375 1068 tunc
1388 1046 1510 1076 tempore
1520 1044 1682 1072 AntichriSIi
1694 1054 1701 1072 :
1713 1051 1826 1080 propter

1027 1082 1100 1115 quod
1115 1083 1150 1109 ob
1165 1084 1355 1111 vehementem
1372 1088 1515 1120 sanguinis
1538 1089 1612 1116 sitim
1630 1090 1705 1124 ipsos
1721 1091 1825 1118 auden-

1028 1131 1069 1154 tes
1092 1128 1209 1155 vocavit.
1228 1128 1296 1156 Nam
1315 1131 1455 1165 corruptis
1476 1131 1634 1161 ﬂuminibus
1656 1142 1688 1161 ac
1706 1135 1822 1163 fontium

1027 1172 1214 1207 scaturigine,
1242 1174 1382 1208 quomodo
1407 1175 1519 1204 aliunde
1542 1183 1652 1211 possent
1676 1179 1751 1206 sitim
1772 1187 1823 1208 eu-

1027 1224 1087 1244 rare
1097 1217 1108 1244 ?
1682 1254 1684 1256 η

1062 1263 1097 1289 Et
1107 1265 1197 1292 audivi
1209 1266 1332 1300 angelum
1345 1275 1486 1302 aquarum.
1500 1268 1559 1295 Non
1570 1270 1700 1303 gentibus
1715 1275 1822 1300 tantum

1026 1310 1161 1344 praelecta:
1178 1311 1259 1346 782
1275 1317 1340 1339 sunt
1360 1313 1459 1340 divinae
1477 1314 1606 1348 virtutes,
1619 1316 1699 1351 juxta
1713 1317 1823 1352 legisla-

1026 1359 1112 1382 torem
1129 1356 1235 1389 Mosen,
1251 1358 1299 1385 sed
1314 1362 1340 1385 et
1359 1360 1455 1386 mundi
1472 1360 1625 1393 elementis,
1643 1364 1823 1397 quemadmo-

1026 1401 1093 1428 dutu
1107 1401 1166 1429 hate
1182 1403 1312 1430 revelatio
1329 1404 1462 1432 divinitus
1475 1413 1525 1433 nos
1544 1407 1634 1434 docet.
1648 1407 1734 1436 Porro
1751 1409 1823 1437 inter

1025 1454 1056 1473 ea
1078 1456 1139 1482 quae
1160 1448 1229 1476 dixit
1246 1451 1360 1485 angelus
1382 1452 1428 1486 qui
1445 1451 1471 1478 in
1491 1453 1570 1487 aquis
1589 1458 1659 1487 erat,
1675 1454 1765 1488 justus
1780 1456 1822 1482 di-

1025 1493 1096 1520 citur
1111 1494 1202 1526 Deus,
1218 1496 1291 1529 quod
1317 1498 1471 1524 mercedth
1499 1499 1662 1533 condignam
1682 1501 1820 1534 designet;

1024 1539 1070 1573 qui
1097 1547 1136 1572 es,
1156 1541 1228 1575 quod
1252 1541 1305 1568 line
1322 1547 1414 1570 careat
1430 1552 1437 1570 :
1464 1544 1510 1578 qui
1539 1552 1598 1570 eras
1610 1565 1617 1576 ,
1632 1545 1704 1579 quod
1721 1546 1796 1573 initio
1812 1555 1820 1574 :

1024 1590 1150 1618 sanctus,
1178 1587 1250 1621 quod
1270 1588 1396 1616 sublatus
1421 1589 1455 1616 ab
1478 1597 1511 1617 eo
1533 1590 1569 1617 sit
1584 1591 1674 1619 omnis
1697 1593 1820 1620 mortalis

1024 1631 1139 1659 affectus
1159 1641 1165 1658 :
1181 1633 1243 1659 ideo
1258 1633 1340 1660 etiam
1361 1636 1417 1662 lucc
1434 1635 1582 1668 indicavit,
1598 1641 1626 1664 ut
1644 1638 1691 1673 qui
1709 1639 1820 1672 sangui-

1025 1686 1086 1705 nem
1114 1685 1271 1707 sanctorum
1301 1681 1470 1716 etl'uderant,
1497 1685 1657 1717 sanguinem
1674 1676 1818 1712 biberent:

1024 1730 1183 1752 sanctorum
1214 1734 1295 1760 vero,
1315 1728 1361 1762 qui
1386 1729 1514 1757 videlicet
1540 1731 1631 1758 aiﬂicti
1658 1723 1768 1758 fuerant
1785 1732 1819 1759 ab

1027 1771 1191 1799 Antichristi
1213 1775 1465 1808 propugnatoribus
1484 1785 1490 1803 :
1508 1778 1702 1811 prophetarum
1714 1782 1817 1811 autem,

1023 1824 1121 1852 nempe
1137 1818 1230 1846 Euoch
1251 1824 1278 1846 et
1298 1820 1374 1853 Elim,
1393 1822 1614 1856 quandoquidem
1631 1823 1694 1850 illos
1710 1831 1820 1859 quoque

1021 1863 1158 1891 occident.
1176 1864 1319 1897 Quomodo
1337 1873 1403 1893 vero
1426 1867 1588 1902 sanguinem
1613 1868 1728 1895 bibent?
1743 1869 1818 1901 Quo—

1022 1908 1096 1934 niam
1119 1910 1287 1937 necessitate
1307 1911 1443 1945 compulsi
1461 1911 1508 1946 qui
1527 1916 1649 1946 tempore
1664 1912 1727 1940 belli
1743 1913 1818 1940 circa

1021 1951 1134 1980 ﬂumina
1148 1955 1324 1982 committunt
1343 1956 1468 1990 praelium
1479 1975 1487 1988 ,
1504 1955 1662 1990 frequenter
1687 1956 1816 1984 foedatam

1022 1999 1156 2031 sanguine
1171 2006 1271 2033 aquam
1290 2000 1402 2034 bibunt,
1419 2009 1453 2028 ex
1476 2009 1571 2028 eorum
1591 2001 1637 2036 qui
1660 2002 1816 2029 moriuntur

1022 2040 1244 2077 interemptione.

1056 2087 1091 2114 Et
1102 2089 1192 2115 audivi
1203 2090 1286 2116 alium
1302 2090 1333 2117 de
1346 2090 1438 2117 altari.
1455 2089 1614 2117 Conlormia
1632 2091 1754 2126 loquitur
1770 2091 1814 2118 hic

1020 2133 1054 2161 de
1068 2134 1149 2161 altari
1172 2143 1234 2162 cum
1251 2143 1284 2162 eo
1297 2136 1344 2169 qui
1358 2141 1418 2163 erat
1437 2136 1462 2162 in
1484 2136 1573 2170 aquis.
1592 2135 1642 2163 llic
1658 2142 1747 2163 autem
1765 2145 1814 2171 p0—

1021 2185 1074 2208 test
1090 2186 1116 2208 et
1132 2182 1189 2216 ipse
1202 2181 1328 2209 Christus
1342 2182 1469 2216 intelligi,
1486 2182 1558 2216 quod
1574 2182 1656 2209 etiam
1674 2182 1699 2208 in
1717 2182 1776 2216 ipso
1788 2187 1815 2209 et

1020 2233 1069 2261 per
1082 2226 1170 2260 ipsum
1189 2226 1341 2254 oﬂ‘erantur
1358 2226 1413 2254 Deo
1435 2232 1462 2254 et
1479 2227 1555 2254 Patri
1574 2227 1716 2254 rationalia
1734 2227 1814 2255 holo-

178 2266 268 2299 μένων
280 2265 319 2301 τῷ
338 2265 398 2300 Θεῷ
413 2266 459 2292 καὶ
485 2267 575 2302 Πατρὶ
595 2267 649 2294 τῶν
672 2268 790 2302 λογικῶν
808 2268 967 2304 ὁλοκαρττὼ-

1024 2277 1116 2299 causta
1131 2277 1157 2299 et
1171 2273 1239 2300 viva:
1253 2273 1361 2305 hostia,
1380 2281 1448 2308 quas
1464 2282 1496 2301 ex
1513 2274 1645 2309 Apostolo
1659 2275 1758 2302 otierre
1771 2275 1814 2302 di-

178 2320 249 2338 σεων
263 2312 311 2338 καὶ
330 2312 386 2338 τῶν
412 2312 508 2343 ζωοῶν
520 2313 632 2344 θυσιῶν.
647 2313 665 2341 ἃ
687 2314 854 2349 προσφέρειν
869 2316 901 2341 ἐκ
918 2315 965 2341 τοῦ

182 2358 345 2384 Ἀποστόλου
359 2358 509 2393 ἐμάθομεν.
539 2359 596 2385 Ἕνι
613 2359 642 2386 δὲ
651 2361 723 2386 νοεῖν
739 2361 834 2393 καὶείς
848 2361 896 2392 τὰς
913 2361 965 2395 ἀγ-

174 2403 289 2437 γιλικὰς
312 2404 441 2438 δυνάμεις
471 2404 508 2436 ὡς
535 2406 711 2440 ἀναγωγικὰς
741 2407 795 2433 τῶν
824 2407 965 2442 ἡμετέρων

174 2448 335 2484 προσευχῶν
352 2450 399 2475 καὶ
421 2449 475 2475 τῶν
494 2451 690 2486 πνευματικῶν
708 2452 964 2487 ὀλωιαρπωμάτων,

173 2494 302 2529 εἰρῆσθαι
318 2495 347 2521 δὲ
364 2494 556 2531 θυσιαστήριον
578 2497 631 2524 ἀπὸ
654 2498 703 2524 τοῦ
733 2498 909 2533 περιέχοντος
935 2498 966 2524 τὸ

174 2541 370 2576 περιεχόμενον
385 2542 568 2576 συνεκδοχικῷ
578 2543 615 2577 τῷ
629 2544 731 2578 τρόπῳ.
741 2544 788 2569 Ἐκ
800 2544 895 2568 τούτου
909 2543 965 2569 τοί-

173 2595 222 2612 νυν
237 2586 284 2612 τεῦ
305 2587 416 2620 λογικοῦ
432 2589 480 2614 καὶ
491 2588 680 2623 λειτουργικοῦ
703 2588 897 2623 ουσιαστηρίου
915 2590 966 2624 τὴν

173 2633 267 2667 φωνήν
282 2641 364 2668 φησιν
380 2633 522 2668 ἐνεχθῆναι
532 2634 688 2660 δικαιοῦσαν
703 2634 737 2660 τὰ
753 2633 799 2660 τοῦ
812 2634 880 2660 Θεοῦ
903 2635 964 2670 κρί-

174 2686 249 2712 ματα
263 2679 353 2705 πάντα
363 2679 443 2712 λόγον
461 2679 506 2705 καὶ
524 2679 586 2706 νοῦν
599 2679 811 2715 ὑπερὸαίνοντα.

459 2746 586 2773 ΚΕΦΔΛη
604 2746 672 2775 ΜΘ¹.

173 2803 275 2835 ὀπως
299 2803 349 2829 διὰ
371 2802 428 2837 τῆς
460 2803 602 2865 terg/3mg
622 2803 854 2838 καυματίζοντιιι
867 2805 894 2831 ol
910 2802 964 2830 ἆν-

530 2846 634 2865 ρωποι.

526 2846 634 2873 planet.

208 2905 263 2932 Kal
280 2906 298 2933 ὁ
316 2904 455 2940 τέταρτος
479 2905 582 2941 ἐξέχεε
595 2905 652 2940 τὴν
674 2905 790 2940 φιάλην
804 2907 899 2935 αὑτοῦ
914 2907 963 2935 ἐπὶ

1021 2318 1150 2346 dicimus.
1165 2317 1284 2346 Possunt
1295 2327 1405 2354 quoque
1418 2320 1548 2354 angelicae
1563 2320 1677 2347 virtutes
1689 2320 1813 2355 intelligi,

1022 2368 1050 2391 ut
1064 2371 1125 2399 quae
1137 2369 1248 2392 nostras
1260 2365 1401 2392 orationes
1418 2372 1450 2392 ac
1465 2365 1618 2399 spiritualia
1635 2365 1769 2392 sacriﬁcia
1787 2365 1814 2392 in

1020 2411 1138 2438 sublime
1154 2410 1254 2438 lerant.
1271 2410 1379 2437 Dictum
1399 2415 1441 2438 est
1459 2415 1550 2437 autem
1571 2411 1667 2442 altare,
1683 2418 1732 2445 per
1746 2411 1814 2445 tign-

1019 2465 1078 2484 ram
1095 2465 1155 2492 qua!
1171 2465 1185 2484 a
1199 2457 1351 2485 continenti
1364 2456 1581 2491 comprehendat
1593 2461 1760 2484 contentum.
1772 2457 1814 2482 Ab

1020 2502 1073 2529 hoc
1087 2504 1168 2537 igitur
1183 2504 1309 2531 rationali
1327 2507 1354 2530 et
1371 2503 1543 2530 ministeriali
1560 2503 1638 2530 altari
1655 2501 1753 2529 iactam
1775 2503 1814 2528 ait

1020 2548 1106 2575 fuisse
1125 2556 1216 2576 vocem
1234 2557 1295 2584 quae
1311 2550 1475 2584 justiticarct
1489 2548 1611 2582 judicia,
1628 2552 1657 2575 ut
1678 2555 1739 2582 quae
1754 2555 1814 2574 om-

1019 2602 1083 2622 netu
1098 2595 1231 2622 rationem
1244 2604 1276 2623 ac
1291 2601 1409 2622 mentem
1424 2595 1570 2623 excedant.

1300 2746 1416 2775 CAPUT
1432 2745 1525 2773 XLIX.

1020 2803 1099 2837 Quod
1116 2813 1163 2839 per
1175 2810 1299 2841 quartam
1314 2805 1422 2840 plagam
1437 2809 1505 2831 testu
1518 2807 1668 2830 exuruntur
1682 2802 1808 2830 homines.

1053 2907 1125 2942 XVI,
1138 2907 1165 2943 8,
1180 2908 1206 2936 9.
1221 2907 1255 2935 Et
1265 2913 1375 2943 quartus
1388 2905 1484 2941 alludit
1498 2905 1616 2940 phialam
1633 2911 1708 2932 suam
1723 2904 1751 2932 in
1765 2912 1809 2931 so-
