2092 3157
190 204 244 237 709
728 209 923 240 COMMENT.
944 210 984 240 ΙΝ

235 258 417 294 Ὀλιίωθῆναί
434 268 500 295 φησι
527 260 573 287 τὸν
587 261 735 298 Εὐφράτην
762 263 899 298 ποταμὸν,
917 264 986 299 πρδς

190 305 309 341 πάροδον
324 305 379 331 τῶν
398 305 529 341 βασιλέων
542 308 592 342 τῆς
607 308 669 341 γῆς,
686 309 727 340 είς
740 309 787 335 τὸν
812 309 983 345 κατάλληλον

190 350 321 386 πόλεμον.
350 360 360 376 ι
389 352 585 388 Ἐγερθήσεται
595 354 661 388 γὰρ,
682 364 692 380 ι
708 355 791 390 φησιν
806 356 819 382 ό
833 356 935 392 Κύριος
950 357 981 383 ὲν

189 396 378 431 Εὐαγγελίοις,
394 407 403 422 ‹
419 397 496 429 ἔθνος
517 399 562 425 ἐπὶ
571 399 647 430 ἔθνος
666 400 714 427 καὶ
729 400 852 435 βασιλεία
869 402 916 428 ἐπὶ
932 402 982 437 βα.-

190 442 303 469 σιλείαν.
320 452 330 468 ι
343 442 460 475 Τούτους
475 444 504 470 δὲ
519 445 550 471 ἐκ
566 446 621 471 τῶν
637 446 781 473 Σκυθικῶν
796 447 888 482 μερῶν
912 445 983 475 εἶναι

188 488 235 514 τοῦ
251 487 313 522 Γὼγ
325 488 373 515 καὶ
388 488 496 524 Μαγὼγ
508 490 593 522 εἰκός.
609 492 666 519 Οὐκ
682 493 874 528 ἀπογνωστέον
891 493 919 527 δὲ
935 494 984 521 καὶ¹

187 533 234 559 τὸν
264 533 449 576 Ἀντίχριστον
474 536 507 562 ὲκ
541 537 595 564 τῶν
624 538 792 566 ἀνατολικῶν
820 540 912 574 μερῶν
933 533 1001 575 τῆς.

188 579 321 614 Περσίδος
335 580 485 614 ὁρμᾶσθαι,
502 581 566 608 ἔνθα
584 584 599 618 ἡ
618 584 688 620 φυλὴ
706 585 753 611 τοῦ
773 585 827 612 Δὰν
851 587 883 612 ὲκ
904 586 982 622 ῥίζης

194 626 337 661 Ἐϐραίων,
355 627 413 662 ἅμα
427 629 474 654 καὶ
483 629 588 664 ἑτέροις
600 629 756 665 βασιλεῦσιν
773 632 789 667 ἢ
808 634 980 667 μεγιστᾶσιν,

188 672 250 698 ἐπεὶ
258 673 305 699 καὶ
314 674 384 699 κατὰ
393 673 497 701 τούτων
507 675 538 701 τὸ
558 675 698 710 βασιλικὸν
723 677 780 704 ἔσθ’
791 679 835 704 ὅτε
853 680 982 707 τάττεται

187 717 284 752 ὄνομα,
297 719 334 750 ὡς
343 719 371 745 ὲν
379 720 427 754 τῷ,
449 729 458 745 ι
474 722 652 757 Παρέστησαν
670 723 825 758 οἱβασιλεῖς
834 724 883 760 τῆς
892 726 954 760 γῆς,
969 736 978 752 ι

187 763 237 789 οὐκ
256 763 331 796 ὄντος
350 765 442 800 μέντοι
463 766 599 800 βασιλέως
618 769 664 795 τοῦ
685 769 814 797 Πιλάτου.
845 772 980 807 Περαιοῦ-

188 808 250 836 σθαι
265 810 292 836 δὲ
309 810 356 846 τὴν
372 811 528 847 Εὐφράτην,
545 814 561 848 ἢ
581 814 726 852 ψυχικὸνῆ
741 819 896 852 σωματικὸν
914 818 982 845 ἑπά-

188 853 282 886 Εοντας
294 855 408 883 Θάνατόν
425 866 492 893 φησι
504 867 511 874 ·
532 858 660 894 ψυχικὸν,
674 861 718 888 διὰ
733 863 762 888 τὸ
782 863 908 899 ἐνεργείᾳ
925 865 981 891 δαι-

189 900 278 935 μόνων
291 902 338 928 καὶ
365 906 567 940 παραχωρήσει
579 906 660 939 Θεοῦ,
681 908 782 942 μᾶλλον
798 909 826 936 δὲ
838 910 884 936 καὶ
897 910 980 937 αὑτοῦ

186 946 233 972 τοῦ
254 946 333 978 Θεοῦ,
355 949 395 979 εἰς
410 948 531 985 δοκίμιον
547 951 601 978 τῶν
613 952 710 979 ἑαυτοῦ
727 952 915 988 θεραπόντων,
930 955 980 991 οὐχ

185 990 224 1022 ὡς
238 992 411 1026 ἀγνοοῦντος,
422 995 480 1021 ἀλλ’
499 998 539 1028 εὶς
559 997 714 1033 φανέρωσιν
729 1001 786 1031 τοῖς
806 1000 899 1033 ἄλλοις
924 990 980 1028 τῶν

186 1037 276 1072 ἐαυτῷ
296 1041 530 1075 προσανεχόντων,
546 1042 562 1078 ἢ
579 1043 628 1079 μὴ,
646 1044 791 1078 ἐξάγοντος
816 1046 850 1072 τὰ
865 1046 980 1073 τοιαῦτα

187 1083 359 1117 συμϐαίνειν.
374 1086 535 1121 Σωματικὺν
550 1087 579 1115 δὲ
587 1089 641 1115 τῶν
654 1090 687 1116 ὲκ
705 1090 757 1125 γῆς
775 1090 884 1123 ζώντων
896 1092 980 1125 ἀξίων

185 1127 395 1162 διαλελοιπέναι,
412 1132 449 1163 ὡς
476 1132 513 1168 μὴ
529 1134 576 1160 καὶ
589 1134 672 1170 αὐτὴν
685 1137 742 1167 τοῖς
754 1137 863 1171 μιαροῖς
882 1136 975 1172 ἔργοις

186 1173 276 1200 αὐτῶν
305 1175 474 1211 ὲξαχρειοῦν,
493 1179 573 1214 ἔργον
591 1178 674 1208 οὖσαν
689 1180 792 1215 ἀγαθοῦ
811 1183 924 1218 ποιητοῦ
933 1185 980 1210 καὶ

185 1219 284 1253 χωρίον
303 1221 509 1256 ἀνεπηρέαστον
534 1227 589 1257 τοῖς
609 1227 764 1262 ὲναμίλλως
789 1228 837 1255 τοῦ
855 1238 974 1265 πεποιη-

185 1264 265 1296 κότος
276 1265 583 1304 βιοῦνὴτοιμασμένοις.

219 1311 274 1337 Kul
286 1309 368 1339 εἶδον
376 1313 410 1340 ἐκ
423 1314 474 1341 τοῦ
484 1316 635 1350 στόματος
646 1317 698 1345 τοῦ
714 1318 878 1354 δράκοντος
885 1324 978 1350 πνεύ-

181 1364 262 1402 ματα
274 1357 426 1392 ἀκάθαρτα
441 1361 517 1394 τρία.
535 1363 799 1398 Προσυπακουστέον
818 1367 847 1402 to
859 1369 976 1402 ἐξιόντα,

185 1399 252 1438 ῖν“ᾗ·
264 1402 340 1429 Εἶδον
352 1404 384 1430 ὲκ
401 1405 448 1431 τοῦ
466 1407 602 1442 στόματος
610 1409 664 1435 τῶν
678 1410 763 1444 τριῶν
778 1399 887 1444 ἐξιόντα
898 1399 980 1441 ἰτνεύζ

186 1456 261 1482 ματα
291 1449 438 1485 ἀκάθαρτα
453 1452 528 1486 τρία,
553 1453 591 1484 ὡς
619 1454 786 1490 βατράχους.
803 1457 851 1483 Ἐκ
876 1458 978 1486 τούτων

184 1494 334 1525 δείκνυται,
348 1496 395 1522 τδν
411 1497 460 1531 μὲν
473 1497 605 1532 διάϐολον,
615 1500 653 1532 ὡς
666 1501 800 1536 δράκοντα
816 1503 845 1529 ὲν
861 1503 900 1539 τῷ
921 1505 978 1541 ἰδίῳ

184 1538 324 1576 προσώπῳ
338 1541 504 1576 δείκνυσθαι,
521 1544 567 1571 τὸν
588 1545 772 1580 Ἀντίχριστον
786 1547 814 1574 δὲ
823 1549 859 1580 ὡς
872 1538 977 1585 θηρίον,

183 1584 230 1610 τὸν
247 1585 474 1624 ψευδοπροφήτην
482 1589 510 1616 δὲ
521 1589 615 1626 ἕτερον
632 1594 708 1628 παρὰ
718 1594 764 1620 τὸν
781 1584 977 1631 Ἀντίχριστον.

184 1631 382 1667 Καὶδράκοντα
408 1635 458 1670 μὲν
483 1637 528 1664 τὸν
550 1637 684 1672 διάϐολον,
711 1641 755 1667 διὰ
772 1641 802 1668 τὸ
826 1643 978 1678 κεχρῆσθαι

186 1678 302 1711 σκολιοῖς
309 1681 365 1711 τοῖς
372 1682 515 1717 κινήμασι,
524 1683 618 1720 θηρίον
629 1686 668 1718 δὲ,
682 1687 727 1713 τὸν
736 1688 929 1723 ’Δντίχριστον.
940 1691 978 1718 Οὐ

184 1726 239 1760 γὰρ
253 1725 432 1761 ἀνθρωπίνως
448 1729 496 1764 τὴν
507 1727 681 1765 ἀνθρωπείαν
692 1732 792 1765 ὑποδὺς
804 1734 861 1770 (55)
871 1736 978 1771 πρόεισι

185 1770 276 1804 φύσιν,
287 1771 425 1808 θηριωδῶς
436 1775 475 1802 δέ.
486 1775 538 1802 Τὸν
548 1777 774 1815 ψευδοπροφήτην
788 1780 816 1807 δὲ
823 1781 888 1808 αὐτὸ
895 1770 978 1809 τοῦτο

184 1816 253 1852 ὅπερ
261 1818 328 1851 ἐστὶ,
341 1818 441 1853 ψεύδεα
453 1821 524 1848 κατὰ
530 1822 576 1848 τὸν
585 1825 700 1860 ποιητὴν
712 1826 811 1858 εἰπεῖν,
818 1827 909 1854 εἰδότα
917 1828 978 1854 ἐτύ-

186 1870 274 1897 μοισιν
291 1864 379 1898 ὅμοια,
391 1865 501 1893 Τούτων
507 1867 624 1896 ἑκάστου
630 1869 684 1896 τῶν
692 1871 835 1906 στομάτων
845 1872 978 1907 ἰσάριθμα

184 1916 267 1943 φησιν
291 1910 491 1944 ἁποδλὺζεσθαι
504 1914 650 1949 ἀκάθαρτα
667 1916 811 1951 πνεύματα
827 1917 976 1953 βατράχοις

184 1954 275 1988 ὃμοια,
292 1955 349 1982 ἀλλ’
366 1957 396 1983 οὐ
414 1957 576 1994 βατράχους.
592 1960 715 1996 Πρῶτον,
730 1962 768 1994 ὡς
784 1962 833 1997 τῆς
846 1964 977 1998 τραχείας

184 1999 287 2027 τούτων
302 2000 367 2036 βοῆς
387 2003 418 2029 οὐ
438 2004 506 2038 πρός
523 2013 585 2032 τινα
598 2007 638 2037 είς
667 2006 734 2033 Θεὸν
755 2006 839 2042 ὕμνον
870 2009 930 2040 οἵας
945 2018 976 2036 τε

184 2045 268 2080 οὔσης
282 2047 555 2084 παραλαμῦάνεσθαι,
565 2051 634 2078 ἀλλὰ
646 2053 770 2088 ταραχὰς
784 2054 830 2080 καὶ
844 2053 976 2090 θορύϐους

185 2093 434 2129 προσποριζούσης,
448 2095 485 2127 ὡς
501 2095 561 2128 ἔθος
576 2097 620 2123 ἀεὶ
633 2098 688 2124 τῶν
702 2098 850 2133 δαιμονίων
867 2100 975 2126 καὶτῶν

185 2138 358 2173 ἁμαρτωλῶν
384 2139 423 2174 τῷ
449 2140 614 2176 βορϐορώδει
630 2143 680 2178 βίῳ
701 2143 974 2179 ὲμφιλοχωροὺντων,

185 2182 279 2218 ὥσπερ
290 2185 337 2210 ἀπ’
354 2186 479 2218 ἐναντίας
489 2187 544 2214 τῶν
559 2188 619 2224 Θεῷ
634 2189 718 2222 φίλων
731 2189 769 2224 τῷ
782 2189 893 2225 σκληρῷ
918 2191 974 2225 (54)

185 2233 335 2268 χαιρόντων
352 2236 398 2260 καὶ
413 2234 452 2270 τῷ
463 2236 621 2271 καρτερικῷ
638 2237 686 2272 τῆς
701 2237 801 2272 ψυχῆς,
818 2237 913 2272 ὕμνοις
926 2239 974 2264 καὶ

185 2278 269 2312 ᾠδαῖς
285 2279 332 2305 καὶ
348 2279 559 2316 ὲξομολογήσεσι
585 2282 748 2316 μεγαλύνειν
762 2282 809 2309 τὸν
831 2282 907 2310 Θεόν.
930 2283 975 2319 Τῴ

185 2324 318 2358 τριαδικῷ
335 2324 363 2351 δὲ
383 2325 495 2361 ἀριθμῷ
511 2327 558 2352 καὶ
580 2327 605 2353 oi.
620 2327 731 2363 φθορεῖς
742 2328 835 2354 καὶτὰ
846 2328 901 2354 ἀπὸ
920 2328 974 2355 τῶν

186 2370 330 2403 στομάτων
358 2371 450 2397 αὐτῶν
477 2370 693 2408 ὲξοχετευόμενα
711 2373 847 2408 δαιμόνια,
869 2374 911 2400 ῖνα
937 2375 975 2409 τῷ

175 2415 296 2452 ’ἀριθμῴ
317 2416 404 2452 τούτῳ
431 2418 570 2452 ἀπατῶσι,
586 2418 625 2451 ὡς
650 2421 683 2454 τῇ
711 2420 883 2455 πανυμνήτῳ
908 2421 975 2454 ἁγίᾳ

187 2461 282 2496 Τριάδι
295 2463 513 2498 εὐαρεστεῖσθαι.

224 2508 258 2534 *Α
272 2508 464 2542 ἐκπορεύεται
478 2510 528 2536 ἐπὶ
541 2510 612 2543 τοὺς
621 2510 764 2544 βασιλεῖς
772 2510 826 2545 τῆς
839 2510 975 2546 οἰκουμέ-

186 2561 242 2586 mc
256 2553 342 2587 ὅλης,
364 2556 549 2590 συναγαγεῖν
569 2557 681 2590 αὐτοὺς
697 2558 741 2590 εὶς
769 2558 830 2584 τὸν·
842 2558 976 2590 πόλεμον

186 2597 242 2632 τῆς
257 2600 369 2633 ἡμέρας
382 2601 503 2635 ἐκείνης
514 2602 569 2635 τῆς
602 2603 738 2637 μεγάλης
757 2603 811 2630 τοῦ
829 2603 903 2630 Θεοῦ
922 2603 976 2630 τοῦ

187 2648 437 2682 παντοκράτορος.
458 2649 536 2676 Ἰδοὺ
555 2649 678 2684 ἔρχομαι
690 2650 729 2683 ὡς
749 2650 894 2683 κλέπτης.
915 2651 976 2677 Μα-

186 2692 288 2726 κάριος
312 2695 328 2720 ό
340 2695 503 2729 γρηγορῶν,
523 2695 574 2722 καὶ
589 2695 688 2730 τηρῶν
703 2696 740 2723 τὰ
763 2695 863 2730 ἱμάτια
877 2697 971 2723 αὑτοῦ

186 2737 237 2764 ἵνα
244 2738 287 2771 μὴ
298 2740 412 2772 γυμνὸς
421 2739 581 2774 περιπατῇ,
593 2741 644 2767 καὶ
652 2740 792 2772 βλέπωσι
805 2740 864 2774 τὴν
871 2741 970 2774 ἀσχη-

183 2785 324 2818 μοσύνην
344 2785 448 2813 αὐτοῦ.
465 2786 519 2813 Kal
535 2786 711 2821 συνήγαγεν
723 2786 835 2819 αὐτοὺς
857 2788 900 2819 εις
922 2787 976 2814 τὸν

221 2850 245 2867 ἰ
257 2851 352 2879 Matth.
367 2861 442 2886 xxiv.
456 2855 484 2881 7.
521 2854 544 2871 ⁸⁸
564 2854 637 2882 Psal.
654 2862 685 2888 ιι,
699 2846 726 2881 9.

224 2922 281 2958 (55)
299 2923 362 2958 ἡδύς
377 2925 504 2959 vulgatus
518 2929 619 2954 textus.

1007 210 1270 244 APOCALYPSIN.
1777 224 1833 256 710

999 267 1026 297 Α
1073 265 1249 295 lmminutum
1277 268 1364 297 fuisse
1391 271 1457 299 dicit
1484 272 1586 302 ﬂumen
1613 275 1773 312 Euphraten
1799 281 1835 309 ad

1036 312 1182 339 transitum
1204 321 1299 350 regum
1318 321 1398 344 terrm
1423 317 1450 344 in
1476 324 1602 347 mutuum
1628 321 1741 352 bellum.
1764 325 1834 354 Nam

1038 366 1047 383 ι
1069 357 1212 394 Exsurget,
1233 369 1242 385 ι
1257 360 1295 387 ait
1307 361 1440 391 Dominus
1456 364 1482 391 in
1498 363 1672 401 Evangeliis,
1694 377 1704 394 ι
1722 377 1788 404 gens
1804 372 1830 398 in

1035 408 1142 438 gentem
1167 410 1194 432 et
1212 414 1327 441 regnum
1351 408 1378 435 in
1404 417 1516 444 regnum
1533 411 1566 438 ⁸³.
1596 421 1605 438 ι
1634 413 1719 441 Porro
1735 415 1785 443 bos
1799 424 1834 444 ex

1035 449 1199 485 Scytharum
1218 460 1280 480 esse
1295 454 1419 487 partibus
1443 456 1501 491 (ὶοε
1523 462 1550 484 et
1569 457 1665 495 Magog
1681 461 1834 490 verisimile

1034 501 1085 524 est.
1099 496 1193 532 Neque
1213 499 1295 526 etiam
1313 501 1513 534 reprobandum
1531 508 1574 530 est
1597 505 1632 532 ab
1651 506 1833 536 orieihalibus

1034 542 1155 570 Persidis
1183 545 1306 578 partibus
1326 546 1524 575 Anticltristum
1545 550 1660 582 exoriri,
1678 552 1722 579 ubi
1744 553 1832 581 tribus

1034 588 1091 615 Dan
1110 596 1125 616 e
1142 589 1232 617 radice
1250 590 1428 620 Hebraeorum
1453 601 1642 623 commoratur
1664 597 1746 624 simul
1766 607 1829 626 cum

1033 634 1139 661 caeteris
1159 636 1269 669 regibus
1285 643 1331 664 aut
1347 639 1512 673 primatibus
1529 649 1536 667 :
1554 642 1684 675 quoniam
1702 644 1744 671 his
1759 653 1830 680 quo-

1033 687 1087 714 que
1111 680 1247 709 interdum
1272 684 1376 719 regium
1400 693 1501 713 nomen
1521 688 1692 721 attribuitur,
1715 695 1745 717 ut
1767 699 1831 718 eum

1033 721 1145 760 dicitur,
1160 738 1169 753 ‹
1190 729 1344 758 Astitcrunt
1358 739 1436 767 reges
1451 737 1531 760 terra:
1544 733 1578 761 ⁸⁵.
1601 743 1611 760 ›
1630 735 1770 770 Siquidem
1787 736 1832 762 Ρι-

1033 772 1105 801 latus
1119 782 1172 802 non
1188 780 1247 803 erat
1267 784 1331 804 vere
1345 785 1404 806 rex.
1421 777 1553 807 Transire
1567 786 1658 808 autem
1675 781 1832 816 Euphraten

1033 819 1071 846 ait
1096 819 1257 849 inducentes
1285 827 1334 850 aut
1357 824 1456 852 animae
1477 829 1524 852 aut
1543 828 1667 861 corporis
1692 833 1830 856 mortem:

1033 864 1132 892 animae
1145 866 1266 900 quidem,
1281 875 1315 895 eo
1333 869 1407 903 quod
1422 870 1486 897 talia
1501 872 1662 904 operatione
1672 873 1830 911 daemonum

1033 917 1065 937 ex
1091 912 1228 946 permissu
1256 913 1302 941 Dei
1329 916 1515 951 contingant:
1541 918 1629 952 magis
1652 923 1743 946 autent
1769 920 1830 954 ipso

1031 964 1143 992 quoque
1160 958 1216 986 Deo
1233 960 1294 988 illos
1305 961 1438 990 educente
1452 963 1485 990 ad
1499 964 1690 998 probationem
1707 965 1826 993 famulo-

1031 1010 1092 1030 rum
1113 1012 1227 1033 suorum
1246 1015 1252 1034 :
1271 1014 1326 1034 non
1345 1009 1418 1042 quod
1434 1009 1557 1043 ignoret,
1573 1010 1619 1038 sed
1635 1015 1665 1038 ut
1686 1011 1748 1038 aliis
1771 1019 1829 1038 nta-

1031 1049 1163 1078 nil‘estum
1177 1050 1259 1079 faciat
1274 1053 1320 1088 qui
1335 1054 1368 1081 ad
1380 1062 1410 1082 se
1426 1055 1560 1082 accedant
1576 1061 1603 1083 et
1614 1056 1660 1091 qui
1674 1064 1740 1084 non.
1759 1056 1828 1084 Cor-

1030 1096 1104 1130 poris
1117 1105 1183 1124 vcro
1195 1103 1321 1131 mortem,
1335 1099 1362 1126 in
1379 1100 1420 1127 bis
1437 1101 1484 1135 qui
1500 1101 1573 1136 digni
1590 1107 1653 1129 sunt
1666 1106 1697 1128 ut
1709 1102 1742 1129 de
1756 1107 1829 1129 terra

1030 1141 1181 1169 viventium
1206 1143 1361 1177 deleantur,
1382 1152 1416 1171 ne
1433 1145 1519 1180 ipsam
1540 1154 1650 1181 quoque
1672 1147 1730 1174 suis
1753 1147 1829 1174 nefa-

1030 1187 1080 1214 riis
1095 1188 1224 1222 operibus
1242 1195 1438 1224 corrutnpant,
1460 1198 1524 1226 qua)
1546 1192 1611 1218 boni
1634 1192 1740 1226 opilieis
1758 1200 1828 1227 opus

1029 1237 1070 1260 est
1088 1238 1114 1260 et
1133 1235 1206 1268 regio
1223 1235 1345 1266 innoxia,
1371 1235 1414 1263 bis
1430 1237 1475 1270 qui
1500 1237 1610 1265 diverso
1634 1240 1718 1266 modo
1734 1240 1827 1268 vivere

1029 1278 1116 1312 parati
1130 1285 1205 1312 sunt,
1219 1280 1298 1314 juxta
1313 1280 1339 1307 id
1356 1281 1389 1307 ad
1405 1282 1478 1316 quod
1495 1281 1560 1309 [acti
1575 1288 1650 1310 sunt.

1066 1323 1100 1350 Et
1117 1324 1170 1350 vidi
1188 1333 1220 1351 ea:
1242 1333 1285 1352 ore
1310 1326 1435 1353 draconis
1458 1328 1568 1361 spiritus
1584 1329 1735 1357 immundos
1760 1335 1824 1358 tres.

1031 1368 1258 1398 Subaudiendum
1273 1376 1315 1398 est
1335 1373 1516 1407 egredientes,
1530 1378 1559 1400 ut
1570 1374 1607 1401 sit
1625 1382 1746 1402 sensus:
1764 1375 1827 1404 Vidi

1029 1422 1061 1442 ex
1081 1415 1163 1450 785
1184 1423 1233 1443 ore
1251 1417 1333 1444 trium
1349 1419 1522 1452 egredientes
1538 1419 1653 1454 spiritus
1669 1421 1827 1449 immundos

1030 1464 1086 1487 tres
1102 1462 1129 1487 iu
1146 1463 1256 1489 modum
1273 1470 1414 1490 ranarum.
1430 1463 1469 1491 Ex
1489 1464 1533 1492 bis
1553 1466 1710 1493 ostenditur
1727 1466 1827 1494 diabo-

1029 1506 1085 1533 lum
1107 1507 1218 1541 quidem
1247 1508 1329 1535 Veluti
1351 1509 1498 1536 draconem
1524 1511 1550 1537 in
1570 1512 1681 1546 propria
1708 1520 1826 1547 persona

1030 1552 1198 1587 signiﬁcari,
1223 1553 1425 1582 Autiebristum
1450 1563 1517 1583 vero
1542 1561 1671 1591 tanquam
1693 1560 1825 1594 bestiam,

994 1605 1016 1635 ο
1033 1599 1299 1634 pscudopropbelam
1316 1605 1406 1628 autem
1429 1602 1547 1629 alterunt
1574 1608 1672 1637 praeter
1687 1606 1826 1632 Antichri-

1030 1649 1113 1671 stum.
1128 1644 1161 1671 Et
1174 1647 1320 1673 draconem
1330 1647 1440 1681 quidem
1455 1648 1606 1681 diabolum,
1620 1657 1652 1676 eo
1667 1651 1738 1684 quod
1752 1651 1824 1678 obli-

1029 1690 1092 1725 quis
1108 1695 1201 1718 utatur
1215 1692 1336 1719 motibus
1351 1702 1358 1720 :
1379 1693 1496 1721 bestiam
1524 1702 1589 1721 vero
1611 1694 1824 1729 Antichristum,

1029 1737 1120 1770 utqui
1141 1744 1195 1763 non
1216 1738 1335 1765 humano
1359 1746 1436 1765 more
1456 1743 1636 1766 conversetur
1660 1740 1687 1766 in
1705 1740 1824 1768 humana

1029 1788 1136 1815 natura,
1153 1783 1198 1810 sed
1215 1784 1302 1818 magis
1327 1783 1415 1812 ferino
1435 1793 1509 1812 more
1531 1794 1537 1812 :
1555 1786 1822 1821 pseudoprophetam

1029 1834 1121 1855 aulem
1139 1829 1192 1857 hoc
1208 1837 1297 1864 Ipsum
1316 1831 1390 1865 quod
1405 1836 1456 1863 est,
1479 1839 1576 1866 nempe
1591 1832 1638 1867 qui
1661 1833 1687 1859 in
1713 1833 1822 1860 modum

1029 1878 1115 1908 poeta:
1142 1875 1285 1902 mendacia
1313 1876 1404 1902 dicere
1435 1877 1510 1902 novit
1539 1879 1612 1904 veris
1643 1877 1755 1905 similia.
1784 1878 1822 1905 Ex

1030 1919 1249 1954 uniuscujusque
1272 1921 1370 1946 borum
1395 1927 1442 1946 ore
1458 1920 1523 1946 dicit
1552 1921 1611 1955 pari
1632 1929 1747 1949 numero
1763 1930 1824 1949 sca-

1028 1964 1115 1990 lurire
1131 1964 1287 1991 immundos
1297 1965 1410 1998 spiritus
1426 1965 1500 1991 ranis
1514 1964 1629 1997 similes,
1644 1966 1691 1992 sed
1705 1973 1759 1991 non
1778 1974 1823 1992 ta-

1028 2017 1078 2036 nas
1096 2018 1103 2036 :
1119 2011 1237 2044 primum
1261 2009 1334 2044 quod
1356 2017 1453 2044 aspera
1473 2009 1571 2036 borum
1588 2017 1639 2036 vox
1657 2017 1710 2036 non
1736 2016 1824 2044 possn.

1027 2055 1059 2081 ad
1078 2055 1198 2089 aliquam
1216 2055 1262 2081 Dei
1278 2055 1387 2082 laudem
1405 2055 1521 2087 assumi,
1538 2054 1584 2081 sed
1602 2055 1634 2081 ad
1653 2055 1823 2082 turbationes

1026 2108 1058 2128 ac
1075 2101 1211 2127 tumultus
1224 2100 1385 2127 excitandos
1398 2109 1405 2126 :
1420 2100 1549 2134 quodque
1563 2107 1671 2134 semper
1687 2101 1772 2128 moris
1786 2101 1824 2128 sit

1026 2147 1198 2174 daemonibus
1210 2154 1243 2173 ac
1256 2146 1448 2181 peccatoribus
1465 2145 1547 2173 fetida
1559 2153 1591 2172 ac
1602 2150 1755 2173 cmmtenta
1768 2146 1822 2174 vita

1026 2192 1167 2224 delectari,
1186 2192 1418 2226 quemadmodum
1431 2191 1557 2218 ediverso
1574 2191 1621 2218 Dei
1640 2191 1737 2217 amicis
1750 2193 1822 2226 quod

1026 2238 1096 2265 duro
1109 2239 1255 2273 gaudeant,
1270 2241 1298 2265 et
1320 2238 1405 2265 animi
1426 2238 1570 2264 tolerantia
1595 2244 1627 2264 ae
1650 2236 1821 2269 fortitudine,

991 2272 1012 2300 Β
1029 2272 1137 2320 hymnis
1151 2290 1179 2312 et
1194 2285 1312 2312 canticis
1330 2292 1363 2312 ae
1376 2283 1597 2311 confessionibus
1615 2282 1700 2310 Deum
1716 2284 1823 2317 magni—

1027 2330 1120 2357 ﬁcent.
1135 2330 1267 2357 Ternario
1282 2334 1372 2357 autem
1389 2337 1505 2356 numero
1523 2332 1588 2355 sunt
1603 2332 1630 2355 ct
1646 2332 1822 2362 corruptores

1026 2381 1053 2403 et
1068 2384 1129 2410 qua:
1145 2376 1180 2402 ab
1193 2383 1241 2403 ore
1252 2383 1348 2403 eorum
1363 2375 1542 2410 egrediuntur
1554 2373 1689 2401 daemonia
1700 2393 1708 2405 ,
1725 2377 1755 2400 ut
1770 2373 1822 2400 hoc

1026 2428 1142 2448 numero
1159 2421 1296 2454 fallerent,
1313 2421 1394 2456 quasi
1425 2420 1623 2448 laudatissimte
1657 2427 1689 2446 ac
1705 2419 1822 2447 sanctis-

1025 2467 1102 2494 sima:
1120 2466 1249 2494 Trinitati
1267 2468 1337 2502 grati
1352 2472 1454 2495 essent.

1061 2510 1132 2544 XVI,
1159 2513 1253 2539 14-16.
1275 2512 1342 2545 Qum
1356 2513 1530 2547 egrediuntur
1554 2515 1588 2539 ad
1612 2521 1683 2547 reges
1705 2511 1822 2538 universi

1026 2559 1096 2585 orbis
1111 2564 1140 2585 ut
1155 2564 1309 2594 congregem
1325 2567 1368 2586 eos
1384 2559 1417 2585 ad
1434 2559 1557 2593 pra‘lium
1576 2559 1665 2592 magni
1680 2557 1754 2584 illius
1765 2556 1821 2582 ιιισί

1026 2606 1210 2640 omnipotenti:
1230 2606 1289 2634 Dei.
1313 2606 1381 2632 Ecce
1395 2606 1471 2632 uenio
1494 2606 1562 2631 sicut
1584 2605 1638 2638 fur.
1663 2603 1761 2630 Beatus
1779 2605 1818 2627 est

1025 2653 1071 2686 qui
1083 2651 1186 2687 vigilat,
1198 2656 1222 2679 et
1237 2652 1283 2686 qui
1295 2657 1382 2679 serunt
1394 2651 1549 2678 uestimenta
1562 2658 1621 2681 uta,
1632 2657 1663 2676 ne
1675 2648 1761 2674 nudus
1777 2647 1818 2697 in-

1025 2699 1117 2730 cedat,
1133 2702 1158 2723 et
1172 2698 1277 2724 videant
1298 2698 1490 2732 turpitudinem
1514 2697 1582 2731 ejus.
1602 2695 1637 2721 Et
1652 2695 1818 2729 congregavit

1026 2751 1070 2769 eos
1083 2743 1111 2770 in
1126 2742 1212 2770 locum
1227 2744 1271 2778 qui
1286 2744 1385 2770 dicitur
1403 2743 1533 2770 Hebraice
1548 2741 1727 2776 Ermagedon.

990 2789 1084 2816 τόπον
1100 2790 1155 2817 τὸν
1165 2791 1356 2825 καλούμενον
1367 2790 1520 2824 Ἐϐραϊστὶ
1540 2787 1735 2823 Ἐρματεδών.

1074 2923 1129 2959 (54)
1142 2922 1292 2958 Legebatur
1313 2923 1422 2958 κλήρῳ,
1438 2923 1508 2957 quod
1523 2927 1593 2950 sorte
1610 2931 1658 2950 sua
1674 2924 1814 2956 quatiemu-
