2092 3157
255 188 308 222 711

290 241 472 278 Egrediuntur
491 243 520 267 ut
541 239 567 266 in
587 245 670 264 unum
687 237 806 263 educant
819 235 852 263 ad
867 234 1046 270 praeliaudum
1063 240 1086 267 Α

255 290 283 317 in
301 296 330 317 se
342 294 448 316 mutuo.
463 287 544 320 Signa
557 291 633 315 vero,
651 283 753 317 inquit,
768 289 829 316 quas
843 289 892 316 per
909 281 1048 308 dzcmones

255 336 324 363 tium
340 339 368 361 ut
383 333 494 368 regibus
512 331 631 358 furorem
648 329 777 356 bellicum
796 328 935 358 immittat.
955 330 1049 353 osten-

257 380 326 408 dunt
347 386 460 413 scopum
477 377 530 404 diei
557 376 631 403 illius
652 374 743 409 magni
769 374 815 406 qui
836 381 889 400 non
912 373 984 400 alius
1008 375 1050 400 est

257 432 338 460 quam
356 421 493 450 secundus
510 421 616 448 Domini
632 421 775 447 adventus.
794 420 834 446 An
855 426 910 446 non
934 426 1049 454 magnus

254 468 349 504 estqui
365 469 392 495 in
403 468 491 494 lucem
508 467 619 494 immitit
633 473 665 493 ea
680 473 740 500 qua:
752 465 786 492 ab
806 460 973 500 unoquoque
988 470 1049 498 per-

255 519 315 542 acta
345 514 429 541 sunt?
446 513 505 540 Non
522 512 654 540 adversus
673 512 743 538 diem
763 511 863 538 bellum
883 515 925 537 est
947 518 954 537 :
975 509 1050 543 quod

254 560 327 586 enim
347 559 447 586 bellum
470 564 542 586 esset
567 558 700 585 adversus
723 557 822 584 solaris
844 564 942 584 cursus
962 555 1048 583 admi‘

255 605 468 632 nistrationem?
489 605 536 632 sed
556 604 689 632 adversus
714 604 763 632 hos
782 604 828 638 qui
847 603 929 637 hujus
947 603 1000 630 diei
1017 602 1050 629 ti-

257 658 333 677 more
349 650 478 677 continue
502 648 623 682 turbati,
639 648 704 675 facti
730 653 795 675 sunt
811 649 844 675 de
862 653 933 675 sorte
949 652 976 674 ct
992 646 1050 673 acie

255 696 324 722 Dei;
342 696 425 730 786
446 695 516 722 unde
534 695 616 722 etiam
644 695 816 721 vestimentis
840 693 938 721 salutis
961 692 1050 719 induti

257 745 331 774 sunt,
354 745 381 767 et
402 741 563 768 indumento
584 740 698 773 laetitiae,
721 747 782 774 quze
809 747 863 766 non
889 739 961 765 aliud
986 743 1050 765 sunt

256 795 339 822 quam
361 787 486 818 virtutes,
505 787 654 822 quamdam
671 795 727 822 pra:
742 795 771 814 se
787 786 904 814 ferentes
925 786 1051 820 majesta-

256 839 323 864 te-n,
343 832 488 860 manifesto
513 833 658 867 splendore
677 832 835 859 interiorem
850 831 987 859 hominem
1005 831 1051 858 la:-

258 879 406 906 tiﬁcantes.

670 182 833 213 ARETII/E
852 179 1042 211 C/ESARE/E
1061 177 1306 209 CAPPADOCI/E
1323 176 1494 208 EPISCOPI

1831 173 1886 206 ’112

1141 232 1337 268 Ἐκπορεὺεται
1365 231 1435 266 πρδς
1461 230 1491 257 τδ
1508 228 1675 265 κατάλληλον
1703 230 1889 265 συγκροτῆσαι

1099 279 1229 314 πόλεμον.
1246 279 1286 305 Τὰ
1302 278 1330 304 δὲ
1346 277 1390 304 διὰ
1408 277 1463 303 τῶν
1487 276 1631 312 δαιμόνων,
1649 275 1743 310 φησὶν,
1759 276 1888 311 ἐνεργούς

1101 334 1169 361 μενα
1177 326 1289 361 σημεῖα,
1300 324 1348 350 τοῦ
1362 325 1401 356 εἰς
1410 322 1518 360 οἶστρον
1527 322 1674 357 πολεμικὸν
1688 321 1818 357 ὲμϐαλειν
1825 323 1888 354 τοὺς

1100 370 1231 406 βασιλεῖς,
1239 370 1340 397 σκοπὸν
1350 369 1477 404 ἐμφαίνει
1487 370 1537 403 τῆς
1548 367 1654 403 ἡμέρας
1663 367 1771 401 ἐκείνης
1780 367 1830 402 τῆς
1842 376 1889 402 με-

1099 416 1196 451 γάλης,
1207 416 1268 450 ἥτις
1275 416 1326 441 οὐκ
1335 415 1401 449 ἄλλη
1412 415 1436 440 εἰ
1451 414 1488 449 μὴ
1499 414 1632 449 ἠδευτέρα
1645 413 1692 439 τοῦ
1706 413 1807 447 Κυρίου
1817 422 1888 448 παρ-

1099 461 1188 488 ουσία.
1215 461 1270 488 Καὶ
1277 460 1334 492 πῶς
1354 460 1384 486 οὒ
1395 460 1512 494 μεγάλη,
1525 460 1541 493 ἡ
1550 459 1583 484 τὰ
1590 459 1697 493 ἑκαστῳ
1706 458 1889 493 πεπραγμένά

1093 506 1280 541 ἐκπέμπουσα
1294 506 1334 536 εἰς
1349 505 1425 540 φῶς;
1441 504 1477 530 Οὐ
1496 505 1565 538 πρὸς
1582 504 1632 538 τὴν
1649 504 1757 544 ἡμέραν
1767 503 1795 529 δὲ
1811 504 1825 529 ό
1837 503 1888 528 πό-

1100 552 1195 587 λεμος,
1214 551 1267 587 (τίς
1297 552 1352 585 γὰρ
1381 550 1497 585 πόλεμος
1525 549 1678 584 ἀνθρώποις
1690 548 1758 582 πρὸς
1776 547 1889 582 ἡλιακοῦ

1100 596 1200 632 δρόμου
1217 595 1394 628 ὲπιστασίαν;
1413 594 1422 630 )
1439 595 1507 621 ἀλλά
1518 594 1585 628 πρὸς
1594 593 1715 626 τούτους,
1724 593 1748 619 οἳ
1759 594 1808 627 τῆς
1822 593 1890 627 ὴμέ-

1101 652 1151 678 ρας
1162 642 1265 676 ταύτης
1280 641 1319 676 τῷ
1336 641 1410 676 φόϐῳ
1432 640 1563 676 διηνεκῶς
1586 639 1824 674 συγκροτούμενοι.
1841 639 1890 673 τῆς

1101 689 1148 716 τοῦ
1167 689 1234 716 Θεοῦ
1253 688 1350 723 μοίρας
1366 687 1520 722 γεγόνασιν,
1539 685 1568 718 ἐξ
1588 683 1618 712 οὗ
1646 686 1693 712 καὶ
1718 686 1815 720 ἱμάτια
1837 693 1891 710 σω-

1099 734 1198 771 τηρίας
1223 733 1392 764 ὲνεδύσαντο,
1417 732 1463 759 καὶ
1482 732 1580 767 χιτῶνα
1608 731 1790 766 εὐφροσύνης,
1813 730 1892 757 ἅτινα

1100 781 1150 807 οὐκ
1165 779 1229 807 ἄλλο
1245 779 1261 814 ἢ
1277 779 1304 805 αἱ
1320 778 1481 813 θεοπρεπείς
1495 777 1601 812 ἀρεταὶ,
1621 777 1654 811 τῇ
1674 776 1786 810 ἐκφανεῖ
1811 783 1887 809 περι-

1100 825 1212 861 λάμψει,
1226 825 1271 851 τδν
1286 824 1360 855 ἐντὸς
1384 823 1440 858 (55)
1457 821 1706 857 κατευφραίνουσαι
1734 820 1889 855 ἄνθρωπον.

292 925 390 952 Beatus
404 930 441 951 est
453 926 497 960 qui
510 925 614 960 vigilat,
629 930 653 951 ct
666 924 711 958 qui
723 929 809 951 servat
825 924 978 951 vestimenta
989 932 1049 950 sua.

1139 914 1291 949 Μακάριος
1310 915 1327 941 ὁ
1341 911 1504 948 γρηγορῶν,
1519 909 1674 945 καὶίτηρῶν
1682 909 1717 936 τὰ
1733 908 1829 943 Ιμὰτια
1840 908 1892 935 αὐ-

257 971 411 999 Pcrmansit
429 972 454 998 in
471 976 550 1006 tropo
567 971 614 1006 qui
639 975 680 998 est
694 971 727 998 de
747 972 822 1004 l'ure,
839 971 900 998 ideo
913 972 994 997 etiam
1010 971 1050 996 vi-

257 1016 398 1050 giluntiam
422 1020 449 1042 et
474 1016 699 1042 vestimentorum
723 1016 874 1043 custodiam
893 1015 951 1042 fieri
972 1014 1049 1047 dixit,

258 1069 291 1088 ne
314 1067 426 1096 pereant
448 1069 496 1095 per
518 1061 627 1088 inanem
651 1061 778 1095 gloriam.
797 1060 865 1088 Nam
890 1061 1051 1088 vestimenta

258 1106 324 1133 dicit
339 1107 463 1138 virtutes,
483 1114 517 1133 ne
529 1107 626 1133 horum
643 1106 796 1140 abjectione
811 1107 876 1133 nudi
888 1106 990 1133 inventi
1006 1110 1053 1133 aut

259 1152 372 1183 sordidi,
390 1151 493 1186 indigni
511 1152 667 1185 iudicemur
678 1152 778 1179 divinis
797 1153 910 1186 nuptiis.

297 1240 331 1266 Et
356 1239 535 1274 congregravit
558 1247 601 1265 eos
619 1238 646 1264 in
671 1238 767 1264 locum.
792 1238 923 1272 Malignos
941 1239 1054 1272 spiritus

256 1286 328 1313 'dicit
344 1286 370 1312 in
395 1285 512 1319 quodam
530 1284 590 1311 loco
606 1282 796 1311 accurrtulusSc
810 1291 857 1311 eos
878 1284 926 1318 qui
941 1289 1006 1310 tunc
1020 1285 1053 1311 ab

257 1328 330 1366 ‘ipsia
355 1331 459 1358 seducti
485 1329 587 1357 fuerint
610 1337 616 1354 :
642 1329 733 1355 locum
750 1333 839 1355 autem
863 1329 982 1363 intcllige
1010 1329 1055 1355 hic

261 1382 380 1411 tempus.
407 1375 435 1402 In
464 1376 516 1402 hoc
540 1375 624 1409 igitur
642 1379 766 1408 tempore
789 1374 892 1400 inventi
917 1374 944 1400 hi
967 1374 1013 1408 qui
1039 1381 1054 1399 a

261 1422 388 1457 malignis
404 1422 546 1457 spiritibus
562 1421 670 1455 decepti
690 1420 802 1453 fuerint,
819 1421 1019 1455 separationem
1038 1427 1054 1447 a

262 1478 291 1497 se
307 1474 401 1496 mutuo
419 1468 573 1502 acquirent.
589 1467 655 1494 Nam
671 1467 721 1494 hoc
734 1466 938 1500 intelligendum
952 1466 1055 1500 prmbet

262 1515 394 1542 Hebraica
418 1522 471 1541 vox
497 1513 665 1548 Ermagedon
687 1513 708 1539 si
736 1513 763 1539 in
787 1517 910 1539 nostram
935 1512 1054 1546 linguam

261 1565 470 1588 transmutetur.
495 1560 526 1586 Et
549 1566 674 1594 quaenam
702 1560 754 1586 erit
781 1558 941 1592 separatio?
963 1558 1053 1585 Divini

263 1608 380 1642 Spiritus
393 1606 502 1638 divisio,
518 1606 564 1640 qui
582 1610 637 1632 tota
655 1605 705 1632 hac
720 1605 774 1631 vita
787 1605 858 1638 apud
875 1612 1053 1639 unumquem-

262 1661 314 1687 que
329 1653 464 1680 hominem
491 1655 599 1682 manet,
616 1651 656 1678 sic
677 1655 707 1676 ut
728 1658 762 1676 ne
779 1649 856 1684 perdi
881 1650 991 1684 quidem
1009 1654 1057 1676 aut

263 1699 344 1733 abjici
361 1698 446 1732 possit
461 1707 467 1724 :
488 1697 573 1724 robur
585 1701 720 1730 praestans
733 1697 797 1723 dum
816 1704 870 1723 non
888 1696 1056 1723 declinamus

263 1745 297 1771 ad
313 1744 436 1771 meliora.
451 1741 598 1777 Postquam
615 1747 705 1769 autem
720 1743 851 1769 transitus
863 1750 877 1768 a
893 1742 975 1768 rebus
988 1749 1057 1776 pra:-

264 1790 387 1817 seutibus
407 1789 439 1816 ad
463 1796 493 1816 ea
517 1797 578 1823 quae
598 1793 671 1815 certe
689 1796 752 1815 vera
777 1792 841 1815 sunt
866 1793 892 1816 et
914 1794 1055 1823 perpetua,

263 1836 336 1862 circa
352 1839 460 1869 tempus
481 1834 578 1860 mortis
596 1834 768 1864 incubuerit,
788 1834 821 1860 ab
840 1833 882 1860 his
903 1833 930 1860 in
957 1834 1056 1868 quibus

263 1881 386 1908 divinum
404 1887 503 1907 munus
516 1883 658 1913 acceptum
676 1880 816 1906 inventum
829 1879 912 1906 fuerit
922 1879 1056 1912 occisum,

264 1927 404 1954 auferetur
414 1946 422 1959 ,
438 1931 516 1961 parta
530 1933 577 1960 per
592 1926 760 1960 operationis
779 1925 922 1960 segnitiem
945 1932 1057 1960 separa-

265 1974 349 2004 tione,
368 1977 395 2000 et
407 1973 486 2008 juxta
504 1973 678 2000 severitatem
700 1972 901 2008 evangelicum,
919 1979 982 2007 pars
997 1971 1056 2006 ejus

263 2020 310 2055 qui
323 2019 517 2054 fueritjudicio
528 2019 677 2047 damnatus
692 2027 753 2046 cum
769 2018 918 2054 hypocritis
931 2023 1056 2052 ponetur.

564 2085 680 2113 CAPUT
702 2085 755 2112 ιιι.

265 2142 341 2176 Ωιιοό
363 2151 409 2177 per
421 2143 570 2177 «septimam
593 2142 701 2177 plagam
724 2142 826 2177 grando
843 2146 868 2168 et
892 2145 1057 2168 terminatus

486 2178 552 2212 ﬁant
565 2178 690 2204 adversus
704 2178 831 2203 homines.

1103 962 1167 989 τοῦ.
1186 961 1331 995 Ἐπέμεινε
1350 961 1384 994 τῇ
1404 959 1493 993 τροπῇ
1514 958 1560 984 τοῦ
1583 957 1710 982 κλέπτου.
1725 956 1770 980 Διὸ
1785 954 1833 979 καὶ
1842 962 1892 988 φυ-

1103 1007 1189 1043 λακὴν
1204 1008 1251 1033 καὶ
1259 1006 1425 1041 ἐγρήγορσιν
1444 1005 1539 1039 εἴρηκε
1558 1002 1683 1037 γίνεσθαι
1695 1001 1748 1026 τῶν
1762 999 1891 1034 ἱματίων,

1103 1054 1178 1084 ὅπως
1192 1052 1229 1087 μὴ
1244 1051 1398 1078 ἀπόλωνται
1416 1049 1460 1076 διὰ
1473 1048 1636 1080 κενοδοξίας.
1654 1047 1759 1081 Ὶμάτια
1771 1044 1825 1080 γὰρ
1843 1044 1892 1074 τὰς

1104 1100 1204 1134 ἀρετὰς
1224 1098 1311 1129 καλεῖ,
1335 1097 1379 1123 ἶνα
1399 1097 1435 1131 μὴ
1458 1097 1491 1130 τῇ
1519 1096 1621 1121 τούτων
1645 1092 1776 1127 ἀποϐολῇ,
1793 1091 1893 1125 γυμνοὶ

1104 1145 1262 1180 εὑρεθέντες
1282 1144 1299 1178 ἢ
1320 1143 1366 1170 καὶ
1393 1143 1542 1178 ρυπῶντες,
1562 1141 1666 1172 ἀνάξιοι
1693 1137 1831 1173 κριθῶμεν
1845 1136 1892 1163 τοῦ

1105 1191 1177 1217 θείου
1194 1190 1294 1224 γάμου.

1141 1234 1376 1268 Καὶσυνήταγεν
1386 1232 1496 1264 αὐτοὺς
1502 1232 1545 1263 εἷς
1558 1230 1611 1257 τὸν
1625 1230 1730 1255 τόπον.
1738 1229 1777 1254 Τὰ
1787 1236 1854 1262 πονη
1860 1227 1894 1261 ρὰ

1104 1282 1179 1314 λέγει
1195 1280 1338 1314 πνεύματα
1353 1279 1381 1305 ἐν
1395 1287 1449 1304 τινι
1462 1277 1538 1311 τόπῳ
1556 1275 1731 1310 συμφορῆσαι
1746 1274 1808 1304 τοὺς
1820 1281 1893 1307 τηνι-

1106 1327 1171 1353 κάδε
1195 1327 1241 1352 ὑπ’
1257 1324 1347 1352 αὐτῶν
1374 1323 1575 1357 ἀπατηθέντας.
1590 1321 1678 1346 Τόπον
1697 1319 1752 1353 γὰρ
1777 1317 1825 1344 νῦν
1848 1318 1894 1343 τὸν

1106 1373 1202 1407 καιρὸν
1227 1371 1383 1398 ἀκουστέον.
1404 1369 1450 1404 Τῷ
1473 1371 1560 1403 καιρῷ
1576 1367 1665 1393 τοίνυν
1693 1364 1781 1399 τούτῳ
1796 1364 1822 1390 οἱ
1841 1363 1895 1390 ὑπὸ

1106 1417 1235 1453 πονηρῶν
1241 1416 1404 1451 πνευμάτων
1417 1413 1602 1449 ἁπατηθέντες
1611 1412 1715 1438 καταλα
1720 1409 1896 1445 μὸανόμενοι,

1105 1464 1248 1497 τεύξονται
1264 1461 1409 1496 διακοπῆς.
1422 1460 1508 1486 Τοῦτο
1523 1459 1577 1494 γὰρ
1595 1455 1773 1493 Ἐρμαγεόὼν
1794 1457 1810 1490 ὴ
1832 1455 1893 1481 Ἐϐ-

1108 1510 1190 1546 ραῖκὴ
1206 1509 1277 1541 λέξις
1292 1509 1331 1539 εις
1345 1508 1394 1543 τὴν
1426 1506 1529 1533 Ελλάδα
1550 1502 1804 1538 διαπορθμευομένη
1825 1502 1894 1528 νοεῖν

1108 1556 1235 1592 παρέχει.
1248 1555 1302 1581 Καὶ
1314 1554 1355 1585 τίς
1369 1554 1385 1588 ἠ
1411 1552 1546 1586 διακοπή;
1569 1551 1601 1576 Ἡ
1611 1549 1658 1575 τοῦ
1675 1549 1746 1575 θείου
1763 1547 1895 1581 διαίρεσις

1107 1591 1287 1638 χαρίσματος,
1304 1601 1371 1634 ὅπερ
1385 1597 1523 1632 ἀνθρώπῳ
1538 1596 1619 1623 παντὶ
1639 1595 1714 1629 παρὰ
1743 1594 1834 1619 πᾶσαν
1846 1591 1895 1627 τὴν

1107 1646 1248 1681 παροῦσαν
1264 1645 1336 1679 ζωὴν
1352 1642 1548 1677 ἀναποσλήτως
1564 1638 1790 1675 συμπαρεδρεῠον
1813 1637 1894 1673 ὲπίῤ-

1109 1694 1193 1728 ρωσιν
1211 1692 1327 1726 παρέχει
1354 1691 1413 1720 ταῖς
1428 1688 1497 1724 πρὸς
1511 1688 1545 1713 τὰ
1560 1686 1677 1722 κρείττω
1688 1684 1766 1720 ἡμῶν
1781 1683 1895 1710 ἀπονεύ-

1109 1746 1197 1764 σεσιν.
1218 1736 1342 1763 Ἐπειδὰν
1358 1735 1414 1769 δὲή
1429 1734 1483 1760 ἀπὸ
1495 1733 1549 1759 τῶν
1565 1731 1670 1757 ἐνθένδε
1687 1729 1835 1765 μετάὸασις
1849 1728 1895 1754 ἐπὶ

1107 1783 1142 1809 τὰ
1158 1784 1242 1813 δντως
1257 1781 1346 1816 ἀληθῆ
1365 1781 1413 1807 καὶ
1427 1779 1523 1805 αἰώνια
1537 1778 1634 1812 ἐπιστῇ
1643 1775 1713 1802 κατὰ
1725 1775 1771 1800 τὸν
1784 1773 1831 1799 τοῦ
1848 1774 1896 1798 θα-

1109 1829 1189 1855 νάτου
1203 1828 1309 1862 καιρὸν.
1323 1828 1351 1852 ὲν
1364 1825 1404 1857 οἷς
1420 1826 1505 1860 ἀργὸν
1513 1825 1544 1850 τὸ
1554 1824 1624 1849 θεῖον
1640 1822 1763 1856 χάρισμα
1782 1819 1893 1854 εὑρεθῇ,

1108 1873 1252 1907 διαιρεῖται
1276 1871 1306 1898 τὸ
1332 1871 1386 1898 ἀπὸ
1412 1870 1489 1897 τοῦδε
1504 1869 1551 1903 ἀφ’
1564 1865 1595 1894 οἵ)
1614 1867 1706 1893 λαϐεῖν
1723 1865 1893 1897 ἀξιωθέντος,

1108 1918 1209 1945 νωθεία
1236 1916 1368 1953 ἐργασίας
1397 1917 1447 1951 τὴν
1462 1915 1606 1950 ἀφαίρεσιν
1628 1911 1819 1947 προεξένησεν,
1847 1908 1896 1934 καὶ

1107 1964 1180 1991 ’κατὰ
1194 1962 1242 1998 τὴν
1262 1961 1443 1996 εὖαγγελικὴν
1463 1960 1627 1994 ἀποτομίαν,
1643 1958 1673 1984 τὸ
1688 1957 1769 1992 μέρος
1783 1954 1831 1982 τοῦ
1844 1962 1896 1981 κα-

1109 2009 1221 2037 ταδικου
1240 2009 1309 2045 μετὰ
1323 2009 1376 2034 τῶν
1398 2006 1554 2042 ὑποκριτῶν
1568 2005 1682 2032 τιθεται.

1390 2064 1515 2090 ΚΕΦΔΛ.
1545 2061 1607 2088 NB’.

1109 2125 1211 2156 ’Ὅπως
1224 2123 1271 2149 διὰ
1280 2121 1334 2155 τῆς
1348 2121 1480 2156 ἑϐδόμης.
1499 2117 1611 2156 χάλαζα
1624 2117 1672 2143 καὶ
1687 2115 1812 2149 σεισμὸς
1823 2114 1897 2141 κατὰ

1319 2156 1378 2182 τῶν
1389 2154 1552 2188 ἀνθρώπων
1567 2154 1688 2187 γίνεται.

301 2233 371 2265 XVI,
394 2233 488 2259 l7-l9.
511 2232 545 2258 Et
564 2233 690 2266 septimus
706 2231 815 2266 angelus
828 2232 921 2266 effudit
937 2233 1056 2267 phialam

1144 2227 1198 2254 Καὶ
1226 2227 1243 2253 ό
1272 2225 1397 2260 ἕϐδομος
1422 2223 1548 2258 ἅγγελος
1577 2221 1676 2255 ἐξέχεε
1700 2222 1758 2253 τὴν
1783 2218 1898 2267 ptri.th

265 2287 341 2305 suain
362 2279 388 2303 in
407 2285 504 2304 aerem.
521 2276 555 2303 Et
577 2277 658 2303 exivit
678 2285 728 2302 vox
743 2284 838 2310 magna
855 2285 871 2303 a
894 2277 989 2310 templo
1003 2277 1062 2303 εωιί

265 2327 297 2349 de
308 2323 412 2354 throno,
427 2321 534 2348 dicens:
551 2320 665 2347 Factum
679 2324 729 2347 est.
748 2320 780 2346 Et
793 2321 867 2354 facta
880 2325 941 2347 sunt
953 2321 1060 2356 fulgura

265 2373 291 2394 et
308 2369 425 2394 tonitrua
447 2371 470 2393 et
487 2374 576 2399 voces,
600 2371 624 2393 et
651 2370 817 2393 terranan
841 2374 953 2401 magnus
972 2367 1060 2400 qualis

268 2422 318 2440 non
330 2414 382 2448 fuit
394 2421 410 2439 a
423 2418 538 2447 tempore
548 2420 599 2447 quo
611 2413 728 2439 homines
743 2413 848 2446 [uerunt
862 2421 939 2447 super
950 2418 1058 2445 terram,

267 2459 330 2486 talis
355 2465 518 2486 terrwmotus
541 2459 606 2485 adeo
622 2466 745 2493 magnus.
765 2458 799 2484 Et
815 2459 900 2487 diuisa
919 2459 999 2493 787
1021 2463 1060 2485 est

267 2506 472 2540 ciuiuu'magnu
487 2505 513 2531 in
531 2510 581 2531 tres
595 2509 683 2539 partes
693 2524 701 2534 .
718 2509 742 2531 et
757 2505 874 2532 civitates
889 2505 1005 2539 gentium
1018 2512 1060 2531 ce—

267 2552 397 2579 dderunt.

306 2643 356 2670 llic
383 2642 410 2669 in
439 2649 529 2669 aerem
563 2641 660 2669 effudit
682 2641 811 2676 phialam,
826 2648 860 2667 eo
875 2640 947 2675 quod
970 2640 1061 2667 omnis

267 2688 397 2723 pestifera
409 2688 552 2722 corruptio
571 2695 605 2714 ex
618 2695 681 2715 aere
706 2687 884 2722 producatur,
902 2686 983 2720 idque
1010 2693 1056 2713 co-

267 2736 472 2764 ruscatlonibus
482 2736 639 2763 ardentibus
650 2739 676 2762 et
692 2735 839 2762 tonitribus
851 2733 1054 2761 resonantibus.

267 2782 290 2808 A
305 2782 397 2810 divino
409 2787 498 2809 autem
512 2782 613 2816 templo
636 2781 707 2809 facta
722 2785 765 2809 est
791 2787 855 2813 vox,
867 2780 919 2807 hoc
945 2783 998 2810 est,
1022 2779 1056 2806 ab

269 2827 313 2855 his
328 2828 373 2862 qui
392 2828 518 2855 diviniori
538 2828 617 2855 modo
633 2830 664 2854 ad
678 2835 754 2854 sacra
768 2831 832 2854 sunt
858 2826 938 2853 nddut
949 2825 978 2857 ti,
992 2825 1055 2860 qui-

306 2904 362 2938 (55)
382 2903 472 2937 Ἐκτός
489 2905 561 2940 vulg.

1111 2273 1204 2302 αὑτοῦ
1223 2272 1270 2299 ἐπὶ
1285 2272 1337 2298 τὸν
1364 2271 1446 2304 ἀέρα.
1466 2270 1518 2297 Καὶ
1532 2268 1643 2302 ἐξῆλθε
1665 2266 1749 2301 φωνὴ
1780 2264 1895 2300 μεγάλη

1110 2320 1169 2348 ἀπὸ
1186 2319 1239 2346 τοῦ
1253 2318 1329 2346 ναοῦ
1342 2317 1393 2344 τοῦ
1413 2316 1542 2350 οὐρανοῦ
1560 2314 1619 2342 ἀπὸ
1632 2314 1685 2340 τοῦ
1704 2313 1824 2348 θρόιόυ,
1847 2310 1897 2338 ,λέ-

1110 2373 1207 2401 γουσα
1217 2373 1224 2380 ·
1237 2364 1357 2399 Γέγονε.
1372 2363 1424 2390 Καὶ
1433 2362 1572 2396 ἐγένοντο
1580 2359 1730 2393 ἀστραπαὶ
1744 2358 1792 2385 καὶ
1805 2357 1897 2390 ,βρον-

1112 2412 1160 2439 ταὶ
1175 2413 1223 2438 και
1240 2411 1336 2446 φωναὶ
1355 2410 1403 2437 καὶ
1419 2408 1546 2443 σεισμὸς
1557 2407 1662 2442 μέγας,
1680 2403 1741 2437 οἷος
1759 2406 1814 2431 οὐκ
1832 2402 1898 2436 ἐγέ-
1913 2443 1917 2446 _

1109 2468 1190 2490 νετο,
1207 2459 1258 2492 ἀφ’
1277 2456 1312 2485 οὗ
1329 2459 1356 2484 ol
1376 2457 1525 2490 ἄνθρωποι
1542 2453 1680 2489 ἐγένοντο
1696 2452 1745 2479 ἐπὶ
1765 2450 1819 2484 τῆς
1831 2449 1897 2484 γῆς,

1110 2505 1288 2537 τηλικοῦτος
1313 2503 1441 2537 σεισμὸς
1454 2502 1530 2529 οὕτω
1542 2500 1647 2535 μέγας.
1664 2499 1718 2526 Καὶ
1731 2497 1851 2530 ἐγένετο
1867 2496 1897 2534 ,ἡ

1110 2552 1200 2583 πόλις
1217 2552 1234 2583 ἡ
1245 2550 1361 2584 μεγάλη
1376 2551 1419 2582 εὶς
1432 2549 1498 2582 τρια
1512 2548 1599 2582 μέρη,
1612 2546 1660 2572 καὶ
1678 2546 1707 2571 αι
1722 2544 1826 2575 πόλεις
1840 2541 1898 2568 τῶν·

1110 2596 1205 2624 ἐθνῶν
1222 2596 1345 2623 ἔπεσον.

1152 2642 1214 2669 Ἐπὶ
1229 2643 1275 2669 τὸν
1289 2642 1358 2677 ἀέρα
1370 2641 1457 2672 οὕτως
1466 2639 1582 2675 ἐξέχεεν,
1597 2638 1634 2669 ὥς
1646 2637 1737 2671 πάσης
1747 2633 1896 2669 λοιμώδους

1109 2688 1258 2723 διαφθορᾶς
1271 2689 1303 2714 ὲκ
1322 2686 1369 2713 τοῦ
1388 2688 1468 2721 ἀέρος
1490 2683 1687 2719 ὑφισταμένης,
1708 2681 1755 2707 καὶ
1769 2681 1797 2705 ὲν
1811 2678 1896 2710 τούτῳ

1110 2733 1260 2768 ἀστραπῶν
1271 2732 1491 2767 σελαγιζομένων
1499 2728 1676 2766 καὶ,βροντῶν
1688 2724 1896 2761 ἀπηχουμένων.

1118 2778 1186 2804 ’Λπὺ
1203 2778 1249 2804 τοῦ
1272 2777 1400 2813 οὐρανίου
1417 2777 1445 2804 δὲ
1459 2776 1525 2804 ναοῦ
1539 2777 1555 2810 ὴ
1579 2774 1655 2809 φωνὴ
1671 2773 1778 2807 γέγονε,
1802 2768 1896 2813 τουτέ-

1111 2833 1182 2858 στιν,
1199 2825 1253 2852 ἀπὸ
1270 2824 1323 2852 τῶν
1337 2824 1482 2859 θειοτέρως
1499 2818 1783 2858 μυσταγωγουμένων,
1795 2811 1834 2842 ὧν
1847 2813 1898 2840 οὐκ
