2092 3157
207 185 259 217 ’113

735 183 929 214 COMMENT.
954 183 992 214 IN
1014 183 1278 215 APOCALYPSIN.

1782 183 1834 215 7ἶ4

206 242 284 272 ἄλλος
312 239 458 274 κατάρχει,
482 239 498 274 ἥ
519 238 598 274 μόνος
632 239 646 265 ὁ
673 239 844 274 ὺπερουσίως
869 239 997 266 ἁπάντων

1053 239 1100 266 bus
1111 247 1164 266 non
1182 239 1251 266 alius
1263 238 1390 273 praesidet
1405 246 1485 273 quam
1505 238 1580 265 solus
1608 238 1652 266 ille
1673 239 1720 273 qui
1739 247 1835 274 supcr-

207 286 408 321 ὑπερκείμενος
422 285 590 320 γενετάρχης
600 285 677 317 Θεός.
694 285 781 312 Τοῦτο
797 285 852 320 γὰρ
869 286 884 311 ὁ
901 285 996 320 ορόνος

208 333 336 368 βούλεται
348 331 496 366 παριστᾷν.

242 378 295 405 Kal
311 378 452 413 ἐγένοντο
469 376 619 411 ἀστραπαί
635 376 682 403 καὶ
695 376 820 411 βρονταὶ
835 377 884 403 καὶ
901 376 997 411 φωναὶ

207 424 256 452 καὶ
269 424 407 457 σεισμός.
431 423 584 458 ’Δστραπαὶ
600 424 647 450 καὶ
664 422 788 458 βρονταὶ,
805 423 852 449 ἀπ’
868 422 994 457 οὐρανοῦ.

207 472 298 498 Φωναὶ
315 470 343 496 δὲ
358 470 412 497 τῶν
426 470 472 495 ἐπὶ
492 469 544 503 γῆς
559 469 612 495 ἀπὸ
627 469 674 495 τοῦ
689 468 766 500 δέους
780 468 835 494 τῶν
855 467 996 502 καταπλη-

207 517 309 545 κτικῶν
321 516 483 552 γινομένων.
499 515 615 550 Σεισμὸς
629 515 668 546 δὲ,
681 514 774 545 κλόνος
789 514 837 549 τῆς
856 515 917 548 γῆς,
936 515 997 540 ἐπεὶ

208 564 256 590 καὶ
273 563 352 590 τοῦτο
367 563 396 589 ὲν
417 563 474 593 τοῖς
495 561 620 595 σημείοις
644 560 691 586 τοῦ
708 560 804 591 τέλους
829 559 996 594 περιέχεται.

209 609 243 634 "ll
261 607 373 642 σεισμὸν
400 606 486 640 λέγει,
502 606 552 641 τὴν
580 604 759 640 μεταποίησιν
782 605 828 631 καὶ
845 603 998 639 μεταὸολὴν

207 655 262 681 τῶν
279 653 408 689 φθαρτῶν
423 653 470 680 ἐπὶ
483 652 514 679 τδ
529 652 678 686 ἄφθαρτον,
689 651 704 677 ὃ
719 651 795 677 ἔσται
809 651 863 677 ἀπὸ
874 651 923 684 τῆς
935 650 996 676 δευ-

210 700 293 735 τέρας
305 699 426 734 Χριστοῦ
439 697 602 733 παρουσίας.
620 697 656 723 Τὸ
671 697 710 728 δὲ,
736 694 798 729 οἶος
813 697 849 723 οὐ
863 695 994 730 γέγονεν.

207 747 321 773 οὐδέπω
346 745 400 780 γὰρ
427 743 539 779 τοιαύτη
569 743 724 778 μεταλλαγὴ
749 742 845 776 γέγονε
877 742 997 778 φθαρτοῦ

209 793 312 826 κὸσμου
327 791 376 818 ἐπὶ
395 790 425 817 τὺ
434 789 571 825 ἄφθαρτον
586 788 634 816 καὶ
646 787 810 820 διαιωνίζον.

244 880 298 907 Kal
317 879 436 914 ἐγένετο
459 878 479 912 ἡ
500 879 590 910 πόλις
606 878 624 911 ἡ
642 876 770 911 μεγάλη.
788 876 854 909 Περὶ
876 875 925 910 τῆς
948 876 997 902 Ἰε-

209 925 352 961 ρουσαλὴμ
378 923 505 959 εἰρῆσθαί
538 931 611 953 τινες
646 922 802 954 ἐξεδέξαντο
825 921 922 952 ταῦτα,
946 921 996 956 οὐχ

208 971 281 998 οὕτω
295 970 393 1005 πλήθει
409 968 562 1004 ἀνθρώπων
580 969 628 994 καὶ
653 967 810 1002 κτισμάτων
827 967 997 1002 μεγαλοπρε-

211 1016 270 1042 πῶν
286 1015 325 1050 τῷ
343 1013 480 1049 μεγαλείῳ
497 1012 630 1048 αὐχούσῃ,
647 1013 684 1044 ὡς
697 1013 753 1043 τοῖς
767 1010 886 1047 Χριστοῦ
897 1011 997 1038 πάθεσι

209 1060 257 1086 καὶ
276 1061 307 1095 τῇ
325 1059 394 1086 κατὰ
422 1058 542 1094 Χριστὸν
558 1057 701 1092 ἐπιδημίᾳ.
722 1058 761 1083 Δι’
777 1057 794 1084 ἃ.
809 1057 857 1084 καὶ
879 1057 997 1084 ἀντιδια-

210 1106 350 1132 στέλλεται
368 1105 422 1131 τῶν
452 1104 555 1131 λοιπῶν
579 1103 694 1135 πόλεων,
710 1103 742 1134 ἃς
766 1103 813 1129 καὶ
830 1102 941 1134 ἐθνικὰς
963 1103 996 1136 τῇ

211 1153 306 1187 Γραφῇ
323 1151 385 1183 ἔθος
411 1150 514 1177 καλεῖν.
532 1150 586 1176 Τοῦ
597 1149 651 1184 γὰρ
683 1148 791 1184 Ἰσραὴλ
815 1148 910 1183 χωρὶς,
934 1147 998 1178 τοὺς

210 1197 309 1228 ἄλλους
322 1195 483 1231 ἀνθρώπους
497 1194 561 1230 ἔθνη
577 1194 656 1221 εἴωθε
672 1193 897 1229 προσαγορεύειν.
927 1192 999 1219 Ταύ-

210 1252 259 1277 της
274 1243 302 1269 δὲ
319 1243 336 1277 ἡ
359 1243 399 1274 εἰς
414 1241 479 1277 τρία
508 1241 579 1276 μέρη
595 1240 728 1275 διαίρεσις
742 1239 773 1266 τὸ
796 1239 851 1266 τῶν
879 1239 908 1265 ἐν
929 1238 998 1273 αὐτῇ

211 1288 414 1315 κατοικούντων
426 1287 571 1323 σημαίνειν
578 1286 707 1320 διάφορον
719 1285 854 1320 βούλεται,
867 1285 999 1319 Χριστια-

211 1334 273 1366 νῶν,
295 1333 440 1365 Ἰουδαίων,
457 1332 645 1367 Σαμαρειτῶν.
661 1332 718 1358 Οὐκ
733 1331 848 1366 ἄκαιρον
870 1331 900 1356 δὲ
923 1329 999 1356 πόλιν

212 1380 335 1415 μεγάλην
360 1379 407 1406 τὸν
436 1378 558 1413 παρόντα
581 1378 684 1412 κόσμον
712 1376 925 1412 ὑπολαμϐάνειν,
959 1376 999 1406 είς

211 1426 274 1460 τρία
289 1425 360 1460 μέρη
376 1425 575 1460 ἀφοριζόμενον
585 1424 638 1451 ἀπὸ
648 1424 695 1458 τῆς
706 1423 826 1458 Χριστοῦ
836 1422 998 1456 παρουσίας,

211 1473 250 1503 εἰς
267 1472 312 1498 τὸν
330 1472 379 1505 τῆς
399 1470 560 1506 Ἑλληνικῆς
584 1469 761 1504 ἐπικρατείας
780 1468 887 1504 καιρὸν,
902 1468 941 1498 εἰς
954 1467 1000 1493 τὸν

211 1518 260 1552 τῆς
275 1517 328 1543 ὑπὸ
342 1517 512 1552 Χριστιανῶν
526 1515 659 1551 βασιλέων
682 1514 820 1547 ἐξουσίας,
836 1515 884 1540 καὶ
900 1513 940 1545 είς
954 1513 1000 1539 τὸν

212 1563 265 1590 ὑπὸ
276 1563 324 1590 τοῦ
346 1563 532 1598 Ἀντιχρίστου
549 1562 597 1597 τῆς
613 1562 771 1597 ἐπιδημίας,
790 1561 887 1592 Πόλεις
905 1559 933 1586 δὲ
946 1560 998 1587 τῶν

211 1609 298 1636 ὲονῶν
310 1609 338 1635 αἱ
355 1609 515 1642 πίπτουσαι,
536 1609 597 1644 ἤτοι
617 1608 646 1635 αἱ
661 1608 786 1642 διάφοροι
807 1606 872 1642 περὶ
891 1605 941 1640 τὴν
955 1606 1001 1632 εὺ-

213 1655 279 1690 σεὸῆ
301 1655 393 1680 πίστιν
412 1654 563 1690 ὑπολήψεις
582 1655 616 1689 τῇ
641 1653 776 1688 διαφωνία
803 1653 834 1679 τὸ
861 1651 1002 1679 εὖπτωτον

219 1700 408 1735 πληρούμεναι
419 1708 426 1714 ·
441 1701 457 1735 ἢ
473 1701 520 1727 καὶ
536 1700 617 1726 αὑταὶ
633 1699 661 1726 αἱ
676 1699 780 1731 πόλεις.

247 1746 301 1773 Kal
316 1745 460 1773 Βαϐυλὼν
483 1746 502 1780 ἠ
520 1745 635 1780 μεγάλη
649 1744 787 1780 ἐμνήσθη
807 1744 935 1772 ἐνώπιον
948 1745 1001 1772 τοῦ

214 1791 299 1824 Θεοῦ,
318 1790 424 1818 δοῦναι
451 1790 530 1825 αὐτῇ
546 1791 579 1817 τὸ
598 1790 743 1825 ποτήριον
770 1790 824 1817 τοῦ
838 1791 923 1817 οἴνου
949 1790 1001 1817 τοῦ

212 1836 308 1871 θυμοῦ
324 1836 380 1870 τῆς
394 1837 486 1871 {prim
497 1837 601 1866 αὑτοῦ.
618 1836 666 1863 καὶ
682 1835 767 1864 πᾶσα
787 1836 885 1870 νῆσος
898 1837 1000 1870 ἔφυγε,

212 1883 261 1909 καὶ
275 1883 329 1917 ὄρη
355 1883 412 1916 οὐχ
429 1881 606 1916 εὑρέθησαν.
627 1881 680 1908 Kal
701 1881 813 1916 χάλαζα
825 1881 941 1916 μεγάλη
961 1883 1001 1915 ὡς

212 1930 387 1956 ταλαντιαία
403 1929 573 1955 καταϐαίνει
592 1928 627 1954 ἐκ
643 1928 696 1955 τοῦ
713 1923 844 1961 οὐρανοῦ
862 1928 911 1954 ἐπὶ
931 1927 1001 1960 τοὺς

212 1975 390 2008 ἀνθρώπους
402 1983 408 1990 ·
427 1974 476 2001 καὶ
491 1974 735 2009 ἐϐλασφήμησαν
748 1975 773 2000 οὶ
786 1973 935 2006 ἅνθρωποι
948 1973 1002 1999 τὸν

214 2022 288 2047 Θεὸν
303 2022 337 2047 ἐκ
365 2020 420 2053 τῆς
436 2021 556 2055 πληγῆς
574 2019 628 2054 τῆς
655 2019 796 2054 χαλάζης,
817 2020 862 2046 ὅτι
885 2019 1001 2054 μεγάλη

212 2066 299 2093 ἐστίν
315 2067 334 2101 ἡ
349 2066 452 2101 πληγὴ
467 2066 563 2100 αὐτῆς
576 2065 707 2101 σφόδρα.

250 2112 406 2144 Βαϐυλῶνα,
419 2113 449 2138 οὐ
461 2111 511 2147 τὴν
534 2111 644 2147 Ῥώμην
659 2111 734 2145 λέγει
747 2110 796 2146 τὴν
809 2110 941 2142 παλαιὰν,
958 2110 1002 2137 διὰ

213 2159 243 2185 sli
260 2160 288 2185 ὲν
304 2159 372 2194 αὐτῇ
397 2159 469 2185 κατὰ
490 2158 554 2189 τοὺς
574 2157 745 2192 Ἑλληνικοὺς
761 2157 873 2192 χρόνους
888 2157 1003 2187 πολλοὺς

214 2204 268 2230 τῶν
283 2203 370 2238 ἁγίων
398 2203 544 2239 μαρτύρων
569 2202 664 2229 παθεῖν
679 2202 713 2228 τὰ
737 2202 872 2237 ἀνήκεστα
886 2210 894 2217 ι
910 2202 940 2227 οὐ
957 2201 1002 2227 τὸν

214 2251 323 2277 ᾶπαντα
333 2249 436 2284 κόσμον
447 2249 499 2276 κᾶν
506 2249 555 2284 ἔχῃ
564 2249 624 2275 τινὰ
633 2247 777 2282 ἀποδοχὴν,
792 2244 869 2279 οὗτος
882 2247 896 2273 ό
909 2247 1003 2281 λόγος,
1020 2264 1042 2292 D

217 2294 342 2330 εἰρῆσθαι
356 2294 411 2329 γὰρ
431 2293 511 2320 αὑτὸν
530 2293 675 2320 Βαϐυλῶνα
688 2293 734 2320 καὶ
748 2293 880 2327 μεγάλην,
898 2292 947 2319 ἅτε
969 2293 1001 2319 ὲκ

214 2340 270 2366 τῶν
291 2339 338 2366 τοῦ
355 2339 414 2375 βίου
442 2338 647 2374 περισπασμῶν
673 2339 786 2365 είκαίων
804 2339 835 2364 τὸ
859 2338 1002 2372 μεγαλεῖον

214 2386 351 2420 ὲσχηκότα
364 2394 372 2401 ·
391 2386 417 2412 εί
433 2385 487 2420 γὰρ
503 2385 518 2411 ὀ
537 2386 639 2420 κόσμος
653 2384 697 2411 διὰ
710 2385 760 2419 τῆς
780 2384 938 2415 Βαϐυλῶνος
951 2384 1002 2410 ὑπ-

214 2431 367 2466 εσημάνθη,
379 2431 420 2462 τίς
429 2432 445 2465 ἡ
453 2430 578 2466 διαστολὴ
590 2430 645 2457 τῶν
658 2431 747 2464 νήσων
759 2431 813 2457 diu?)
825 2430 871 2456 τοῦ
886 2427 1001 2465 κόσμου’,

218 2478 300 2513 μέρος
317 2477 406 2503 οὐσῶν
419 2476 467 2503 τοῦ
480 2477 584 2511 κόσμου
610 2477 658 2503 καὶ
679 2476 787 2508 αὔτῶνς
806 2476 936 2502 Asina-rat
955 2474 1003 2502 οὖν

216 2523 259 2549 ἑτέ
265 2531 314 2558 ραν
332 2522 389 2558 (56)
406 2523 530 2548 ὑπονοεῖν
543 2522 692 2549 Βαϐυλῶνα
704 2523 790 2549 εῑκότι
802 2522 874 2557 λόγῳ
885 2531 891 2538 ·
904 2523 951 2548 καὶ
961 2521 1003 2553 τίς

216 2569 303 2603 αὖτης
321 2568 379 2595 Οὐκ
391 2568 471 2602 ἄλλη,
485 2568 529 2604 ἢὴ
543 2568 762 2599 Κωνσταντίνου,
782 2568 811 2594 ιν
826 2565 844 2604 ᾖ
867 2567 951 2595 πάλαι
967 2567 1004 2594 δι-

216 2614 349 2650 καιοσύνη
365 2614 519 2649 ἐκοσμήθη,
547 2615 595 2641 νῦν
617 2614 645 2640 δὲ
669 2614 698 2640 ἐν
721 2614 790 2649 αὐτῇ
818 2615 958 2648 φονευταὶ,
975 2614 1007 2640 ὲκ

217 2660 390 2696 παραλλήλου
407 2659 535 2694 ἁμίλλης,
550 2659 604 2686 τῶν
620 2659 768 2686 πολιτικῶν
782 2660 839 2690 τοῖς
861 2659 1007 2693 ἐκκλησια-

218 2707 320 2738 στικοίς
340 2705 504 2740 ἐξισωθῆναι
519 2705 699 2736 σπευδόντων,
715 2704 814 2739 μᾶλλον
832 2704 859 2730 δὲ
874 2704 924 2730 οὐκ
942 2704 1006 2730 ἰσω-

217 2753 307 2787 θῆναι,
324 2752 349 2777 sl
368 2751 448 2786 μήτις
463 2751 493 2783 ἐξ
505 2750 596 2777 αὐτῶν
616 2750 668 2784 ἄρῃ
687 2750 717 2775 τὸ
730 2750 864 2784 ἀριστεῖον
881 2749 922 2780 εἰς
942 2749 1003 2783 μεί-

215 2796 279 2828 ζονα
292 2796 365 2822 Θείου
388 2796 475 2831 θυμοῦ
498 2795 608 2830 ἄναψιν.
628 2795 674 2821 Διὸ
695 2796 742 2821 καὶ
758 2795 774 2828 ἡ
789 2795 897 2830 ἀπαθὴς
921 2795 1001 2830 φύσις

250 2884 306 2920 (56)
334 2885 469 2920 Ἐτέρῳ...
485 2884 558 2919 λόγῳ
568 2883 641 2918 vulg.

355 2933 494 2963 ΡΑτιιοι..
515 2933 573 2962 Gn.
589 2931 666 2963 ενι.

1047 285 1220 311 substantiali
1247 285 1329 312 modo
1354 289 1469 312 cunctos
1496 285 1702 318 supereminet,
1727 286 1835 320 primus

1048 339 1146 365 parens
1163 331 1251 364 Dens;
1270 328 1332 358 nam
1346 331 1370 357 id
1392 330 1548 365 signiﬁcare
1558 330 1610 357 sibi
1630 330 1689 358 vult
1708 331 1834 358 thronus.

1085 377 1118 404 Et
1134 377 1208 412 facta
1225 382 1287 404 sunt
1307 377 1415 412 fulgura
1429 382 1454 404 et
1476 378 1593 404 tonitrua
1601 383 1625 405 et
1635 386 1706 405 vaces
1721 383 1745 405 et
1761 382 1836 405 terra:

1048 428 1145 451 malus.
1159 422 1277 458 Fulgura
1301 429 1328 450 et
1351 423 1469 450 tonitrua
1490 423 1524 451 de
1546 425 1628 457 (telo,
1643 431 1723 451 voces
1744 429 1835 451 autem

1048 468 1136 495 abhis
1148 468 1195 503 qui
1213 469 1238 494 in
1253 473 1325 496 terra
1347 476 1400 502 prin
1421 468 1518 496 timore
1539 470 1708 496 consternati
1733 474 1811 496 erant
1828 479 1835 496 :

1049 518 1128 540 terra:
1143 518 1234 540 motus
1249 521 1324 545 vero.
1355 513 1406 540 hoc
1425 518 1466 540 est
1485 515 1627 548 quassatio
1655 523 1687 542 ac
1718 514 1838 542 turbatio

1049 562 1138 591 terrm,
1154 566 1218 586 nam
1236 559 1393 593 huiusmodi
1409 560 1489 586 linem
1503 560 1580 594 signa
1593 560 1717 588 obtinere
1735 561 1834 588 solent.

1048 605 1102 631 Aut
1129 610 1209 632 terrae
1223 609 1327 631 motum
1351 605 1417 631 dicit
1438 605 1679 640 transpositionem
1704 610 1731 633 et
1749 611 1838 633 muta-

1049 650 1149 677 tionem
1172 657 1187 677 a
1212 650 1437 685 corruptibilibus
1463 651 1496 677 ad
1519 651 1746 685 iucorrnptibilia,
1762 652 1834 686 quod

1048 696 1099 723 erit
1116 703 1130 722 a
1146 696 1267 723 secundo
1283 696 1383 724 Christi
1407 696 1536 724 adventu.
1556 697 1600 723 Ait
1614 701 1716 728 autem,
1745 696 1833 731 qualis

1050 742 1165 776 nonfuit
1186 750 1195 768 :
1212 742 1332 769 nondum
1353 742 1426 769 enim
1448 742 1510 769 talis
1528 742 1599 770 faeta
1624 747 1666 770 est
1687 743 1802 770 mutatio
1819 751 1834 770 ιι

1050 788 1218 823 corruptibili
1245 789 1348 816 mundo
1373 789 1406 816 ad
1431 789 1665 824 incorruptibilcm
1693 793 1720 816 et
1740 789 1839 824 senipi-

1050 838 1166 860 ternum.

1085 878 1118 904 Et
1134 879 1219 906 divisa
1229 884 1268 906 est
1287 880 1379 906 ciuitas
1404 888 1511 915 ntagua.
1527 879 1657 908 Nonnulli
1672 884 1839 915 acceperunt

1052 930 1081 950 ut
1097 924 1153 951 ha-c
1163 924 1196 951 de
1207 923 1362 952 Jerusalem
1378 925 1533 953 dicerentur
1550 934 1557 952 :
1576 933 1629 953 non
1645 926 1711 953 adeo
1727 931 1838 960 propter

1053 971 1193 997 hominum
1207 970 1410 998 multitudinem
1436 975 1484 998 aut
1505 971 1652 998 maximam
1677 971 1837 1005 jactantiam

1052 1016 1260 1051 niagniticarnm
1298 1017 1528 1052 possessionum,
1555 1022 1688 1052 quantum
1730 1021 1838 1052 propter

1052 1062 1153 1090 Christi
1180 1063 1334 1096 passionem
1365 1070 1398 1090 ac
1434 1063 1702 1097 peregrinationem;
1729 1067 1839 1098 prorter

1053 1109 1126 1143 quod
1142 1108 1224 1136 etiam
1241 1116 1273 1136 ex
1285 1108 1400 1136 adverso
1412 1109 1555 1143 distinguit
1571 1109 1690 1144 reliquas
1702 1109 1838 1141 civitates,

1053 1161 1121 1188 quas
1136 1154 1221 1181 moris
1235 1145 1464 1188 estin'Seriptura
1481 1161 1578 1181 vocare.
1594 1154 1761 1189 gentilitias:
1776 1163 1838 1181 nam

1054 1199 1173 1233 reliquos
1201 1200 1325 1227 homines
1349 1202 1384 1227 ab
1399 1199 1529 1227 lsraclitis
1543 1199 1612 1227 solet
1632 1204 1725 1234 gentz-s
1749 1202 1840 1234 appel-

1053 1245 1119 1272 lare.
1140 1245 1226 1280 Httjus
1239 1250 1330 1273 autem
1354 1245 1381 1272 in
1398 1250 1452 1273 tres
1469 1250 1559 1280 partes
1571 1245 1671 1273 divisio
1697 1246 1754 1272 vult
1766 1246 1839 1273 desi-

1054 1299 1137 1326 gnare
1159 1291 1344 1319 diversitatem
1370 1298 1465 1318 eorum
1497 1291 1543 1326 qui
1564 1291 1590 1318 in
1613 1299 1643 1318 ea
1668 1291 1839 1325 habitabant,

1054 1343 1150 1371 nempe
1163 1336 1394 1367 Christianorum,
1405 1335 1575 1368 Judazorum,
1591 1335 1840 1363 Samaritanorum.

1054 1381 1112 1408 Non
1129 1382 1210 1409 fuerit
1225 1387 1315 1409 tamen
1327 1383 1549 1417 intempestivum
1557 1383 1695 1410 civitatem
1713 1390 1838 1418 magnam

1053 1428 1177 1463 aecipere
1193 1433 1352 1461 praesentem
1379 1429 1510 1455 mundum
1529 1429 1555 1456 in
1578 1433 1632 1456 tres
1661 1433 1751 1463 partes
1765 1429 1840 1456 divi-

1054 1481 1113 1501 sum
1138 1475 1172 1501 ab
1189 1475 1305 1501 adventu
1331 1474 1451 1501 Christi:
1468 1480 1533 1509 puta
1554 1474 1581 1501 in
1598 1479 1703 1508 tempus
1730 1474 1838 1509 imperii

1055 1519 1224 1552 Grzeeornm,
1242 1520 1270 1546 in
1285 1524 1392 1554 tempus
1404 1520 1546 1554 potestatis
1559 1528 1652 1553 regum
1666 1519 1839 1547 Christiano-

1057 1573 1116 1592 rum
1134 1586 1140 1598 ,
1165 1570 1192 1592 ct
1223 1564 1249 1591 in
1277 1568 1382 1599 tempus
1415 1564 1548 1591 advrntus
1577 1564 1627 1592 sul)
1661 1564 1839 1592 Antichristo.

1056 1610 1142 1637 l‘orro
1165 1609 1293 1637 cadentes
1310 1610 1429 1644 gentium
1459 1610 1593 1642 civitates,
1607 1615 1654 1637 aut
1672 1612 1754 1637 varia:
1775 1614 1842 1637 Sunt

1055 1657 1127 1684 circa
1145 1656 1205 1683 lidei
1225 1656 1353 1691 pietatem
1369 1657 1524 1691 opiniones,
1541 1664 1600 1691 quae
1612 1656 1648 1684 ob
1663 1658 1707 1684 sui
1731 1657 1839 1684 discor-

1055 1702 1127 1729 diam
1144 1701 1222 1729 facile
1233 1701 1373 1734 dccidunt,
1387 1707 1435 1729 aut
1455 1703 1637 1738 ipsaequeque
1650 1703 1784 1730 civitates.

1090 1747 1163 1780 XVI,
1180 1747 1271 1774 19-21.
1292 1747 1326 1774 Et
1344 1747 1465 1783 Babylon
1481 1757 1577 1783 magna
1602 1748 1668 1776 renit
1688 1749 1714 1775 in
1741 1757 1840 1775 mento-

1055 1795 1123 1821 riam
1149 1802 1236 1821 (aram
1256 1793 1319 1826 Deo,
1335 1799 1364 1821 ut
1387 1794 1462 1822 daret
1484 1795 1535 1829 ipsi
1550 1795 1671 1828 poculum
1689 1795 1741 1821 vini
1768 1795 1840 1821 imii-

1054 1841 1185 1876 gualionir
1201 1841 1248 1868 ira:
1261 1849 1328 1868 stur.
1344 1841 1378 1867 Et
1398 1842 1483 1868 omnis
1502 1841 1589 1868 insula
1610 1842 1688 1877 fugit,
1704 1846 1728 1868 et
1744 1848 1842 1868 ωριτες

1055 1895 1105 1914 ιιοη
1115 1891 1176 1913 sunt
1193 1887 1300 1914 inventi.
1320 1887 1404 1922 788
1419 1886 1453 1914 Et
1472 1890 1573 1922 grando
1589 1896 1686 1922 magna
1701 1888 1776 1923 quasi
1805 1893 1843 1914 ta-

1055 1933 1118 1959 lenti
1145 1934 1259 1966 pondere
1285 1933 1417 1960 descendit
1448 1934 1479 1959 de
1512 1934 1574 1960 mela
1596 1933 1623 1960 in
1645 1933 1788 1960 homines:
1817 1939 1841 1960 et

1055 1978 1300 2010 blarplicmaverunt
1334 1978 1451 2005 homines
1490 1978 1573 2005 Deum
1602 1985 1707 2013 promer
1738 1979 1842 2013 plagam

1055 2024 1204 2058 grandinis,
1220 2024 1289 2058 quod
1302 2031 1397 2059 magna
1414 2029 1479 2051 esset
1494 2024 1571 2059 plaga
1594 2024 1651 2057 eius
1669 2024 1842 2050 vehementer.

1090 2112 1254 2148 Babylonem
1281 2111 1346 2139 dicit
1375 2119 1428 2138 non
1458 2115 1576 2138 veterem
1605 2110 1730 2143 Romam,
1755 2119 1842 2146 quan-

1055 2166 1135 2193 quam
1158 2159 1185 2185 in
1209 2165 1240 2184 ea
1273 2157 1442 2192 temporibus
1468 2156 1625 2184 Graecorum
1655 2156 1732 2182 inulti
1755 2157 1841 2183 sanrti

1055 2208 1188 2239 martyres
1206 2203 1314 2238 indigna
1329 2202 1401 2237 passi
1418 2202 1472 2229 sint
1485 2209 1492 2234 ;
1520 2208 1574 2228 non
1589 2200 1717 2228 mundum
1732 2201 1841 2227 univer-

1056 2257 1128 2280 sum,
1150 2256 1305 2284 quanquam
1325 2248 1398 2275 hunc
1421 2255 1530 2275 sensum
1555 2247 1675 2274 nonnulli
1703 2254 1843 2273 commen-

1055 2296 1130 2327 dent,
1150 2303 1211 2323 cum
1235 2295 1326 2323 dictus
1349 2295 1384 2322 sit
1399 2293 1516 2329 Babylon
1539 2298 1566 2320 et
1593 2300 1689 2328 magna
1711 2292 1842 2328 Babylon,

1057 2346 1086 2369 ut
1106 2342 1153 2376 qui
1182 2341 1396 2376 magnitudinem
1414 2341 1511 2368 habeat
1529 2349 1560 2367 ex
1582 2340 1659 2367 vanis
1686 2339 1767 2374 hujus
1781 2339 1843 2366 vita!

1055 2387 1281 2422 occupationibus
1299 2394 1330 2414 ac
1341 2386 1566 2414 distractionibus
1580 2395 1586 2412 :
1603 2393 1666 2412 nam
1681 2385 1703 2412 si
1720 2385 1839 2411 mundus

1056 2439 1104 2467 per
1115 2431 1280 2467 Babylonem
1297 2431 1466 2465 signiﬁcatus
1480 2436 1564 2461 esset,
1576 2438 1636 2465 quae
1650 2433 1723 2457 esset
1740 2430 1843 2456 insula-

1057 2485 1116 2505 rum
1139 2477 1290 2504 diﬂ‘ereutia
1308 2485 1322 2504 ιι
1347 2477 1458 2511 mundo,
1474 2484 1536 2504 cum
1563 2481 1590 2504 ct
1612 2477 1676 2510 ipsa:
1697 2476 1750 2503 sint
1780 2483 1843 2510 pars

1058 2523 1172 2550 mundi?
1187 2523 1330 2558 Reliquum
1342 2524 1479 2558 estigitur
1495 2527 1524 2550 ut
1541 2523 1622 2549 aliam
1639 2521 1780 2549 verisimili
1799 2521 1842 2547 iu-

1055 2569 1201 2604 telligentia
1226 2568 1392 2605 Babylonem
1418 2568 1622 2604 intelligamus;
1650 2571 1678 2594 et
1711 2574 1773 2601 qua:
1801 2571 1843 2592 est

1056 2616 1133 2643 hinc?
1153 2615 1233 2643 Certe
1259 2623 1312 2643 non
1343 2616 1395 2643 alia
1419 2623 1502 2651 quam
1526 2609 1787 2649 Constantinopolis,
1813 2613 1841 2638 in

1056 2669 1109 2696 qua
1126 2660 1190 2688 olim
1204 2661 1310 2696 justiti-.1
1328 2661 1480 2694 colebatur,
1496 2668 1570 2687 nunc
1585 2664 1674 2687 autem
1687 2659 1713 2686 in
1725 2666 1756 2685 ea
1776 2663 1839 2684 sunt.

1058 2706 1200 2734 homicida:
1226 2715 1259 2734 ex
1281 2713 1372 2735 mutua
1396 2707 1571 2735 contentione
1590 2715 1597 2733 :
1617 2707 1681 2733 dum
1700 2706 1773 2733 cives
1800 2711 1843 2731 cc-

1057 2752 1220 2780 elesiasticis
1236 2755 1337 2788 aequari
1351 2755 1484 2786 nituntur,
1509 2754 1564 2780 imo
1582 2760 1644 2779 vero
1660 2759 1713 2778 non
1728 2751 1842 2786 :eqnari,

1057 2798 1103 2826 sed
1117 2799 1252 2834 quispiam
1271 2800 1392 2834 ipsorum
1411 2800 1551 2834 prmntium
1573 2798 1689 2833 accipiat
1703 2799 1736 2825 ad
1757 2797 1842 2832 majo-

1624 2932 1662 2961 23
