2092 3157
243 186 294 219 717

773 189 962 220 COMMENT.
985 191 1025 221 IN
1045 190 1308 222 APOCALYPSIN.

1809 195 1864 226 ’118

277 244 346 271 Μεθ’
363 241 400 279 ἧς
414 244 604 279 ἑπιψνευσαν
626 247 653 272 οἱ
676 246 815 279 ,Βασιλεῖς
844 247 898 281 τῆς
917 246 984 281 τῆς.
998 248 1030 273 Ol

1119 248 1184 275 Cum
1200 257 1253 284 qua
1275 249 1386 277 scortari
1399 253 1460 276 sunt
1487 257 1556 284 reges
1570 249 1658 277 mm.
1677 250 1765 285 Reges
1788 256 1865 278 terrae

244 290 362 325 βασιλεῖς
379 290 429 325 τῆς
451 290 501 325 γῆς
530 288 604 317 οὗτοί
620 292 689 318 είσιν
705 293 728 318 οί
745 293 849 327 γηΐνοις
871 293 1026 327 φρονήμασι

244 335 312 368 πρὸς
330 334 360 360 τὸ
377 335 510 369 συρφετὸν
526 335 572 361 τοῦ
589 336 722 371 παρόντος
744 336 801 371 βίου
818 337 1027 363 κατακυλισθέν-

241 388 298 412 τες.
314 381 351 413 ¹Οί
364 380 386 407 δ’
402 380 480 407 αὐτοὶ
495 382 543 407 καὶ
558 381 759 417 ἐμεθύσθησαν,
772 381 811 417 τῷ
832 382 869 417 μὴ
882 383 914 408 ὲκ
927 382 1027 417 μικρᾶς

242 428 289 454 καὶ
305 428 354 463 τῆς
368 429 503 463 τυχούσης
516 431 651 464 χρήσεως,
675 430 734 456 ἀλλ’
755 431 786 456 ἐκ
799 430 895 457 πολλοῦ
909 429 956 457 τοῦ
977 439 1026 457 πε-

244 474 356 510 ριόντος,
371 474 561 509 ἐμφορηθῆναι
576 476 624 510 τῆς
643 475 780 507 ἀσεϐείας,

276 519 330 546 Kal
346 519 498 553 ἀπήνεγκέ
509 529 547 554 με
568 522 610 553 είς
627 520 738 555 ἔρημον
753 521 787 547 ἐν
807 520 963 555 πνεύματι.
973 520 1028 554 Τὴν

242 564 375 598 ἐσομένην
388 564 417 589 ὲν
431 563 489 594 τοῖς
510 566 706 599 πνευματικοῖς
726 565 868 600 ἐρήμωσιν
887 565 903 599 ἡ
927 564 1028 599 θεωρία

242 609 402 642 αἰνίττεται,
418 609 452 644 ἢν
464 609 501 642 ὼς
517 612 634 644 γυναῖκα
646 611 709 637 ἰδεῖν
722 619 788 645 φησι
797 610 1028 646 διατεθηλυμένην

241 657 289 682 καὶ
300 655 337 687 ὡς
355 655 459 691 πόρνην
477 657 524 682 καὶ
537 655 680 692 ἄνανδρον,
698 657 782 692 μηδὲν
795 657 910 691 ἔχουσαν
925 665 1028 691 σωφρο-

242 702 326 736 σύνης
343 701 498 737 γνώρισμα.
523 702 560 729 Τὸ
577 702 605 729 δὲ
622 704 651 729 ὲν
675 703 810 738 πνεύματι
832 703 1027 738 ἀπενεχθῆναι,

242 748 268 774 τί
285 747 316 773 ἂν
330 746 394 774 ἄλλο
410 747 582 782 σημαίνοιεν,
598 748 615 783 ἦ
632 748 662 775 τὸ
685 747 723 784 μὴ
752 748 952 784 πραγματικῶς
968 747 1027 774 κατ’

243 795 382 829 ἐνέργειαν
397 795 483 821 ταῦτα
498 795 576 830 ὸρᾷν,
596 794 664 822 ἀλλὰ
688 794 864 830 θεωρητικῶς
875 794 1006 828 ἠξιῶσθαι
1019 803 1026 827 ;

247 840 307 874 Ἀφ’
322 838 352 867 οὗ
366 840 414 867 καὶ
428 841 512 875 ἄλλης
528 841 659 875 γυναικὸς
677 841 790 875 ι’νδαλμα
807 839 1027 875 χρηματισθῆναι

243 886 289 912 ἐπὶ
305 885 400 921 θηρίον
413 886 540 913 κόκκινον
554 886 725 921 καθημένην,
742 885 917 919 γυναῖκα“τδν
932 885 1026 921 καιρὸν

1082 293 1108 320 hi
1133 299 1208 325 sunt,
1221 295 1267 329 qui
1286 299 1394 322 terreno
1419 302 1500 322 sensu
1521 295 1554 322 ad
1575 296 1697 331 vulgaria
1725 297 1865 331 praesentis

1081 337 1142 364 vitze
1157 339 1351 366 devolvuntur.
1369 338 1401 366 lli
1425 344 1516 368 autem
1532 340 1614 367 etiam
1637 340 1764 369 inebriati
1788 346 1863 374 sunt,

1080 389 1114 409 eo
1138 383 1210 417 quod
1239 390 1292 411 non
1315 391 1347 411 ex
1366 384 1476 411 modico
1499 389 1526 411 et
1552 385 1672 418 vulgato,
1687 385 1735 413 sed
1765 393 1865 421 magno

1080 435 1130 455 usu
1145 429 1318 462 praesentium
1335 430 1470 456 satientur
1486 430 1634 464 impietate.
1903 424 1907 427 ’

1115 513 1150 540 Ει
1167 514 1277 542 abstulit
1294 523 1333 542 me
1359 515 1454 550 spiritu
1473 517 1500 542 in
1523 516 1664 544 desertum.
1681 517 1763 551 790
1788 516 1864 546 Illam

1079 560 1275 587 desolationem
1305 561 1501 596 contemplatio
1531 561 1656 596 designat
1682 570 1742 597 qum
1772 562 1864 590 futura

1079 609 1121 632 est
1141 606 1168 632 in
1192 605 1390 640 spiritualibus,
1410 614 1493 641 quam
1510 614 1540 634 se
1558 607 1658 635 vidisse
1674 608 1713 635 ait
1733 612 1863 643 tanquam

1080 650 1231 683 mulierem,
1260 659 1356 686 nempe
1381 651 1562 679 eﬁ'eminatam
1584 659 1611 680 et
1632 653 1715 681 veluti
1739 655 1864 681 meretri-

1079 702 1136 722 cem
1158 703 1191 723 ac
1217 703 1312 730 parum
1342 697 1469 730 virilem,
1500 697 1658 733 nullumque
1688 699 1864 727 continentiae

1079 741 1187 775 signum
1208 741 1364 768 habentem.
1378 742 1464 769 Porro
1478 742 1551 776 quod
1562 743 1661 777 spiritu
1674 744 1800 772 sublatus
1817 745 1862 777 sit,

1079 786 1144 819 quid
1166 786 1239 813 aliud
1266 786 1422 821 signiﬁcare
1444 792 1542 822 potest.
1555 788 1607 815 nisi
1633 789 1704 823 quod
1727 789 1785 816 haec
1809 797 1864 816 non

1078 831 1270 859 existimentur
1293 832 1372 867 digna
1400 840 1462 867 qua
1481 834 1591 860 realiter
1614 838 1641 861 et
1657 834 1717 868 ipso
1737 839 1800 861 actu
1820 835 1863 861 vi-

1079 876 1205 911 deantur,
1224 878 1271 906 sed
1296 879 1323 905 in
1339 879 1586 914 contemplatione?
1599 879 1674 907 Unde
1694 881 1775 907 etiam
1794 881 1864 908 alte-

243 930 302 956 καθ’
320 930 350 956 ὃν
374 931 461 957 ταῦτα
488 930 643 964 διεξάγεται
675 931 830 966 παριστῶν,
854 930 916 957 καθ’
934 929 964 956 ὃν
988 929 1026 965 τῷ

1079 922 1135 950 rius
1147 923 1269 950 mulieris
1284 923 1462 951 simulacrum
1473 924 1584 952 oraculo
1596 924 1779 960 signiﬁcatum
1802 933 1865 954 esse

242 976 358 1011 δεαῦόλῳ
370 977 417 1003 καὶ
432 978 533 1012 αίμοχα
539 978 580 1011 ρεί
589 976 679 1012 (τοῦτο
688 976 742 1011 γὰρ
753 976 784 1003 τὺ
797 976 922 1002 κόκκινον
929 976 1028 1012 χρῶμα

241 1021 339 1056 δηλοῦν
351 1021 489 1056 βούλεται)
505 1022 518 1048 ὁ
537 1022 582 1048 διὰ
604 1020 732 1056 πονηρῶν
751 1020 878 1055 πράξεων
900 1021 1027 1055 ἐνεργού-

244 1075 323 1101 μενος
337 1067 559 1098 ὲπαναπαύεται,
575 1066 624 1101 τῆς
636 1066 771 1100 καθέδρας
784 1065 863 1092 τοῦτο
877 1067 946 1092 νοεῖν
963 1066 1029 1092 ὑπο-

242 1112 418 1148 σαλλομένης.
448 1113 584 1148 Ὀνόματα
608 1112 636 1139 δὲ
661 1111 847 1146 βλασφημίας,
861 1111 891 1138 τδ
905 1111 944 1146 τῷ
968 1111 1028 1147 Θεῷ

244 1157 348 1193 πρέπον
366 1158 447 1190 σέὸας
461 1157 500 1193 τῷ
518 1157 633 1192 διαϐόλῳ
652 1157 818 1184 ἀνατιθέναι.

280 1285 331 1312 Καὶ
348 1285 366 1319 ἠ
381 1285 457 1320 γυνὴ
479 1282 519 1321 ἦν
543 1285 778 1320 περιϐεϐλημένη
802 1285 958 1319 πορφύραν
980 1285 1028 1312 καὶ

243 1331 396 1364 κόκκινον,
420 1331 634 1366 κεχρυσωμένη
655 1331 771 1366 χρυσίῳ
789 1331 837 1358 καί
856 1331 930 1364 λίθῳ
946 1331 1029 1365 τιμίῳ

243 1375 291 1402 καὶ
316 1376 519 1410 μαργαρίταις,
539 1375 655 1409 ἔχουσα
676 1374 820 1408 ποτήριον
842 1374 978 1409 χρυσοῦν
995 1374 1029 1400 ἐν

244 1420 280 1454 τῇ
308 1420 383 1454 χειρί
412 1420 508 1454 αὐτῆς
528 1419 620 1455 γέμον
654 1419 873 1454 ,ϐδελυγμάτων
899 1420 946 1446 καί
972 1419 1030 1446 τῶν

242 1466 415 1500 ἀκαθάρτων
423 1466 478 1500 τῆς
489 1465 628 1500 πορνείας
640 1465 695 1499 τῆς
705 1464 772 1499 γῆς,
789 1466 838 1492 καὶ
853 1465 901 1491 ἐπὶ
914 1465 947 1491 τὸ
960 1465 1030 1499 μέτ-

243 1519 326 1538 ωπον
363 1510 458 1545 αὐτῆς
488 1510 582 1545 ὄνομα
606 1510 819 1545 τετραμμένον,
842 1509 1028 1544 μυστήριον·

243 1555 387 1582 Βαϐυλὼν
402 1556 421 1589 ἡ
439 1555 566 1590 μεγάλη,
588 1555 605 1589 ἠ
623 1554 719 1589 μήτηρ
739 1554 796 1580 τῶν
816 1553 962 1588 πορνειῶν
980 1554 1030 1580 καί
1058 1556 1061 1558 ’

244 1600 303 1627 τῶν
319 1601 537 1635 βδελυγμάτων
553 1600 609 1634 τῆς
634 1599 700 1634 τῆς.
716 1600 770 1627 Καὶ
793 1597 875 1626 εἶδον
900 1599 958 1632 τὴν
975 1607 1028 1634 τυ-
1043 1590 1063 1618 c

243 1646 331 1673 νιιῐλια
344 1646 519 1680 μεθύουσαν
534 1645 586 1673 τοῦ
597 1646 721 1680 αἳματος
736 1646 794 1672 τῶν
810 1645 912 1680 ἁγίων,
923 1645 957 1672 ἐκ
974 1645 1027 1673 τοῦ

242 1692 366 1726 αἵματος
391 1691 450 1718 τῶν
463 1692 621 1726 μαρτύρων
650 1691 764 1725 Ἰησοῦ.
793 1691 847 1718 Καὶ
873 1691 1029 1726 ἐθαύμασα

244 1737 317 1764 ἰδὼν
329 1737 427 1771 αὐτὴν
438 1738 536 1772 θαῦμα
544 1737 632 1772 μέγα.
645 1738 698 1764 Kal
715 1735 779 1764 sine
789 1745 839 1772 μοι
854 1739 870 1764 ὀ
883 1737 1010 1773 ἅγγελος
1020 1747 1026 1753 ·

243 1783 295 1810 Διὰ
309 1784 337 1810 τί
346 1783 520 1818 ἐθαύμασας
529 1791 538 1815 ;

279 1828 436 1863 Πορφύραν,
456 1828 500 1855 διὰ
515 1829 545 1855 τὸ
561 1830 621 1856 κατ’
637 1828 759 1863 ἐξουσίαν
773 1829 810 1860 ὼς
833 1829 886 1855 ὑπὸ
908 1829 1024 1864 βασιλίδι

243 1875 333 1901 πάντα
347 1875 510 1910 τολμᾶσθαι.
527 1874 674 1908 Κόκκινον,
690 1874 734 1901 διὰ
757 1874 787 1901 τὸ
810 1873 916 1901 πολλῶν
944 1875 1028 1909 ἁγίων

242 1921 347 1955 αἰματα
365 1920 515 1955 ἐκκεῖσθαι.
531 1920 736 1955 Κεχρυσωμένη
747 1919 785 1951 δὲ,
803 1919 850 1946 καὶ
865 1919 969 1955 χρυσίῳ
980 1920 1028 1946 καὶ

242 1966 309 2001 λίθῳ
321 1967 405 2001 τιμίῳ
415 1965 463 1992 καὶ
473 1965 668 2000 μαργαρίταις,
680 1965 722 1991 ὃτι
742 1964 778 1995 ὡς
791 1964 915 1999 βασιλίδα
925 1965 938 1991 ὁ
950 1965 1027 1999 λόγος

240 2010 344 2045 ταύτην
365 2010 465 2044 κοσμεῖ
483 2009 580 2044 κόσμῳ
606 2009 745 2044 βασιλείῳ.
770 2009 881 2042 Μεταξὺ
898 2010 951 2044 γὰρ
974 2009 1027 2036 τῶν

241 2056 354 2091 ἅπηνῶν
391 2056 439 2082 καὶ
468 2055 731 2090 ὲνεξουσιαζομὲνων
757 2054 831 2081 ἔστιν
855 2056 950 2090 ἐνορᾷν
973 2057 1028 2087 τοῖς

241 2101 474 2135 ὲπηρεαζομένοις
487 2099 525 2131 ὡς
541 2098 652 2134 χρυσίον
668 2099 717 2133 μὲν
734 2098 879 2133 ἀκίϐδηλον
893 2098 1027 2124 ἐπανθοῦ-

243 2155 292 2173 σαν
308 2147 357 2181 τὴν
373 2146 443 2173 κατὰ
459 2145 575 2181 Χριστὸν
593 2145 695 2176 πίστιν,
712 2144 749 2176 ὼς
769 2143 842 2170 λίθον
861 2143 888 2170 δὲ
905 2145 1026 2179 τιμαλφῆ

240 2193 273 2227 τῇ
289 2190 435 2225 διαφανειᾳ.
456 2190 487 2217 τὸ
505 2189 618 2225 στερρὸν
633 2187 730 2215 ἑαυτοῦ
747 2187 955 2222 ἐκπομπεύοντα
971 2189 1027 2219 τοῖς

241 2236 394 2270 ἀγνοοῦσιν,
404 2235 442 2267 ὡς
458 2234 631 2270 μαργαρίτας
641 2233 680 2266 δὲ,
692 2233 729 2268 τῷ
737 2234 768 2259 ὲκ
779 2234 827 2267 τῆς
841 2232 1027 2267 πολυκύμονος
1039 2249 1066 2279 D

240 2283 287 2309 τοῦ
306 2282 363 2317 βίου
377 2282 433 2309 τῶν
445 2280 607 2316 πειρασμῶν
623 2279 761 2314 θαλάσσης
777 2278 918 2310 ἀναδῦναι,
930 2279 978 2305 καὶ
988 2279 1026 2313 τῷ

241 2327 369 2363 βασιλείῳ
392 2326 510 2361 Χριστοῦ
532 2325 698 2360 διαστήματι
719 2323 930 2359 ἐναρμοσϐἧναι.
947 2323 983 2349 "re
998 2323 1026 2350 δὲ

239 2373 358 2408 χρυσοῦν
372 2372 514 2406 ποτήριον,
527 2369 646 2407 χρυσοῦν
657 2370 705 2405 μὲν
718 2369 762 2396 διὰ
776 2369 805 2395 τὸ
823 2369 868 2395 τὸν
880 2369 975 2403 καιρὸν
989 2369 1026 2401 ὼς

241 2417 370 2452 βασιλείῳ
395 2416 556 2451 κρατεῖσθαι
580 2415 704 2450 δυνάμει,
726 2416 754 2441 ἐν
777 2415 810 2450 τῇ
831 2415 903 2450 χειρὶ
925 2414 965 2445 δὲ.
982 2414 1026 2441 διὰ

239 2463 270 2489 τὸ
286 2462 398 2498 ὲνεργδν
421 2461 475 2488 τῶν
503 2461 717 2496 ὑποτιθεμένων.
742 2460 874 2495 Ποτήριον
902 2460 930 2486 δὲ
961 2459 1026 2491 ἴσως

240 2510 279 2540 εἰς
298 2507 411 2540 ἔνδειξιν
434 2508 476 2534 ὅτι
499 2507 530 2533 οὐ
546 2507 617 2533 κατὰ
634 2506 725 2542 κόρον,
745 2506 802 2532 ἀλλ’
833 2507 862 2532 ἐν
888 2505 952 2542 δίψῃ
975 2506 1026 2540 τῆς

241 2554 345 2580 ἑαυτῶν
364 2553 502 2584 ἀπωλείας
527 2552 577 2588 τὴν
600 2552 700 2579 κακίαν
716 2552 904 2587 μετέρχονται.
932 2552 977 2578 me
992 2552 1026 2578 sit

241 2599 413 2634 βὸελύγματα
433 2598 544 2633 ἑαυτῆς,
562 2598 696 2630 τουτέστι,
716 2598 750 2624 τὰ
771 2597 902 2632 βδελυχτὰ
915 2597 953 2632 τῷ
967 2597 1026 2633 Θεῷ

240 2645 446 2680 ἐπιτηδεύματα
462 2643 627 2678 ὲπλήθυναν,
639 2640 678 2672 οἷς
693 2642 709 2676 ἡ
722 2641 942 2677 φιλαμαρτήμων
959 2641 1026 2676 πλην

241 2691 289 2722 θίος
313 2690 462 2721 ποτίζεται,
478 2688 516 2720 ὡς
539 2687 587 2722 ἡδὺ
601 2688 675 2722 πόμα
691 2687 787 2713 σπὼσα
812 2688 860 2722 τὴν
879 2687 1025 2722 βδελυκτὴν

242 2738 290 2771 τῆς
308 2737 444 2772 ἁμαρτίας
461 2736 545 2771 μέθην
562 2734 611 2761 καὶ
625 2735 674 2768 τῆς
699 2734 731 2760 ἐκ
750 2733 817 2761 Θεοῦ
838 2733 963 2768 πορνείας
977 2733 1025 2768 τὴν

242 2783 402 2818 βεδὴλωσιν.

276 2829 330 2856 Καὶ
345 2828 402 2855 τῶν
420 2828 593 2862 ἀκαθάρτων
614 2825 668 2860 τῆς
689 2825 754 2860 τῆς.
778 2824 893 2860 Πορνεία
919 2825 979 2859 γῆς,
995 2825 1019 2850 οἱ

239 2876 295 2906 τοῖς
312 2875 413 2909 γηῖνοις
429 2873 657 2909 προατετηκότες.
679 2871 715 2898 Οὐ
740 2871 793 2905 γὰρ
809 2869 948 2905 πορνεύειν
964 2870 1025 2896 ἔδω·

1078 967 1207 1000 ostendit,
1241 975 1304 1002 quae
1324 975 1406 1002 super
1429 968 1543 996 bestiam
1572 968 1712 995 coccinam
1741 969 1863 1002 sedebat,

1080 1012 1223 1040 mulierem
1239 1013 1394 1047 intelligens
1412 1017 1519 1048 tempus
1533 1020 1587 1048 quo
1603 1013 1661 1041 haec
1674 1014 1861 1048 designantur,

1080 1057 1106 1084 in
1124 1065 1177 1092 quo
1190 1058 1213 1086 is
1227 1058 1273 1093 qui
1286 1059 1377 1093 pravis
1389 1059 1543 1087 actionibus
1556 1063 1709 1092 exercetur,
1723 1060 1862 1088 diabolum

1079 1103 1211 1137 sanguine
1223 1104 1384 1138 gaudentem
1397 1104 1472 1138 (nam
1493 1104 1545 1132 hoc
1557 1104 1712 1140 signiﬁcare
1724 1105 1863 1133 vultcolor

1079 1149 1244 1182 purpureus)
1260 1149 1387 1182 oblectat,
1406 1149 1480 1185 quod
1505 1149 1634 1177 cathedra
1657 1150 1863 1186 intelligendum

1079 1191 1210 1226 suggerit.
1225 1191 1341 1220 Nomina
1358 1201 1421 1220 vero
1437 1194 1615 1229 blasphemia:
1628 1195 1767 1228 dicuntur,
1784 1197 1863 1223 attri-

1079 1235 1163 1264 buere
1182 1236 1292 1265 diabolo
1306 1238 1410 1266 cultum
1431 1238 1486 1266 Deo
1497 1239 1630 1267 debitum.

1115 1281 1196 1315 XVII.
1214 1282 1272 1310 4-7.
1289 1283 1323 1310 Et
1332 1284 1428 1311 mulier
1441 1289 1496 1311 erat
1514 1285 1680 1311 circumdata
1703 1293 1821 1320 purpura
1839 1290 1864 1313 et

1079 1328 1194 1361 coccino,
1204 1328 1329 1355 inaurata
1346 1337 1412 1356 auro
1428 1334 1453 1357 et
1468 1329 1555 1364 lapide
1566 1332 1682 1364 precioso
1694 1337 1717 1357 et
1732 1333 1864 1366 margari-

1080 1374 1125 1405 tis,
1145 1373 1242 1401 habens
1268 1375 1391 1409 poculum
1411 1384 1519 1402 aureum
1534 1376 1561 1402 in
1586 1385 1665 1402 manu
1682 1386 1731 1403 sua
1759 1379 1865 1411 plenum

1080 1418 1319 1447 abominationibut
1335 1425 1360 1447 et
1378 1421 1553 1448 immunditiis
1565 1421 1751 1456 fornicationis
1768 1427 1864 1455 terra;

1081 1469 1105 1490 et
1121 1473 1199 1499 super
1212 1466 1323 1500 frontem
1339 1475 1416 1493 suam
1429 1475 1521 1494 nomen
1531 1468 1668 1502 scriptum,
1684 1469 1837 1503 mysterium
1855 1476 1864 1495 :

1080 1509 1200 1544 Babylon
1212 1519 1317 1546 magna,
1331 1517 1414 1538 mater
1432 1513 1638 1547 fornicationem
1649 1518 1673 1540 et
1689 1514 1864 1542 abominatio~

1082 1564 1144 1582 num
1156 1560 1243 1583 terrm.
1258 1556 1292 1583 Et
1308 1557 1361 1584 vidi
1377 1557 1513 1585 mulierem
1530 1559 1630 1586 ebriam
1654 1562 1781 1595 sanguine
1800 1569 1865 1588 aan-

1081 1606 1192 1634 ctorum,
1216 1602 1248 1628 de
1275 1603 1403 1637 sanguine
1427 1608 1577 1638 martyrum
1599 1604 1674 1632 Jesu.
1701 1605 1734 1632 Et
1751 1608 1864 1635 miratus

1079 1655 1138 1673 sum
1151 1655 1209 1673 cum
1220 1648 1331 1674 viderem
1348 1648 1421 1675 illam
1435 1649 1612 1678 admiratione
1627 1660 1732 1685 magna.
1746 1652 1781 1679 Et
1795 1654 1864 1681 dixit

1081 1692 1143 1718 mihi
1161 1693 1268 1727 angelus
1283 1700 1292 1720 :
1308 1693 1397 1726 Quare
1407 1695 1537 1722 miraris?

1115 1823 1251 1858 Purpura,
1266 1832 1299 1852 eo
1323 1825 1395 1860 quod
1413 1827 1575 1860 potestative
1603 1827 1694 1855 omnia
1721 1828 1820 1856 audeat
1837 1830 1864 1857 in

1080 1869 1190 1895 modum
1202 1869 1301 1904 reginae
1322 1878 1328 1897 :
1345 1871 1469 1903 coccino,
1485 1878 1520 1898 eo
1538 1873 1611 1907 quod
1635 1873 1783 1902 multorum
1802 1883 1866 1903 san-

1079 1920 1186 1941 etur-um
1201 1914 1321 1942 eﬂ'nndat
1341 1916 1500 1951 sanguinem
1516 1927 1523 1945 :
1538 1917 1664 1946 inaurata
1680 1927 1744 1948 vero
1755 1925 1781 1948 et
1795 1929 1863 1948 auro

1078 1965 1104 1986 et
1120 1960 1208 1994 lapide
1219 1961 1339 1995 pretioso
1350 1966 1377 1988 et
1392 1962 1558 1997 margaritis,
1572 1964 1635 1997 quia
1649 1965 1717 1992 hanc
1733 1971 1863 2001 tanquam

1079 2005 1199 2040 reginam
1217 2006 1332 2033 adornat
1362 2015 1452 2034 sermo
1475 2012 1574 2035 ornatu
1597 2009 1681 2044 regio.
1704 2010 1771 2037 Nam
1796 2012 1866 2040 inter

1078 2049 1202 2077 crudeles
1243 2056 1272 2077 et
1310 2054 1473 2085 potestatem
1505 2058 1665 2080 exercentes
1706 2056 1866 2090 conspicere

1078 2095 1158 2122 datur
1173 2094 1274 2122 Christi
1291 2095 1370 2122 Iidem
1387 2100 1516 2130 tanquam
1527 2104 1624 2130 purum
1642 2105 1740 2125 aurum
1756 2099 1864 2135 fulgen-

1079 2143 1143 2172 tem,
1156 2144 1283 2174 tanquam
1301 2140 1416 2174 lapidem
1434 2141 1554 2176 pretiosa
1567 2143 1762 2177 perspicuitate
1774 2149 1866 2172 Osten-

1079 2189 1179 2211 tantem
1199 2192 1276 2212 suum
1295 2184 1449 2213 ﬁrmitatem
1473 2186 1514 2213 his
1542 2187 1589 2221 qui
1621 2187 1694 2215 illam
1727 2188 1863 2224 ignorant,

1080 2235 1207 2265 tauquam
1223 2231 1384 2266 margaritas
1396 2239 1461 2259 vero
1478 2238 1647 2268 emergentes
1667 2242 1681 2261 e
1697 2235 1765 2261 mari
1781 2235 1863 2268 hujus

1079 2276 1141 2302 vitae
1152 2276 1278 2310 procellis
1291 2277 1470 2304 lentationum
1493 2279 1611 2312 agitatae,
1627 2283 1654 2305 et
1671 2279 1745 2314 regio
1760 2279 1862 2307 Christi

1078 2320 1222 2348 diademati
1232 2323 1329 2357 aptari.
1345 2321 1474 2349 Poculum
1491 2327 1580 2350 autem
1596 2330 1709 2351 aureum
1727 2334 1733 2352 :
1749 2332 1862 2353 aureum

1077 2367 1199 2402 quidem,
1227 2376 1259 2395 eo
1285 2369 1358 2403 quod
1394 2373 1500 2403 tempus
1529 2370 1611 2397 veluti
1636 2371 1710 2405 regia
1741 2372 1864 2399 lirmetur

1078 2412 1218 2447 potentia;
1244 2413 1271 2440 in
1287 2421 1368 2440 manu
1386 2421 1461 2446 vero,
1480 2419 1591 2450 propter
1607 2415 1686 2450 791
1716 2415 1862 2445 eﬁicaciam

1078 2466 1172 2486 eorum
1188 2467 1249 2494 qua:
1267 2464 1426 2487 statuuntur
1442 2469 1449 2493 ;
1474 2461 1602 2496 poculum
1619 2467 1722 2493 autem.
1737 2463 1863 2491 f._rtassis

1078 2504 1111 2531 ad
1141 2506 1339 2533 ostendendum
1359 2505 1431 2541 quod
1453 2515 1505 2534 non
1525 2514 1557 2535 ex
1583 2508 1717 2540 satietate,
1739 2509 1786 2536 sed
1815 2510 1862 2536 siti

1078 2559 1133 2578 sua:
1147 2551 1309 2586 perditionis
1330 2552 1394 2579 vitia
1411 2557 1550 2588 appetant.
1582 2552 1646 2580 ideo
1662 2561 1771 2588 quoque
1797 2563 1863 2582 suas

1078 2597 1295 2625 abominationes
1305 2599 1563 2633 multiplicaverunt,
1578 2599 1602 2625 id
1614 2603 1666 2631 est,
1679 2600 1861 2628 abominanda

1079 2642 1134 2669 Deo
1159 2642 1259 2676 studia,
1277 2643 1376 2678 quibus
1401 2644 1547 2671 multitudo
1570 2650 1743 2678 peccatorum
1771 2646 1860 2674 amica

1079 2692 1196 2721 potatur,
1212 2696 1272 2723 qua:
1297 2689 1508 2716 abominandam
1530 2690 1804 2724 peccati‘ebrietatem
1833 2697 1861 2719 et

1078 2732 1266 2761 iornicationis
1282 2742 1296 2761 a
1312 2734 1367 2761 Deo
1393 2735 1651 2762 contaminationem
1669 2736 1761 2764 sorbet
1779 2738 1861 2765 \‘eluti

1077 2787 1187 2807 suavem
1204 2780 1352 2814 potionem.

1114 2824 1146 2852 Et
1185 2824 1362 2850 immunditiis
1384 2824 1569 2859 fornicationis
1602 2829 1690 2852 terrm.
1707 2824 1861 2854 Foruicalio

1079 2877 1157 2899 term
1171 2875 1234 2898 sunt
1250 2870 1276 2897 iii
1291 2870 1337 2904 qui
1357 2870 1473 2898 terrenis
1495 2871 1657 2905 agglutinati
1679 2876 1753 2899 sunt.
1768 2871 1862 2906 Neque
