2092 3157
241 181 297 213 719

646 175 809 206 ARETH/E
828 175 1016 206 CAESARE/ﬂ
1034 176 1274 208 CAPPADOCUE
1296 177 1466 208 EPISCOPI

1815 178 1869 210 ’120

244 236 318 263 enim
334 237 432 261 natura
446 231 518 260 dedit
536 235 614 259 terrae
628 230 755 263 scortari,
771 237 833 257 cum
851 231 887 257 sit
907 235 1031 257 creatura

1085 241 1132 259 κεν
1145 233 1161 267 ἡ
1178 232 1259 266 φύσις
1274 233 1309 267 γῇ
1329 231 1369 267 τῷ
1385 232 1483 267 ἀψύχῳ
1499 230 1547 258 καὶ
1566 231 1723 266 ἀναισθήτῳ
1738 231 1869 269 δημιουρ-

246 278 367 306 inanima
379 281 405 304 et
414 275 653 304 insensata.Porro
667 281 749 308 super
767 274 883 301 frontem
896 274 1029 308 scriptum

246 331 307 352 esse
323 329 434 354 nomen,
452 320 587 355 signiﬁcat
603 319 708 354 absque
729 319 784 346 ullo
803 319 902 346 rubore
924 319 1031 353 operari

247 367 425 395 exsecranda.
448 365 561 392 Matrem
595 371 660 391 vero
685 363 898 391 fornicationum
918 370 1030 395 vocans,

200 408 206 413 ’
244 419 354 440 rursum
376 417 568 445 quamcunque
594 409 725 441 volueris,
753 409 811 436 sive
840 413 956 436 veterem
980 408 1032 435 Bo-

242 465 326 490 mam,
342 457 399 484 sive
408 463 520 486 novam,
538 455 595 482 sive
612 459 722 488 tempus
742 453 805 480 vita:
820 453 995 486 Antichristi,
1015 460 1030 481 a

241 509 306 529 vero
321 502 449 529 aberrare
466 508 520 527 non
538 500 640 534 poteris
657 508 664 526 :
679 507 712 526 eo
721 499 793 534 quod
809 499 923 533 singula:
941 499 1030 534 impe-

241 548 312 575 rium
330 551 511 582 susceperunt
525 546 640 573 aliarum
652 545 807 577 civitatum,
819 550 846 572 et
863 552 1031 579 unaquaeque

241 594 338 620 satiata
349 597 390 620 est
405 592 537 627 sanguine
553 597 713 619 satictornm
731 582 892 625 martyrum.

277 638 312 665 Et
335 639 448 664 miratus
473 646 543 664 sum.
559 636 714 663 Verisimile
733 641 792 663 erat
814 637 915 663 bonum
932 640 958 662 et
980 635 1030 661 hu-

241 690 352 710 manum
365 683 464 713 virum,
473 686 501 708 et
509 681 603 716 majori
619 689 701 715 quam
713 681 766 708 dici
778 681 861 715 possit
870 685 1030 708 mansuetu-

241 729 304 756 dine
316 727 450 760 dotatum,
464 735 525 754 eum
545 727 680 754 feritatem
698 727 852 754 intueretur
874 725 1029 753 bestialium

241 774 395 806 hominum,
411 774 529 800 maximo
541 777 652 808 stupore
666 773 751 800 fuisse
762 777 923 805 occupatum
940 781 946 798 :
966 778 1028 798 nam

240 821 294 847 hoc
323 820 493 847 demonstrat
522 819 594 854 quod
628 819 679 850 ait,
716 819 891 845 admiratione
921 825 1028 851 mugitu.

240 865 317 898 Quod
330 870 421 892 autem
446 864 541 891 beatus
562 865 606 891 hic
618 863 738 891 Joannes
754 863 909 898 Theologus
924 862 1029 897 simpll-

239 911 361 939 cioribus
379 918 412 938 ac
427 909 578 938 mansuetis
591 914 664 937 esset
681 909 815 941 moribus,
838 908 924 943 ipsius
947 908 1027 935 docet

240 956 353 983 historia
370 956 463 990 (quam
475 956 501 982 in
518 955 571 982 ﬁne
588 955 669 990 hujus
686 955 749 982 libri
764 962 796 982 ex
812 954 906 982 Gnaeo
920 960 1026 981 versam

239 1000 429 1036 reddidimus).

530 1057 644 1086 CAPUT
659 1057 727 1085 LIV.

239 1112 316 1146 Quod
332 1113 440 1148 angelus
457 1114 542 1141 visum
559 1115 592 1155 ab
616 1115 673 1155 ipso
693 1115 847 1150 mysterium
867 1114 1025 1149 interpreta-

575 1153 617 1175 tus
641 1153 685 1176 sit.

273 1203 356 1235 XVII,
369 1203 442 1230 ΤΗ.
456 1202 511 1237 Ego
525 1203 612 1230 dicam
626 1204 673 1230 tibi
698 1205 852 1239 mysterium
868 1206 986 1233 mulieris
1000 1210 1025 1233 et

238 1250 329 1277 bestia!
337 1257 392 1284 qua
415 1254 500 1283 portat
516 1258 586 1279 eam.
604 1257 662 1284 quae
676 1250 752 1277 habet
774 1251 862 1285 capita
883 1256 980 1286 septem
998 1257 1023 1279 et

223 1302 337 1335 'cornua
353 1294 453 1322 decem.
471 1294 560 1321 Bestia
575 1303 653 1328 quam
668 1295 758 1322 vidisti
769 1296 854 1330 [uitet
875 1304 926 1322 non
937 1301 987 1328 est,
999 1302 1023 1323 et

237 1348 380 1368 ascensura
403 1341 486 1367 estde
504 1341 611 1375 abysso,
631 1347 654 1367 et
666 1341 693 1367 in
709 1342 882 1374 perditionem
900 1342 980 1369 radit.
992 1341 1024 1368 Et

237 1385 443 1411 admirabuntur
459 1385 607 1412 habitantes
622 1386 650 1412 in
666 1390 748 1418 terra,
765 1395 874 1421 quorum
900 1395 951 1413 non
963 1391 1022 1413 runt

238 1431 341 1466 scripta
362 1432 471 1458 nomina
486 1432 513 1458 in
530 1431 598 1459 libro
613 1433 672 1458 rita-
684 1441 700 1458 a
723 1434 908 1460 constitutione
921 1433 1022 1466 mundi,

239 1477 356 1504 videntes
369 1476 478 1503 bestiam
491 1485 550 1512 qna:
559 1482 617 1504 erat
629 1482 654 1504 et
666 1486 717 1504 non
729 1484 767 1505 est
778 1479 904 1506 etaderit.
920 1478 971 1505 llic
985 1483 1023 1506 est

235 1521 409 1557 intelligentia
426 1530 485 1556 quia
501 1521 577 1549 habet
587 1523 754 1556 sapientiam.
767 1522 868 1557 Septem
883 1524 969 1558 capita
980 1532 1022 1551 se-

1083 278 1199 313 γήματι.
1215 278 1251 304 Τὸ
1265 278 1293 304 δὲ
1309 278 1355 304 ἐπὶ
1370 277 1401 304 τὸ
1415 277 1541 313 μέτωπον
1555 277 1710 313 γεγράφθαι
1728 277 1823 312 ὄνομα,
1838 278 1870 304 τδ

1084 322 1356 357 ἁτιηρυθριασμὲνως
1375 321 1451 356 δηλοῖ
1467 321 1598 356 πράττειν
1612 322 1646 348 τὰ
1660 322 1787 348 ἀπαίσια.
1803 322 1865 357 Μη-

1082 366 1148 401 τέρα
1163 367 1191 392 δὲ
1204 367 1259 392 τῶν
1275 366 1383 401 πορνῶν
1397 366 1497 398 καλῶν,
1510 367 1543 401 ἣν
1556 366 1589 392 ἂν
1607 366 1690 401 βούλῃ
1707 366 1798 398 πάλιν,
1813 367 1869 392 εἴτε

1081 412 1131 447 τὴν
1146 412 1266 439 παλαιὰν
1287 411 1408 447 Ῥώμην,
1424 412 1479 438 εἴτε
1492 412 1541 446 τὴν
1557 412 1631 444 νέαν,
1644 412 1700 438 εἴτε
1715 411 1761 438 τὸν
1774 412 1869 446 καιρδν

1081 457 1130 491 τῆς
1147 456 1296 491 ἐπιδημίας
1309 456 1357 482 τοῦ
1380 456 1578 491 Ἀντιχρίστου,
1609 456 1660 482 οὐκ
1679 455 1712 482 ἂν
1740 456 1867 490 ἁμάρτῃς

1081 502 1128 528 τοῦ
1141 502 1353 537 ἀληθοῦς,-διότι
1368 503 1523 537 ἀμφότεραι
1543 501 1573 528 τὸ
1594 502 1693 537 κράτος
1710 501 1868 533 ἀνεδέξαντο

1080 546 1135 573 τῶν
1160 547 1247 574 ἄλλων
1266 547 1380 579 πόλεων,
1409 547 1457 574 καὶ
1484 547 1588 581 ἑκάστη
1613 547 1692 581 κόρον
1723 546 1785 581 ἔσχε
1814 546 1868 572 τῶν

1083 591 1170 624 ἁγίων
1189 592 1339 627 μαρτύρων
1352 591 1398 618 τοῦ
1413 592 1539 627 αἵματος.

1118 637 1170 664 Kal
1184 638 1340 672 ἐθαύμασα
1354 638 1435 664 ἰδών.
1453 637 1531 669 Εἰκὸς
1551 635 1586 672 ἦν
1601 638 1703 671 ἀγαθὺν
1724 638 1806 672 ἄνδρα
1821 638 1867 663 καὶ

1081 684 1199 718 χρηστὸν
1215 685 1262 710 καὶ
1276 685 1414 720 πραΰτητι
1428 684 1483 710 οὐδ’
1499 685 1549 720 ὅσῃ
1561 684 1648 711 εἰπεῖν
1665 683 1866 718 συγχροτούμε-

1080 738 1125 756 νον
1156 730 1307 765 ἀγριότητα
1333 730 1439 765 ὁρῶντα
1476 730 1617 766 θηριωδῶν
1644 730 1796 765 ἀνθρώπων
1827 730 1864 764 μὴ

1081 775 1287 810 ὑπερϐαλλούσῃ
1300 775 1430 810 ἐκπλήξει
1444 775 1612 810 κατάσχετον
1629 776 1766 809 γενέσθαι.
1780 775 1865 801 Τοῦτο

1079 819 1134 854 γὰρ
1145 820 1184 851 τό,
1204 820 1280 854 μέγα
1295 821 1405 854 θαῦμα,
1419 820 1557 855 ἐμφαίνει.
1574 821 1634 846 Ὅτι
1648 820 1676 846 δὲ
1693 819 1820 850 ἁπλοϊκὸς
1836 819 1866 844 τὺ

1079 862 1144 900 ἦθος
1159 866 1173 891 ὁ
1188 865 1322 900 μακάριος
1337 862 1414 896 οὗτος
1437 866 1564 900 Ἰωάννης
1578 867 1592 892 ὁ
1609 865 1750 899 Θεολόγος,
1767 865 1783 900 ἡ
1801 865 1866 899 περὶ

1044 899 1065 926 Β
1080 910 1162 937 αὑτοῦ
1178 911 1284 946 ἱστορία
1297 910 1428 938 διδάσκει.

1365 1055 1488 1082 ΚΕΦΑΛ.
1505 1054 1567 1082 NA'.

1080 1115 1180 1148 Ὅπως
1202 1115 1219 1141 δ
1253 1113 1379 1148 ἄγγελος
1404 1112 1443 1148 τὸν
1464 1112 1572 1146 ὀραοὲν
1597 1110 1677 1143 αὑτῷ
1694 1110 1864 1145 μυστήριον

1366 1147 1570 1182 ἡρμήνευσεν.

1119 1205 1193 1241 Ἐγὼ
1207 1204 1263 1239 ἐρῶ
1277 1212 1327 1232 σοι
1341 1203 1375 1231 τὸ
1389 1203 1558 1238 μυστήριον
1576 1202 1631 1237 τῆς
1644 1202 1797 1237 γυναικὸς.
1813 1201 1863 1229 καὶ

1078 1251 1131 1278 τοῦ
1144 1251 1248 1284 θηρίου
1261 1250 1314 1277 τοῦ
1324 1249 1529 1282 βαστάζοντος
1544 1248 1651 1282 αὐτὴν,
1668 1247 1721 1274 τοῦ
1737 1248 1861 1281 ἔχοντος

1078 1297 1131 1329 τὰς
1143 1296 1218 1323 ἑπτὰ
1233 1296 1367 1330 κεφαλὰς
1379 1295 1429 1322 καὶ
1441 1295 1476 1321 τὰ
1489 1294 1561 1321 δέκα
1569 1294 1686 1328 κέρατα.
1705 1293 1742 1320 Τὸ
1758 1293 1861 1326 θηρίον

1077 1342 1093 1367 ὃ
1111 1341 1189 1373 εἶδες
1201 1341 1241 1375 ἧν
1261 1341 1310 1368 καὶ
1326 1342 1381 1367 οὐκ
1403 1340 1480 1370 ἐστι,
1501 1340 1549 1366 καὶ
1567 1339 1672 1374 μέλλει
1690 1339 1862 1366 ἀναϐαίνειν

1076 1387 1111 1413 ἐκ
1129 1386 1184 1421 τῆς
1198 1387 1348 1419 ἀϐύσσου,
1370 1385 1419 1412 καὶ
1442 1386 1485 1418 εἰς
1501 1384 1654 1412 ἀπώλειαν
1674 1383 1791 1418 ὑπάγει.
1808 1383 1863 1410 Kal

1077 1432 1281 1467 θαυμάσονται
1298 1433 1324 1458 ol
1338 1431 1547 1463 κατοικοῦντες
1562 1431 1609 1457 ἐπὶ
1625 1429 1677 1464 τῆς
1688 1430 1755 1465 γῆς,
1770 1427 1814 1456 ὧν
1826 1431 1862 1456 οὐ

1077 1479 1236 1514 γέῃιαπται
1255 1478 1291 1505 τὰ
1310 1478 1440 1512 ὀνόματα
1455 1477 1505 1504 ἐπι
1519 1477 1551 1504 τὸ
1572 1476 1694 1509 βιϐλίον
1715 1474 1769 1509 τῆς
1787 1475 1861 1508 ζωῆς

1076 1525 1134 1553 ἀπὸ
1154 1523 1324 1558 καταϐολῆς
1346 1524 1473 1558 κόσμου,
1494 1523 1664 1556 ,βλέποντες
1690 1521 1734 1548 ὅτι
1757 1519 1796 1557 ἦν
1827 1521 1860 1548 τὸ

235 1572 305 1602 ptent
320 1572 419 1594 mentea
437 1567 518 1602 792
534 1572 595 1594 sunt
610 1576 689 1603 super
704 1577 768 1603 quos
788 1568 882 1595 mulier
901 1569 983 1601 sedet,
997 1573 1020 1595 et

1076 1571 1177 1606 θηρίον
1196 1570 1245 1597 καὶ
1266 1571 1320 1597 οὐκ
1344 1570 1421 1601 ἐστι,
1435 1569 1484 1596 καὶ
1502 1571 1658 1603 παρέσται.
1675 1564 1744 1594 Ὧδε
1759 1569 1775 1594 ό
1789 1567 1862 1599 νοῦς

235 1619 333 1648 septem
345 1621 416 1648 reges
432 1618 503 1639 sunt.
521 1613 641 1648 Quinque
656 1615 816 1646 ceciderunt,
837 1622 904 1641 unus
920 1620 969 1647 est,
997 1621 1022 1642 et

235 1659 305 1686 alius
324 1659 438 1685 nondum
454 1659 521 1685 venit
534 1666 544 1690 ;
559 1663 583 1685 et
593 1667 651 1685 eum
666 1660 773 1691 venerit,
786 1664 886 1694 oportet
900 1660 976 1686 illum
989 1660 1023 1686 ad

236 1707 310 1732 breve
323 1709 423 1738 tempus
436 1712 549 1731 manere.
565 1704 599 1730 Et
616 1705 696 1731 bestia
710 1713 768 1740 qua:
785 1710 842 1732 erat
856 1711 880 1732 et
899 1713 951 1732 non
971 1710 1021 1739 est,

235 1756 259 1777 et
279 1751 332 1785 ipse
346 1755 452 1777 octavus
473 1755 523 1782 est,
538 1751 604 1778 etde
621 1756 717 1785 septem
732 1756 781 1784 est,
800 1756 825 1778 et
841 1751 868 1779 in
884 1752 1022 1780 interitum

235 1795 320 1824 vadit.

270 1925 360 1953 Bestia
379 1930 421 1954 est
436 1926 561 1955 diabolus
579 1936 586 1954 :
604 1927 688 1962 erepit
702 1931 729 1955 et
747 1934 802 1955 non
821 1931 872 1960 est,
892 1931 1022 1962 tanquam

235 1979 266 1999 ea
282 1979 342 2007 quae
358 1972 410 2000 sub
427 1972 504 1999 lance
526 1973 663 2007 proposita
681 1977 745 2000 sunt
760 1977 788 2000 ut
805 1973 918 2000 omnino
936 1980 1024 2001 trans-

234 2022 306 2046 eant.
332 2018 394 2045 Ideo
410 2018 474 2049 fuit,
494 2018 591 2053 inquit,
611 2018 696 2046 bestia
719 2027 779 2054 quae
799 2027 873 2046 nunc
888 2027 942 2046 non
958 2019 1023 2047 sub-

236 2065 319 2097 sistit,
333 2064 405 2092 unde
417 2063 591 2091 manifestum
607 2068 649 2092 est
667 2065 738 2099 quod
748 2065 785 2092 sit
799 2065 934 2098 diabolus,
944 2065 1022 2100 juxta

235 2110 260 2136 id
269 2111 340 2145 quod
350 2110 453 2137 dictum
464 2114 506 2137 est
516 2119 523 2138 :
535 2119 545 2134 ί
558 2110 725 2145 Principium
735 2112 838 2138 viarum
852 2111 998 2139 Domini".
1009 2122 1019 2138 ›

234 2154 312 2183 Nune
332 2161 421 2183 autem
440 2163 493 2183 non
510 2160 563 2188 est,
591 2156 654 2191 quia
679 2157 788 2184 occisus
801 2161 843 2184 est
858 2158 947 2192 quoad
964 2157 1019 2184 elli-

233 2202 337 2229 caciam
365 2203 518 2234 actionum,
532 2210 580 2236 per
613 2202 758 2229 adventum
788 2202 912 2231 Christi:
933 2211 1020 2238 neque

233 2249 305 2275 enim
323 2247 554 2282 quemadmodum
579 2253 642 2275 ante
668 2249 741 2275 hunc
755 2247 889 2275 eﬂiciebat
919 2253 948 2276 ut
972 2249 1018 2276 lilii

237 2293 377 2320 hominum
391 2298 418 2320 et
433 2294 492 2320 tilia:
506 2301 554 2328 per
567 2294 692 2321 victimas
703 2293 868 2321 oﬂ‘errentur
893 2294 1024 2322 daemoni-

235 2339 287 2366 bus
315 2339 459 2373 ipsorum,
493 2340 529 2366 ita
561 2339 618 2373 jam
649 2344 709 2374 post
744 2339 844 2367 Christi
879 2340 1022 2366 adventum

234 2384 306 2420 potis
326 2389 370 2411 est
399 2384 456 2411 haec
484 2383 600 2412 edicere.
620 2385 773 2412 Ascendere
793 2393 857 2412 vero
874 2382 975 2412 dicitur
990 2385 1023 2412 de

233 2430 344 2465 abysso,
363 2437 411 2464 per
434 2431 579 2457 adventum
598 2431 768 2458 Antichristi.

269 2474 302 2502 Et
318 2475 345 2501 in
354 2475 530 2510 perditionem
551 2477 634 2504 vadit.
664 2477 852 2505 -Perditionem
874 2477 949 2509 dicit,
969 2484 1023 2504 non

233 2524 262 2547 ut
271 2528 326 2547 non
341 2521 387 2554 sit,
401 2521 447 2548 sed
461 2523 716 2549 condemnationem
732 2523 797 2550 dicit
810 2522 843 2550 ad
858 2522 1020 2557 gehennam.

268 2565 302 2593 Et
322 2566 527 2594 admirabuntur
542 2568 691 2595 habitantes
705 2569 732 2595 in
745 2573 827 2596 terra.
844 2569 1024 2596 Admirabun-

232 2618 278 2640 tur
300 2613 394 2640 bestiae
419 2615 604 2649 praesentiam,
623 2623 677 2642 non
704 2615 791 2642 solum
817 2615 886 2650 quod
913 2615 1022 2650 perierit

231 2665 258 2687 et
281 2661 420 2695 quomodo
437 2661 544 2693 vixerit,
561 2661 607 2688 sed
631 2661 714 2688 etiam
735 2661 806 2696 quod
829 2661 969 2688 advenerit
990 2661 1016 2687 in

231 2707 316 2742 signis
326 2707 428 2734 erroris
443 2715 475 2735 ac
488 2707 669 2742 deceptionis.
688 2707 719 2734 Et
731 2708 775 2742 qui
792 2706 1018 2734 admirabuntur?

231 2751 283 2784 Qui
297 2751 421 2780 habitant
436 2753 462 2780 in
489 2758 572 2786 terra,
589 2753 622 2780 de
639 2753 739 2788 quibus
753 2753 791 2780 ait
808 2752 893 2780 Isaias
910 2761 916 2779 :
939 2762 947 2778 ι
959 2752 1016 2779 Non

231 2797 371 2830 cademus,
405 2800 543 2835 inquiunt,
569 2800 617 2827 sed
644 2800 743 2828 cadent
776 2799 822 2834 qui
845 2799 967 2826 habitant
987 2798 1014 2826 in

265 2874 288 2890 "’
305 2875 356 2903 Job
369 2884 413 2909 XL,
424 2876 466 2904 Η.

1075 1618 1092 1644 ὁ
1108 1617 1186 1650 ἔχων
1200 1616 1324 1650 σοφίαν.
1338 1617 1370 1642 Al
1390 1615 1465 1642 ἑπτὰ
1479 1614 1607 1649 κεφαλαὶ
1619 1613 1693 1640 ἑπτὰ
1705 1613 1757 1647 ὄρη
1770 1612 1860 1644 εἰσὶν,

1076 1661 1153 1688 ὅπου
1171 1662 1190 1695 ἠ
1213 1660 1290 1695 γυνὴ
1311 1660 1435 1693 κάθηται
1459 1660 1506 1686 ἐπ’
1521 1659 1629 1691 αὐτῶν,
1648 1658 1696 1685 καὶ
1721 1658 1860 1690 ,Βασιλεῖς

1074 1708 1155 1734 εἰσιν
1163 1706 1248 1734 ἑπτά.
1264 1708 1297 1733 Ol
1313 1706 1403 1733 πέντε
1418 1707 1541 1738 ἔπεσον,
1557 1706 1572 1731 ό
1584 1701 1627 1736 εἷς
1634 1704 1753 1736 ἕστιν,ό
1766 1703 1862 1736 ἄλλος

1074 1753 1156 1780 οὔπω
1175 1750 1260 1787 ἦλθε.
1285 1752 1339 1779 Kal
1357 1751 1429 1778 ὅταν
1457 1752 1549 1784 ἔλθῃ,
1574 1751 1678 1784 ὀλίγον
1701 1749 1746 1775 δεῖ
1767 1750 1862 1776 αὐτὸν

1071 1797 1182 1834 μεῖναι.
1199 1798 1252 1826 Kal
1269 1797 1301 1824 τὸ
1322 1798 1428 1831 θηρίον
1439 1796 1454 1823 ὃ
1470 1794 1510 1832 ἦν
1525 1795 1572 1823 καὶ
1585 1796 1639 1822 οὐκ
1655 1795 1730 1827 ἐστι,
1743 1794 1792 1821 καὶ
1812 1795 1851 1821 αὑ

1073 1843 1125 1877 τὸς
1142 1843 1248 1878 ὄγδοός
1262 1843 1337 1874 ἐστι,
1359 1843 1408 1869 καὶ
1429 1842 1463 1869 ἐκ
1479 1841 1538 1868 τῶν
1556 1841 1631 1869 ἑπτά
1654 1841 1730 1874 ἐστι,
1746 1840 1795 1868 και
1818 1842 1861 1873 εἰς

1074 1890 1226 1918 ἀπώλειαν
1241 1889 1359 1923 ὑπάγει.

1109 1935 1210 1970 Θηρίον
1225 1936 1238 1961 ὸ
1252 1934 1373 1966 διάῦολος
1386 1941 1393 1949 ⁸
1411 1933 1513 1968 ἤρξατο
1528 1933 1574 1960 καὶ
1591 1933 1640 1960 οὐκ
1654 1933 1738 1964 ἔστιν,
1765 1932 1859 1967 ὥσπερ

1074 1981 1126 2007 ὑπὸ
1144 1981 1241 2007 πίνακι
1267 1978 1498 2015 προεκτεθειμένα
1524 1977 1638 2009 ἐντελῶς
1655 1977 1793 2010 διεξιέναι.
1815 1977 1860 2003 Διό

1075 2034 1169 2061 φησιν,
1181 2022 1236 2052 Ἦν
1253 2024 1284 2051 τὺ
1303 2023 1407 2059 θηρίον,
1424 2024 1454 2050 οὐ
1472 2022 1520 2050 νῦν
1537 2023 1731 2057 ὑφιστάμενον.
1750 2022 1809 2056 Ἀφ’
1828 2019 1859 2049 οὗ

1074 2071 1164 2106 δῆλον,
1177 2070 1214 2101 ὼς
1227 2071 1240 2096 ὁ
1255 2069 1378 2101 διάϐολός
1392 2070 1476 2095 ἐστιν·
1490 2076 1500 2094 t
1523 2067 1607 2103 Ἀρχὴ
1622 2068 1676 2104 γὰρ
1691 2067 1860 2103 πλασμάτων

1074 2115 1121 2142 τοῦ
1138 2116 1252 2150 Κυρίου,
1272 2125 1280 2141 ι
1298 2115 1370 2142 κατὰ
1386 2114 1416 2140 τὺ
1432 2113 1589 2149 εἰρημένον.
1610 2113 1667 2139 οὐκ
1682 2112 1743 2139 ἐστι
1760 2113 1787 2139 δὲ
1801 2112 1859 2146 νῦν,

1074 2163 1115 2189 ὅτι
1131 2161 1311 2192 ἀποκτανοεῖς
1325 2161 1374 2192 τὰς
1390 2156 1533 2196 ἐνεργείαξ
1543 2161 1576 2195 τῇ
1594 2159 1640 2186 τοῦ
1657 2158 1776 2194 Χριστοῦ
1799 2160 1860 2185 ἐπι-

1074 2207 1168 2242 δημίᾳ,
1181 2206 1217 2231 Οὺ
1233 2205 1287 2240 γὰρ
1301 2204 1337 2235 ὡς
1355 2204 1408 2239 πρὸ
1423 2203 1525 2238 ταύτης
1539 2203 1650 2238 ἐνήργει
1665 2204 1740 2234 υἱοὺς
1757 2203 1861 2238 ἀνθρώ-

1075 2260 1134 2278 πων
1153 2251 1199 2278 καὶ
1213 2250 1367 2285 Θυγατέρας
1382 2251 1438 2280 τοῖς
1454 2247 1551 2276 ἑαυτοῦ
1566 2249 1673 2283 δαίμοσι
1695 2249 1739 2275 διὰ
1760 2248 1860 2275 θυσιῶν

1075 2296 1344 2333 παρασκευάζεσθαι,
1369 2295 1456 2327 οὕτως
1473 2295 1524 2331 ἠδη
1549 2294 1636 2321 ταῦτα
1649 2296 1696 2321 καὶ
1715 2294 1784 2329 μετὰ
1809 2295 1859 2329 τὴν

1074 2343 1193 2379 Χριστοῦ
1208 2342 1361 2379 παρουσίαν
1377 2339 1432 2373 οἷός
1448 2350 1476 2368 τε
1492 2342 1625 2377 ἐνεργεῖν.
1649 2341 1818 2367 ’Λναὸαίνειν
1831 2341 1859 2368 δὲ

1073 2389 1182 2422 λέγεται
1198 2389 1230 2414 ἐκ
1246 2389 1298 2422 τῆς
1320 2386 1451 2418 ἀϐύσσου,
1477 2387 1511 2421 τῇ
1537 2385 1670 2421 ἐπιδημίᾳ
1694 2385 1741 2412 τοῦ
1772 2385 1858 2412 Ἀντια

1072 2433 1192 2469 χριστου.

1110 2479 1163 2506 Καὶ
1180 2480 1223 2512 εὶς
1245 2478 1398 2505 ἀπώλειαν
1426 2477 1543 2511 ὑπάγει.
1572 2476 1732 2508 Ἂπώλειαν,
1758 2477 1788 2503 οὺ
1807 2476 1858 2511 τὴν

1071 2525 1251 2559 ἀνυπαρξίαν,
1273 2523 1341 2550 ἀλλὰ
1359 2524 1408 2559 τὴν
1429 2524 1458 2549 ὲν
1474 2523 1571 2559 γεέννῃ
1588 2523 1750 2558 κατάκρισιν
1772 2523 1854 2556 λέγει.

1105 2570 1159 2598 Kal
1174 2570 1379 2605 θαυμάσονται
1391 2571 1418 2596 οἱ
1432 2569 1644 2602 κατοικοῦντες
1659 2569 1708 2596 ἐπὶ
1721 2568 1776 2602 τῆς
1787 2568 1853 2603 γῆς.

1070 2615 1263 2651 Θαυμάσονται
1276 2614 1326 2651 τὴν
1348 2613 1395 2641 τοῦ
1411 2614 1506 2650 Θηρίου
1532 2614 1692 2650 παρουσίαν,
1721 2615 1751 2640 οὒ
1775 2614 1854 2649 μόνον

1071 2661 1111 2687 ὅτι
1129 2660 1250 2687 ἀπόλωλε
1266 2661 1312 2687 καὶ
1330 2660 1388 2691 πῶς
1400 2660 1444 2696 ζῇ,
1460 2660 1528 2687 ἀλλὰ
1545 2661 1592 2687 καὶ
1608 2661 1650 2686 ὅτι
1667 2660 1853 2695 παραγέγονεν

1072 2707 1100 2733 ἐν
1112 2707 1221 2743 τέρασιν
1235 2707 1352 2742 ἀπάτης.
1368 2706 1446 2736 Τίνες
1457 2706 1485 2732 δὲ
1496 2706 1699 2741 θαυμάσονταις
1714 2707 1744 2733 οἱ
1761 2713 1852 2732 κατοι-

1071 2755 1181 2785 κοῦντες
1198 2754 1244 2780 ἐπὶ
1263 2754 1313 2788 τῆς
1330 2754 1392 2788 γῆς,
1408 2753 1473 2789 περὶ
1491 2749 1529 2779 ὧν
1547 2754 1594 2779 καὶ
1627 2753 1741 2784 Ἡσαΐας
1753 2752 1851 2788 φησιν·

1073 2809 1082 2826 ι
1105 2801 1142 2827 Οὐ
1160 2800 1328 2835 πεσούμεοα,
1341 2800 1408 2827 ἀλλὰ
1425 2799 1570 2826 πεσοῦνται
1586 2800 1610 2826 ol
1625 2799 1790 2831 ἐνοικοῦντες
1807 2797 1854 2824 ἐπὶ
