2092 3157
225 181 275 213 721

752 182 946 213 COMMENT.
967 181 1006 211 IN
1028 180 1292 213 APOCALYPSIN.

1793 183 1849 216 722

225 241 273 274 τῆς
290 239 352 274 γῆς.
381 249 390 265 ι
409 238 530 266 Τοιοῦτοι
549 239 577 266 δὲ
592 239 616 266 οἱ
638 240 804 275 ἀστήρικτοι)
830 240 938 274 ἔχοντες
961 238 1010 273 τὴν

1063 243 1134 267 terra
1156 240 1188 267 ⁵⁸.
1209 250 1219 266 ι
1246 239 1326 267 Tales
1342 244 1433 267 autem
1448 243 1513 268 sunt
1530 239 1575 275 qui
1591 240 1698 267 ﬁrmum
1715 247 1768 266 non
1795 241 1846 267 ha-

226 286 317 320 βάσιν,
333 285 381 312 ἅτε
403 285 440 321 μὴ
457 286 504 311 ὲπὶ
523 285 573 320 τὴν
590 285 694 319 πέτραν
714 285 831 320 Χριστὸν
847 285 1010 320 τεθεμελιω-

226 335 312 370 μένοι.
325 335 518 370 Θαυμάσονται
535 335 581 362 οὖν
590 335 637 361 καὶ⁸
653 334 699 361 νῦν
709 331 781 361 οὗτοι
798 333 823 360 οἳ
838 333 883 360 διὰ
896 333 926 358 τδ
941 340 1011 366 χαμ-

225 381 308 415 ερπὲς
328 381 388 408 οὐδὲ
402 382 435 416 τῇ
454 380 539 416 βίϐλῳ
554 380 610 416 (59)
629 380 682 407 τῶν
696 379 805 412 ζώντων
820 378 992 414 ἐγράφησαν.

258 470 291 495 Al
317 468 392 495 ἑπτὰ
406 458 534 503 κεφαλαὶ
551 467 627 495 ἑπτὰ
651 467 705 502 ὄρη
722 467 813 495 εισίν.
839 467 909 502 Ὀρη
930 467 1008 498 εἰσὶν,

225 515 291 541 ὅπου
307 515 323 549 ἠ
340 514 408 549 γυνὴ
429 514 556 550 κάθηται.
585 514 704 540 Γυναῖκα
719 513 842 548 ἔφθημεν
869 513 1011 548 εἰρηκότες

225 561 263 592 ὡς
277 561 322 587 τὸν
347 560 466 596 φθαρτὸν
488 560 582 587 τοῦτον
605 561 661 595 βίον
674 560 741 595 φησὶ
767 560 850 595 θῆλυν
866 561 914 587 καὶ
929 559 1011 595 μηδὲν

225 606 353 641 ἀνδρικὸν
369 606 560 640 ἐπιφαίνοντα.
581 607 653 641 Ὀριη
667 606 695 633 δὲ
713 606 762 633 καὶ
785 606 905 640 κεφαλὰς
929 606 1009 638 ἑπτὰ,

224 652 326 683 τόπους
342 652 485 686 ἡγούμεθα
494 652 523 678 ὲν
537 652 657 687 ὑπεροχῇ
672 652 718 678 καὶ
733 652 880 687 δυναστείᾳ
891 653 1010 687 κοσμικῇ

224 698 288 728 τοὺς
307 697 417 728 λοιποὺς
435 698 587 732 ἐξέχοντας,
610 697 652 731 ἐφ’
671 697 718 729 οὓς
738 698 809 724 κατὰ
836 698 949 733 καιροὺς
962 697 1012 733 τὴν

226 743 274 770 τοῦ
287 744 391 779 κόσμου
401 744 539 778 βασιλείαν
553 743 713 779 ὲστηρίχθαι
728 743 862 778 ἔγνωμεν.
881 744 926 775 Ὠς
937 744 1012 779 πρῶ-

224 797 271 815 τον
288 789 317 814 ἐν
333 789 434 824 Νινευῇ
450 788 500 823 τὴν
515 789 570 815 τῶν
593 788 743 823 Ἀσσυρίων
759 788 874 824 [ἁρχήν-
886 788 1012 822 δεύτερον

225 832 255 859 ὲν
274 833 453 864 Ἐκϐατάνοις
467 833 517 868 τὴν
531 833 633 868 Μήδων
657 833 817 860 δυναστείαν
837 833 891 860 ἀπὸ
915 833 1013 867 ’Δρόά-

225 885 274 903 κου
291 878 469 913 κρατήσασαν
488 878 544 904 τῶν
566 879 718 913 Ἀσσυρίων
742 877 821 915 (60)],
843 875 881 905 ὧν
906 879 952 905 τὸν
967 878 1011 913 βα-

227 922 305 948 σιλέα
319 923 532 957 Σαρδανάπαλον
549 924 688 959 κρατήσας
702 924 716 951 ὸ
739 925 879 959 ’Δρὸάκης
892 925 1009 952 καθεῖλε.

226 967 304 994 Μετὰ
323 969 435 1000 τούτους
462 969 492 995 ἐν
514 969 655 996 Βαϐυλῶνι
680 970 710 996 τδ
743 970 884 997 Χαλδαίων
911 971 1013 1005 κράτος

227 1013 383 1047 ὑπερεῖχεν,
397 1009 434 1040 ὧν
449 1013 689 1050 Ναϐουχοδονόσορ
702 1015 716 1040 ὁ
731 1014 858 1049 βασιλεὺς
871 1014 1013 1041 ἐδασίλευ-

229 1066 286 1085 cev.
300 1056 368 1085 Εἶτα
382 1058 452 1093 μετὰ
466 1059 517 1093 τὴν
534 1059 636 1086 τούτων
650 1060 698 1086 καὶ
713 1061 767 1087 τῶν
781 1061 882 1095 Μήδων
896 1061 1012 1088 κατάλυ-

227 1112 280 1134 σιν,
296 1105 326 1130 ὲν
345 1104 460 1136 Σούσαις
479 1105 531 1132 ὑπὸ
551 1105 643 1139 Κύρου
666 1105 716 1140 τῆς
736 1106 849 1141 Περσῶν
873 1106 1013 1141 βασιλείας

226 1150 439 1186 καθισταμένης,
453 1150 537 1186 (μετὰ
545 1151 574 1177 δὲ
587 1152 637 1186 τὴν
651 1152 755 1187 ταύτης
767 1153 819 1179 ὑπὸ
836 1153 1012 1188 Ἀλεξάνδρου

226 1195 412 1232 καθαίρεσιν,]
433 1197 449 1232 ἡ
471 1197 526 1223 τῶν
547 1198 712 1225 Μακεδόνων
741 1198 904 1234 ὑπεισῆλθεν
927 1200 1010 1236 ἀρχή.

233 1242 280 1268 Ἐκ
296 1242 401 1269 τούτων
415 1243 432 1278 ἡ
452 1243 481 1269 ὲν
504 1244 536 1278 τῇ
552 1244 729 1279 πρεσσυτέρᾳ
751 1244 847 1281 Ῥώμῃ
868 1245 922 1272 τῶν
943 1245 1012 1272 Ῥω-

227 1287 315 1322 μαίων
327 1289 399 1324 ἀρχὴ
413 1289 462 1315 καὶ
476 1289 563 1324 ἰσχὺς,
577 1289 624 1315 ἐπὶ
638 1289 688 1324 μὲν
701 1290 857 1324 Αὐγούστου
874 1292 1013 1327 Καίσαρος

228 1334 299 1368 μετὰ
313 1334 376 1365 τοὺς
398 1333 494 1369 πρώην
508 1334 629 1369 βασιλεῖς
648 1335 734 1370 αὐτῆς
749 1336 795 1362 καὶ
812 1337 933 1369 ὑπάτους
950 1347 1013 1372 μον-

225 1379 392 1414 αρχήσσσα,
413 1380 468 1406 ὑπὸ
496 1380 526 1407 δὲ
555 1380 662 1407 ἀσεϐῶν
699 1381 780 1416 μέχρι
806 1383 1012 1411 Κωνσταντίνου

225 1423 432 1457 κατασχεθεῖσα,
448 1420 486 1450 ὧν
501 1424 571 1459 μετὰ
591 1425 642 1459 τὴν
656 1426 805 1452 κατάλυσιν
826 1428 866 1458 εἰς
888 1428 937 1462 τὴν
951 1429 1014 1455 νέαν

231 1469 341 1504 Ῥώμην
365 1470 399 1497 τὰ
420 1470 474 1496 τῶν
499 1471 679 1506 φιλοχρίστων
703 1472 837 1507 βασιλέων
860 1475 1012 1510 μετηνέχθη

226 1515 359 1549 βασίλεια.
377 1515 455 1542 Κατὰ
470 1516 556 1551 δὲτὴν
569 1517 653 1551 αὐτὴν
668 1517 784 1550 ἔννοιαν,
801 1519 846 1545 καὶ
863 1520 927 1551 τοὺς
944 1520 1015 1547 ἑπτὰ

1061 285 1124 312 bent
1136 285 1353 318 fundamentum,
1366 290 1395 313 ut
1409 286 1455 320 qui
1472 293 1525 314 non
1542 291 1606 313 sunt
1627 286 1750 313 :edilicati
1764 294 1846 320 supra

1061 337 1164 366 petram
1179 330 1331 359 Christum.
1344 332 1560 359 Admirabuntur
1575 332 1659 367 igitur
1669 337 1696 358 et
1710 339 1783 358 nunc
1797 331 1846 366 qui

1060 376 1086 403 in
1107 376 1177 404 libro
1188 376 1335 403 viventium
1353 383 1406 403 non
1426 382 1491 404 sunt
1507 376 1612 411 scripti,
1623 383 1656 404 eo
1672 376 1744 411 quod
1757 380 1846 403 terre-

1061 423 1104 450 nis
1121 423 1202 450 rebus
1219 423 1389 450 incumbant.

1096 467 1200 502 Septem
1223 467 1311 502 capita
1337 470 1434 500 septem
1456 470 1554 493 montes
1573 471 1646 493 sunt.
1664 465 1768 494 Montes
1783 470 1848 494 sunt.

1062 512 1108 539 ubi
1126 512 1223 538 mulier
1237 511 1330 539 sedet:
1345 511 1497 543 mulierem.
1511 515 1540 538 ut
1552 511 1684 543 diximus,
1700 512 1844 538 mortalem

1062 556 1132 583 hanc
1144 557 1224 582 vitam
1234 556 1281 587 ait,
1292 563 1352 589 qua:
1363 555 1434 582 velut
1445 555 1599 582 cﬂ'cminata
1608 561 1648 583 est
1657 562 1683 582 et
1693 556 1759 582 nihil
1768 555 1846 582 virile

1061 601 1262 629 demonstrans.
1278 600 1382 628 Montes
1405 608 1470 627 vero
1487 605 1513 628 et
1529 601 1615 635 capita
1633 606 1736 635 septem
1750 601 1846 628 existi-

1062 653 1169 674 mamus
1183 646 1242 673 loea
1257 653 1318 673 esse
1335 646 1361 673 in
1375 645 1544 673 sublimitate
1556 650 1582 673 et
1599 650 1740 680 potentatu
1770 653 1849 673 mun-

1061 693 1132 720 dano
1159 700 1221 728 quae
1252 692 1357 720 caeteris
1375 691 1556 719 eminentiora
1588 696 1661 723 sunt,
1687 692 1714 718 in
1748 691 1848 725 quibus

1061 739 1143 766 variis
1169 739 1338 772 temporibus
1364 737 1460 765 mundi
1483 737 1626 772 imperium
1655 736 1847 764 conﬁrmatum

1062 784 1147 812 fuisse
1157 783 1336 818 cognovimus
1352 792 1359 810 :
1373 782 1604 818 quemadmodum
1622 782 1742 817 primum
1769 782 1850 816 Assy-

1062 830 1165 857 riorum
1181 830 1206 856 in
1217 829 1324 862 Ninive,
1337 829 1489 856 secundum
1507 829 1533 855 in
1551 828 1696 856 Ecbatanis
1707 827 1848 855 Medorum

1062 876 1213 910 dynastiam
1239 883 1301 910 quae
1326 875 1455 910 Assyrios
1480 874 1587 902 Arbace
1607 874 1676 901 duce
1694 874 1846 908 superavit,

1063 928 1178 956 quorum
1203 928 1294 955 regem
1323 920 1539 955 Sardanapalum
1566 919 1703 947 devictum
1729 919 1849 946 Arbaces

1062 967 1172 995 occidit.
1187 966 1252 994 Post
1280 967 1331 994 hos
1350 967 1540 994 Chaldaeorum
1564 966 1709 1000 imperium
1736 966 1763 991 in
1793 964 1846 991 Ba-

1063 1015 1160 1050 bylone
1172 1014 1310 1046 emelluit,
1323 1014 1424 1048 quibus
1439 1013 1591 1048 imperabat
1606 1020 1654 1040 rex
1666 1011 1849 1039 Nabuchodo-

1062 1068 1156 1088 nosor.
1175 1059 1276 1087 Deinde
1291 1064 1354 1095 post.
1383 1059 1480 1085 horum
1505 1066 1537 1086 ac
1562 1057 1700 1085 Medorum
1727 1057 1849 1084 eversio-

1062 1114 1135 1138 nem,
1151 1107 1203 1134 sub
1223 1106 1296 1141 Cyro
1327 1113 1440 1140 regnum
1461 1104 1606 1132 Persarum
1626 1105 1653 1131 in
1682 1103 1761 1131 Susis
1786 1110 1852 1131 cnn-

1062 1154 1199 1186 stituitur;
1216 1152 1296 1187 793
1308 1155 1368 1186 post
1382 1151 1461 1186 cujus
1474 1151 1508 1178 ab
1522 1150 1678 1178 Alexandro
1688 1150 1849 1177 deletionem

1063 1201 1269 1235 subingressum
1282 1203 1324 1226 est
1344 1205 1457 1233 regnum
1473 1196 1661 1224 Macedonum.
1679 1196 1727 1223 His
1739 1203 1851 1222 succes-

1063 1247 1099 1274 sit
1108 1245 1292 1273 Romanorum
1305 1244 1447 1279 imperium
1461 1247 1485 1270 et
1496 1247 1616 1278 potestas
1624 1243 1651 1269 in
1663 1242 1744 1269 veteri
1752 1241 1851 1275 Roma,

1063 1300 1124 1328 qua:
1147 1296 1208 1327 post
1230 1291 1338 1326 priores
1356 1289 1467 1325 quidem
1489 1296 1566 1323 reges
1579 1296 1612 1316 ac
1636 1288 1850 1320 eonsules,cum

1063 1338 1115 1366 sub
1130 1339 1250 1372 Augusto
1263 1337 1372 1364 Caesare
1387 1335 1575 1362 monarcbiam
1590 1333 1751 1368 accepisset,
1765 1340 1852 1367 usque

1064 1384 1097 1411 ad
1109 1383 1318 1411 Constantinum
1331 1382 1365 1409 ab
1382 1381 1473 1416 impiis
1488 1384 1621 1415 occupata
1631 1384 1683 1411 est,
1701 1383 1762 1413 post
1779 1385 1850 1412 quo—

1064 1437 1125 1456 rum
1145 1428 1350 1456 dissolutionem
1374 1427 1401 1454 in
1421 1434 1518 1454 novam
1541 1426 1657 1452 Romam
1688 1424 1850 1451 translatum

1064 1480 1107 1502 est
1137 1474 1282 1508 imperium
1306 1474 1357 1501 sub
1381 1473 1491 1508 regibus
1517 1472 1656 1499 Christum
1683 1470 1850 1498 colentibus.

1064 1520 1145 1547 Juxta
1171 1520 1297 1547 eumdem
1326 1518 1494 1546 intellectum
1515 1524 1621 1552 septem
1641 1523 1750 1551 quoque
1774 1523 1852 1550 reges

227 1559 351 1595 βασιλεῖς
368 1561 512 1588 ἐκδεκτέον
523 1563 572 1597 τῆς
587 1563 739 1597 ὲναλλαγῆς
753 1563 807 1590 τῶν
821 1566 916 1598 γενῶν,
931 1567 1012 1600 ἀρσε-

1063 1565 1210 1600 accipiendi
1227 1568 1302 1596 sunt,
1314 1563 1465 1590 mutatione
1475 1562 1594 1598 generis,
1612 1569 1709 1596 nempe
1723 1561 1852 1587 neutrius

225 1606 313 1638 νικού,
328 1606 411 1640 λέγω,
431 1608 479 1634 καὶ
502 1608 631 1643 θηλυκοῦ,
656 1609 741 1643 μηδὲν
755 1610 1012 1647 παρεμποδιζοὺσης

225 1652 274 1686 τῆς
296 1652 416 1684 διανοίας
436 1652 484 1688 τὴν
505 1654 669 1688 ταυτότητα,
687 1655 711 1680 εἰ
738 1656 797 1681 ἐκεῖ
817 1656 866 1690 μὲν
887 1657 1013 1691 θηλυκῶς

225 1697 276 1728 τὰς
299 1698 421 1732 κεφαλὰς
446 1699 493 1725 καὶ
511 1699 580 1726 ἑπτὰ
601 1700 651 1735 ὄρη
667 1700 824 1735 οὐδετέρως,
850 1702 968 1729 ἐνταῦθα
984 1703 1013 1729 δὲ

226 1742 346 1777 βασιλεῖς
357 1744 427 1770 ἑπτὰ
447 1745 594 1779 ἐσήμανεν.
621 1745 704 1772 Οὐδὲν
720 1746 774 1782 γὰρ
789 1748 805 1782 ἡ
832 1748 851 1773 Γ
854 1748 928 1783 ραφὴ
949 1749 1013 1785 περὶ

225 1787 328 1815 τούτων
348 1789 427 1816 εἴωθε
444 1790 678 1825 μικρολογεῖσθαι.

261 1834 315 1860 Καὶ
342 1834 378 1860 τὰ
404 1834 479 1863 δέκα
505 1835 613 1870 κέρατα
629 1835 649 1863 ἃ
666 1835 758 1870 εἶδες,
782 1838 854 1865 δέκα
871 1840 1014 1873 βασιλεῖς

224 1881 319 1912 εἰσιν,
349 1880 460 1911 οἵτινες
483 1881 649 1913 βασιλείαν
675 1883 759 1909 οὔπω
790 1883 918 1916 ἔλαϐον,
943 1886 1013 1913 ἀλλ’

224 1925 371 1956 ἐξουσίαν
398 1926 438 1959 ὡς
463 1927 607 1960 βασιλεῖς
627 1928 700 1961 μίαν
720 1928 800 1962 ὥραν
824 1930 1013 1964 λαμϐάνουσι

224 1971 298 2005 μετὰ
312 1971 366 1998 τοῦ
382 1972 496 2005 θηρίου.
513 1970 600 2000 Οὗτοι
613 1973 686 2006 μίαν·
697 1974 803 2008 ἔχουσι
817 1975 948 2010 γνώμην,
964 1977 1013 2004 καὶ

226 2017 284 2051 τὴν
312 2018 441 2051 δύναμιν
475 2018 525 2044 καὶ
555 2019 700 2050 ἐξουσίαν
728 2019 827 2046 αὐτῶν
856 2020 896 2053 τῷ
922 2023 1014 2055 θηρίῳ

225 2063 372 2090 διδόασιν.
396 2061 484 2091 Οὗτοι
499 2064 574 2097 μετὰ
587 2064 640 2090 τοῦ
659 2065 765 2098 ἀρνίου
783 2066 1011 2100 πολεμήσουσι,

226 2108 277 2136 και
299 2108 333 2135 τὸ
353 2109 460 2142 ἀρνίον
481 2108 599 2142 νικήσει
624 2109 753 2142 αὐτοὺς,
773 2110 816 2136 ὅτι
836 2112 943 2144 Κύριος
962 2121 1014 2139 κυ-

225 2155 299 2188 ρίων
314 2153 390 2185 ἐστὶ,
411 2154 460 2180 καὶ
479 2154 631 2187 ,βασιλεὺς
646 2155 811 2188 βασιλέων,
833 2157 882 2183 καὶ
900 2159 928 2183 el
948 2160 1013 2192 μετ’

225 2200 320 2227 αὑτοῦ
339 2200 445 2233 κλητοὶ
463 2201 512 2227 καὶ
533 2201 668 2227 ἐκλεκτοὶ
691 2202 742 2228 καὶ
762 2203 873 2229 πιστοί.
892 2204 946 2230 Καὶ
961 2205 1011 2231 λέ-

226 2254 270 2280 re:
290 2254 360 2280 μοι·
391 2246 429 2273 Τὰ
457 2246 552 2273 ὕδατα
575 2245 593 2273 ἁ
611 2245 705 2279 εἶδες,
733 2247 782 2274 καὶ
805 2249 821 2281 ἠ
840 2248 916 2283 γυνὴ
932 2248 968 2277 οὗ
991 2251 1009 2285 ἠ

226 2292 324 2325 πόρνη
349 2291 492 2325 κάθηται,
511 2291 579 2318 ,λαοὶ
605 2292 653 2318 καὶ
674 2291 758 2327 ὄχλοι
776 2293 852 2326 εισι,
869 2295 918 2322 καὶ
939 2296 1011 2331 ἔθνη

227 2335 275 2362 καὶ
292 2335 440 2370 γλῶσσαι.

263 2381 303 2407 Τὰ
329 2381 396 2409 δέκα
418 2383 538 2418 κέρατα,
561 2384 626 2411 δέκα
646 2385 767 2420 βασιλεῖς
789 2383 859 2414 εἷναί
881 2397 963 2422 φασιν
982 2389 1014 2415 ἐκ

227 2428 278 2461 τῆς
300 2426 444 2462 Ῥωμαίων
458 2429 545 2465 ἀρχῆς
560 2432 801 2467 ἀναστησομένους
816 2433 846 2459 ὲν
862 2435 918 2465 τοῖς
934 2435 1014 2469 ἐσχά-

227 2480 283 2504 τοις
308 2474 428 2508 καιροῖς,
446 2472 484 2500 ὧν
506 2477 534 2501 ἐν
559 2476 634 2511 μέσῳ
649 2477 663 2503 ὁ
691 2477 875 2513 Ἀντίχριστος
894 2479 1013 2515 ἀναστή-

229 2525 314 2544 σεται.
331 2519 368 2545 Τὸ
395 2520 423 2546 δὲ
444 2520 481 2555 μὴ
502 2520 532 2547 τὸ
551 2520 642 2548 λαϐεῖν
666 2523 764 2554 αὐτοὺς
784 2523 932 2558 βασιλείαν,
955 2525 1014 2550 ἀλλ’

227 2561 353 2593 ἐξουσίαν
369 2563 408 2594 ὡς
436 2563 554 2598 βασιλεῖς
573 2566 622 2592 καὶ
647 2566 712 2601 μίαν
734 2566 826 2602 ὥραν·
851 2569 881 2595 τὸ
906 2569 954 2604 μὲν
976 2569 1015 2600 ὡς

229 2606 348 2641 βασιλεῖς
363 2609 407 2635 διὰ
421 2610 451 2636 τὸ
475 2610 639 2645 ἀνέδραστον
658 2612 705 2638 καὶ
729 2613 840 2644 σκιῶδες
861 2614 911 2648 τῆς
937 2614 1011 2649 βασι-

229 2653 302 2685 λείας
317 2655 406 2681 αὐτῶν
420 2663 497 2691 φησι·
513 2656 543 2682 τὸ
553 2656 581 2682 δὲ
595 2656 658 2691 μίαν
669 2657 744 2692 ὥραν
760 2658 828 2692 μετὰ
843 2658 890 2684 τοῦ
906 2658 1012 2693 θηρίου,

229 2699 321 2734 ὥραν,
347 2701 377 2726 τὸ
403 2701 490 2736 βραχὺ
518 2701 565 2728 τοῦ
591 2702 686 2738 χρόνου
712 2705 848 2738 παριστᾷν
871 2704 1014 2739 βούλεται,

265 2778 289 2795 ⁸⁸
307 2779 357 2807 Isa.
377 2787 451 2812 XXVI,
470 2781 511 2809 18.

263 2849 319 2883 (59)
343 2851 404 2878 Ἐπὶ
422 2853 455 2886 τῇ
470 2851 553 2886 βίϐλῳ
567 2853 637 2886 vnlg.

1064 1616 1090 1638 et
1105 1609 1380 1641 masculini,nullum
1409 1609 1442 1635 ad
1466 1608 1652 1642 intelligentia:
1681 1606 1850 1634 identitateln

1064 1660 1211 1692 praestante
1238 1655 1475 1690 impedimentum,
1487 1654 1511 1681 si
1537 1653 1573 1680 ibi
1603 1652 1714 1688 quidem
1741 1656 1847 1686 septem

1064 1707 1170 1730 montes
1188 1710 1286 1738 genere
1313 1701 1466 1729 masculino
1499 1704 1546 1727 aut
1573 1699 1661 1733 capita
1685 1703 1795 1730 neutro,
1809 1697 1853 1724 hic

1063 1753 1154 1776 autem
1169 1753 1272 1782 septem
1288 1755 1366 1782 reges
1381 1746 1535 1773 masculino
1552 1752 1649 1781 genere
1660 1743 1830 1779 signiticavit
1843 1751 1850 1769 :

1063 1796 1096 1822 de
1115 1795 1156 1822 his
1168 1795 1239 1821 enim
1251 1793 1394 1827 Scriptura
1409 1792 1477 1819 nihil
1492 1791 1601 1818 curiose
1625 1790 1743 1818 scrutari
1766 1789 1848 1816 solet.

1098 1839 1181 1872 XVII,
1198 1839 1292 1867 12-15.
1311 1838 1346 1865 Ει
1361 1839 1448 1865 decem
1469 1846 1569 1864 cornua
1585 1845 1642 1872 qum
1657 1836 1746 1863 vidisti
1764 1835 1853 1862 decem

1064 1896 1134 1923 reges
1154 1892 1225 1917 sunt,
1237 1886 1282 1921 qui
1299 1893 1404 1920 regnum
1427 1884 1543 1911 nondum
1560 1887 1727 1918 acceperunt,
1745 1882 1791 1909 sed
1806 1890 1853 1917 pa-

1065 1938 1182 1960 testatem
1200 1941 1252 1958 una
1264 1932 1329 1958 hora
1346 1936 1475 1965 tanquam
1491 1938 1562 1965 rege:
1581 1930 1718 1964 accipiunt
1738 1937 1797 1955 cum
1813 1930 1853 1955 be-

1063 1979 1126 2005 stia.
1136 1978 1170 2004 Hi
1183 1985 1264 2003 unum
1277 1975 1370 2002 habent
1382 1975 1522 2001 consilium
1536 1983 1545 2001 :
1558 1979 1582 2001 et
1595 1975 1718 2001 uirtutem
1734 1982 1765 2000 ac
1776 1978 1851 2008 pole-

1063 2028 1158 2050 statem
1171 2021 1343 2049 suambestiu’
1353 2020 1529 2047 tradiderunt.
1543 2019 1579 2046 Ili
1594 2028 1653 2046 cum
1669 2027 1736 2054 agno
1750 2027 1853 2054 pugna-

1064 2071 1139 2098 bunt,
1155 2071 1179 2093 et
1198 2074 1281 2101 agnus
1300 2066 1445 2092 vinceteos.
1460 2065 1524 2099 quia
1539 2064 1665 2091 Dominus
1685 2064 1853 2090 dominorum

1063 2119 1100 2141 est
1120 2117 1144 2140 et
1160 2120 1206 2139 rea:-
1223 2120 1323 2146 regum,
1339 2116 1363 2138 et
1375 2111 1419 2146 qui
1432 2119 1491 2137 cum
1503 2111 1550 2137 illo
1566 2116 1628 2137 sunt
1643 2110 1728 2136 vocati
1742 2114 1767 2136 et
1778 2110 1854 2136 electi

1064 2168 1094 2186 ac
1105 2158 1206 2193 ﬁdeles.
1223 2157 1255 2183 Et
1271 2156 1334 2184 dicit
1351 2156 1413 2182 mihi
1427 2163 1436 2182 :
1451 2155 1533 2190 Aqua:
1552 2163 1617 2191 quas
1633 2155 1723 2182 vidisti
1737 2154 1780 2180 ubi
1794 2162 1854 2180 mu-

1063 2206 1113 2232 Iier
1124 2204 1246 2231 meretrix
1259 2203 1342 2234 sedet,
1359 2201 1448 2237 populi
1462 2206 1486 2228 et
1506 2201 1588 2228 Iurbw
1604 2206 1664 2228 sunt
1680 2204 1705 2228 et
1730 2205 1817 2236 gentes
1830 2204 1854 2226 et

1065 2251 1172 2285 (iugum.

1100 2385 1198 2412 Decem
1215 2389 1319 2409 cornua
1334 2380 1428 2408 decem
1454 2387 1532 2414 reges
1561 2387 1622 2407 esse
1645 2380 1731 2411 aiunt,
1759 2378 1805 2413 qui
1820 2386 1854 2406 ex

1063 2431 1186 2458 Romano
1199 2427 1313 2462 imperio
1326 2430 1494 2461 consurgent
1508 2425 1654 2460 postremis
1672 2425 1854 2459 temporibus,

1064 2479 1090 2504 in
1104 2484 1221 2511 quorum
1238 2475 1327 2502 medio
1342 2477 1489 2508 consurget
1512 2472 1708 2499 Antichristus.
1729 2471 1788 2498 Non
1804 2478 1854 2497 au-

1064 2527 1117 2551 tem
1145 2522 1183 2548 ait
1203 2528 1250 2549 eos
1272 2527 1384 2554 regnum
1410 2523 1587 2553 accepturos,
1613 2517 1660 2544 sed
1690 2518 1854 2551 potestatem

1069 2572 1197 2602 tanquam
1224 2573 1312 2600 reges,
1332 2565 1413 2599 idque
1436 2572 1488 2591 una
1507 2564 1573 2590 hora
1591 2572 1598 2590 :
1625 2568 1755 2597 tanquam
1776 2568 1855 2594 rcges

1068 2619 1146 2645 sane,
1162 2619 1194 2639 eo
1218 2611 1290 2646 quod
1309 2611 1447 2638 inﬁrmum
1463 2614 1489 2637 et
1503 2610 1650 2637 obscurum
1669 2608 1722 2635 erit
1737 2614 1849 2640 regnum

1067 2666 1181 2691 eorum;
1196 2665 1248 2685 una
1260 2665 1323 2685 vero
1338 2665 1400 2684 cum
1422 2657 1518 2688 bestia,
1537 2655 1631 2682 horam
1648 2654 1791 2688 designare
1804 2660 1853 2679 vo-

1069 2707 1128 2735 lens
1145 2706 1275 2742 temporis
1289 2705 1462 2737 brevitatem,
1483 2704 1540 2732 sive
1555 2702 1619 2731 illud
1636 2709 1692 2738 quo
1707 2699 1771 2728 anui
1787 2699 1855 2727 hora

261 2880 317 2920 (tibi
335 2880 509 2915 lnclusa'dtic
525 2880 552 2914 et
583 2880 653 2915 iul’ra
681 2893 841 2923 supplentur
859 2896 892 2916 ex
918 2888 1012 2917 codice
1024 2889 1192 2917 Barocciano
1207 2889 1276 2922 apud
1293 2889 1466 2916 Cramerum.
