2092 3157
225 179 280 212 723

644 178 806 208 ARETH/E
824 178 1012 208 CESARExE
1032 179 1270 209 CiPPADOCIzE
1290 178 1460 209 EPISCOPI

1798 174 1852 207 724

225 234 415 270 complebitur,
431 241 484 270 qua
502 233 619 262 vincenti
634 233 801 261 Anticltristo
813 233 1010 267 subjicientur;
1027 259 1029 262 .

1072 236 1123 269 iret
1137 236 1172 262 δι’
1187 233 1218 263 οὗ
1232 237 1248 270 ἡ
1266 235 1313 262 τοῦ
1329 233 1453 262 ἐνιαυτοῦ
1471 233 1530 269 ὦρα
1548 233 1725 265 συντελεῖται,
1743 232 1806 260 καθ’
1820 234 1854 268 ἢν

223 284 271 308 aut
286 280 367 308 etiam
385 280 547 316 intelligitur
561 280 614 307 vita
637 286 697 314 quae
726 279 753 306 itt
780 278 887 306 deliciis
910 278 1010 314 agitur.

260 369 294 397 Et
305 378 387 406 agnus
400 370 482 396 vincet
492 376 595 396 εαξη...
611 373 636 395 et
649 368 694 404 qui
708 375 767 395 cum
779 367 825 394 illo
837 372 898 395 sunt
914 368 1011 395 uocati.

223 416 320 443 Merito
342 423 403 443 cum
427 414 561 442 Dominus
575 414 751 441 dominorum
779 414 815 441 sit
837 419 864 441 et
884 413 940 441 Rex
971 421 1013 441 re-

223 461 390 496 gum,etiam
407 465 624 496 propugnatores
654 459 714 494 ejus
741 464 804 486 sunt
827 459 925 493 vocati,
958 467 1012 487 non

222 507 360 542 vulgarem
375 505 510 534 habentes
525 506 707 538 vocationem,
726 505 773 533 sed
802 505 920 536 ﬁrmam,
938 505 1015 533 abso-

221 553 306 580 lutam
318 557 344 580 et
361 552 570 580 immutabilem.
596 552 658 579 Ideo
675 558 784 586 quoque
801 551 894 578 ﬁdeles
917 551 1014 578 dicun-

221 597 369 634 tur,79&.
379 597 444 633 quia
461 597 554 625 lideles
575 597 623 625 uni
642 597 759 624 Domino
787 596 937 629 adhaerent,
950 603 1013 623 cum

222 649 275 669 non
296 643 403 677 possint
416 642 524 670 duobus
535 642 654 670 dominis
670 642 784 670 servire.

257 688 339 722 Aquae
358 696 423 722 quas
439 687 538 715 uidisti.
557 687 644 715 Antea
669 687 703 715 de
722 688 765 715 bis
791 687 923 719 diximus,
941 686 1014 722 quod

223 734 328 769 tropice
342 741 375 762 ac
386 734 548 761 naturaliter
563 737 635 761 terra
651 734 686 761 sit
700 741 733 762 ex
746 734 837 768 aquis,
851 738 880 760 et
893 733 919 760 in
934 733 1014 767 aquis

228 783 397 813 perseverat,
421 779 448 805 in
465 787 519 814 qua
540 778 666 806 ﬁrmatus
689 783 731 806 est
753 778 939 813 corruptibilis
970 778 1016 805 hic

225 823 356 856 mundus,
372 824 453 859 etqui
465 823 491 850 in
499 823 618 851 humidis
629 832 661 851 ac
671 824 798 852 mollibus
812 829 936 851 versatur
948 823 1016 850 deli-

224 869 286 896 ciis.
303 868 420 897 Omnino
438 873 530 897 autem
542 877 595 897 non
611 870 664 896 alio
683 877 766 904 quam
785 869 837 897 hoc
858 870 940 896 modo
968 876 1013 897 se—

224 915 342 942 cundtttn
366 915 484 942 humana
507 921 606 950 genera
632 914 809 950 intelligitur,
835 921 896 950 quae
919 919 1013 950 gentes

224 965 288 988 sunt
307 960 389 988 variis
413 961 513 996 linguis
536 961 682 995 distinctae,
708 966 735 990 et
761 967 890 996 praetcrea
917 968 1012 996 regum

224 1011 385 1034 conservata
415 1007 528 1042 imperia
554 1017 561 1036 :
591 1016 654 1035 nam
688 1008 741 1035 hoc
772 1007 928 1043 signiﬁcare
956 1007 1015 1034 vult

224 1060 310 1079 cornu
321 1061 328 1079 :
338 1060 353 1080 a
369 1055 493 1081 cornutis
506 1053 671 1081 animalibus
681 1061 711 1082 se
720 1058 859 1084 tueantur,
869 1053 893 1080 si
905 1051 1015 1088 quando

225 1106 295 1134 opus
310 1104 352 1126 est
369 1099 500 1127 adversus
512 1100 566 1128 alia
585 1100 714 1128 animalia
731 1090 887 1128 oecu'rrere.
913 1099 1014 1132 Quem-

225 1144 373 1172 admodum
406 1146 488 1173 etiam
529 1154 623 1181 regum
661 1146 857 1181 dispositiones
889 1145 1016 1180 gentibus

226 1189 359 1217 adversus
376 1195 470 1226 gentes
489 1191 703 1225 permanentiam
720 1191 747 1218 in
764 1191 863 1226 seipsis
881 1191 1014 1224 tribuuttt,

227 1233 291 1261 dum
311 1234 345 1262 ad
371 1238 518 1263 extraneos
536 1235 709 1271 principatus
736 1242 790 1263 non
810 1236 1015 1271 disperguntur.

262 1323 345 1356 XVII,
366 1324 457 1352 16-18.
474 1324 507 1351 Et
520 1324 606 1352 decem
625 1332 723 1352 cornua
737 1332 797 1360 qua:
810 1324 901 1352 vidisti
928 1324 955 1350 in
977 1323 1018 1350 be-

227 1371 291 1403 stia,
307 1371 335 1397 1ιὶ
348 1371 409 1398 odia
423 1375 613 1406 prosequentur
633 1371 805 1402 meretricem,
823 1374 846 1397 et
870 1369 1017 1396 desolatam

228 1416 326 1452 facient
346 1417 421 1444 illam
435 1421 460 1444 et
481 1417 598 1450 nudam,
616 1422 640 1444 et
661 1425 753 1444 carnes
770 1416 827 1451 ejus
844 1415 978 1442 comedent
993 1420 1018 1442 et

227 1464 313 1498 ipsum
336 1463 396 1499 igne
409 1463 623 1491 concremabunt.
641 1463 712 1491 Deus
727 1464 796 1490 enim
808 1462 878 1490 dedit
897 1463 924 1488 in
938 1461 1019 1488 corda

227 1518 328 1542 eorum.
350 1515 378 1536 ut
397 1510 499 1544 faciant
522 1511 605 1545 ipsius
621 1511 782 1537 uoluntatem
796 1518 805 1536 .'
820 1514 844 1537 et
859 1509 959 1543 faciant
976 1516 1020 1535 uo-

227 1555 355 1582 luntatem
371 1563 462 1587 unam,
477 1561 501 1583 et
522 1555 583 1583 dent
599 1563 708 1590 regnum
732 1563 810 1581 suum
825 1553 914 1581 bestiis
937 1553 1019 1580 donec

228 1602 412 1637 compleantur
426 1610 558 1630 sermones
582 1601 639 1628 Dei.
664 1600 698 1627 Et
725 1600 821 1627 mulier
833 1607 912 1635 quant
927 1599 1017 1626 vidisti

229 1653 267 1675 est
291 1649 383 1676 civitas
406 1657 502 1684 magna
532 1656 590 1682 qua:
605 1647 681 1674 habet
706 1654 813 1681 regnum
839 1654 916 1680 super
949 1653 1020 1680 reges

231 1699 238 1718 ί
242 1701 317 1720 ρτναι.

266 1822 336 1856 Quid
349 1822 505 1856 signiﬁcare
523 1820 605 1848 velint
621 1827 724 1847 cornua
740 1820 796 1854 jam
810 1819 914 1847 dictum
928 1823 981 1851 est,
997 1823 1024 1846 et

233 1867 305 1903 quod
322 1867 408 1894 bestia
425 1866 461 1893 sit
474 1865 600 1893 diabolus
617 1866 724 1893 :variat
737 1865 810 1892 enim
828 1865 855 1891 in
869 1865 1024 1900 signiﬁcato

231 1913 335 1945 bestiae,
354 1911 455 1939 alicubi
477 1911 678 1939 Antichristum
705 1912 741 1939 ita
770 1910 934 1941 nominans.
955 1910 1024 1937 alias

233 1964 324 1986 autem
345 1963 372 1986 et
388 1958 529 1985 Satanam.
549 1957 636 1993 Reges
655 1957 749 1992 igitur,
768 1957 868 1992 inquit,
882 1957 929 1991 qui
943 1961 1021 1983 ante-

234 2008 283 2034 hac
293 2014 340 2041 per
354 2005 540 2040 operationem
554 2004 663 2032 Satanae
679 2004 827 2031 crudeliter
843 2003 931 2030 allecti
946 2007 1025 2031 erant

233 2060 295 2086 erga
315 2060 426 2088 agnum,
458 2051 504 2079 Dei
531 2051 719 2078 admonitione
732 2050 796 2078 odio
824 2054 1024 2084 prosequentur

233 2099 415 2129 meretricem,
435 2097 461 2124 id
477 2102 530 2130 est,
544 2097 734 2132 voluptuosam
755 2097 782 2123 in
797 2097 852 2124 vita
877 2103 1025 2124 conversa—

234 2145 334 2172 tionem
351 2153 358 2172 :
375 2144 524 2172 desolatam
539 2151 647 2178 qu0que
666 2143 782 2171 efﬁcient
802 2142 985 2170 idololatriam
998 2146 1025 2169 ct

235 2191 356 2218 delubris
377 2198 408 2217 ac
433 2191 542 2218 vatibus
563 2190 710 2225 privabunt
728 2199 734 2217 :
752 2193 780 2217 et
800 2197 899 2217 carnes
926 2189 1023 2224 ipsius,

1063 281 1101 316 τῷ
1130 281 1307 316 ’Δντιχρίστῳ
1333 280 1373 315 τῷ
1401 280 1561 314 ὑπερέχοντι
1580 279 1801 314 ὐποταγήσονται
1814 287 1820 294 ·
1836 279 1853 314 ἢ

1063 328 1111 354 καὶ
1122 327 1207 363 ὥραν,
1221 327 1267 353 τὸν
1280 325 1480 353 ἀπολαυστικὸν
1494 325 1552 360 βίον
1567 324 1687 361 νοητέον.

1099 373 1153 400 Kal
1173 373 1206 399 τὸ
1227 372 1333 407 ἀρνίον
1351 370 1470 404 νικήσει
1486 369 1655 402 αὐτοὺς-...η
1678 369 1727 396 καὶ
1748 369 1776 396 οι
1790 368 1854 403 μετ’

1064 419 1158 446 αὐτοῦ
1173 418 1289 451 κλητοί.
1306 417 1426 448 Εἰκότως
1450 416 1489 448 ὡς
1505 416 1552 443 καὶ
1569 416 1672 451 Κύριος
1686 415 1789 450 κυρίων
1808 415 1855 441 καὶ

1065 464 1197 496 Βασιλεὺς
1223 463 1366 499 βασιλέων,
1385 462 1433 489 καὶ
1452 462 1625 489 ὑπασπισταὶ
1648 461 1730 488 αὑτοῦ
1748 460 1854 495 κλητοὶ,

1064 510 1114 546 τὴν
1133 510 1228 545 κλῆσιν
1244 509 1274 536 οὺ
1292 508 1365 536 κατὰ
1379 508 1410 534 τὸ
1425 508 1554 542 επιτυχὸν
1571 506 1690 541 ἔχοντες,
1703 506 1770 534 ἀλλὰ
1783 507 1855 533 κατὰ

1066 555 1096 582 τὸ
1117 555 1223 590 καίριον
1235 554 1284 581 καὶ
1300 553 1519 589 διηκρισωμένον
1541 553 1588 579 καὶ
1609 551 1787 587 ἀμετάθετον.
1811 550 1856 577 Διδ

1066 601 1113 627 καὶ
1126 600 1229 632 πιστοὶ,
1242 600 1284 627 ὅτι
1299 600 1313 626 ό
1330 597 1425 630 πιστὸς
1440 598 1482 624 ἑνὶ
1495 597 1660 633 προσανέχει
1676 596 1809 632 Δεσπότῃ,
1824 596 1855 622 οὐ

1066 645 1214 680 δυνάμενος
1230 644 1291 671 δυσὶ
1306 643 1413 678 κυρίοις
1429 643 1577 670 δουλεύειν.

1105 691 1142 719 Τὰ
1158 690 1253 718 ὕδατα
1270 689 1289 717 ἁ
1311 688 1400 723 εἶδες.
1422 688 1589 724 Προείρηται
1613 688 1681 723 ἡμῖν
1699 687 1764 723 περὶ
1792 687 1855 714 τούς

1067 746 1134 770 των,
1154 736 1294 773 τροπικῶς
1311 736 1358 763 καὶ
1375 735 1499 770 φυσικῶς
1517 735 1566 770 τὴν
1583 735 1635 770 γῆν
1656 732 1725 761 εἶναι
1745 733 1774 766 ιε
1791 734 1856 761 ὑδά-

1065 792 1131 815 των,
1145 782 1193 810 καὶ
1209 784 1237 809 ὲν
1252 781 1332 809 ὕδασι
1343 780 1530 813 διατελοῦσαν,
1547 781 1576 807 ἐν
1593 777 1609 816 ἦ
1622 781 1636 807 ὁ
1650 779 1767 814 φθαρτὸς
1780 776 1858 810 οὗτος

1067 829 1114 856 καὶ
1134 829 1256 863 διύγροις
1276 828 1387 863 ἡδοναῖς
1409 827 1571 861 διαγόμενος
1589 826 1724 862 ἦδρασται
1743 825 1856 860 κόσμος.

1068 875 1181 904 Πάντως
1194 873 1222 900 δὲ
1245 873 1296 899 οὐκ
1312 872 1399 903 ἄλλως
1415 870 1532 907 ἣοῠτως
1549 870 1624 904 παρὰ
1643 869 1678 896 τὰ
1698 868 1858 904 ἀνθρώπινα

1065 920 1131 955 γένη
1157 920 1270 951 νοεῖται,
1307 918 1380 952 ἅπερ
1410 916 1475 952 ἔθνη
1501 916 1555 942 εἰσὶ
1579 917 1612 950 τῇ
1634 914 1755 950 διαφόρῳ
1781 914 1857 948 φωνῇ

1066 964 1294 999 διαστελλόμενα,
1313 963 1382 998 πρὸς
1401 962 1429 989 δὲ
1455 961 1563 992 τούτοις
1587 960 1635 987 καὶ
1662 960 1696 986 τὰ
1723 958 1858 994 βασιλέων

1065 1012 1154 1047 κράτη
1179 1009 1397 1045 συντηρούμενα.
1418 1007 1504 1035 Τοῦτο
1526 1007 1581 1042 γὰρ
1603 1006 1633 1033 τὸ
1654 1006 1738 1041 κέρας
1760 1004 1860 1039 δηλοῦν

1067 1056 1209 1092 βούλεται,
1230 1054 1285 1081 ἀπὸ
1308 1053 1362 1080 τῶν
1385 1051 1566 1088 κερασφόρων
1584 1050 1663 1082 ζώων
1689 1049 1782 1077 λαϐὼν
1809 1048 1860 1084 τὴν

1066 1103 1174 1138 χρῆσιν,
1198 1102 1238 1128 ὅτι
1261 1101 1375 1127 κάκεῖνα
1388 1100 1444 1130 τοῖς
1463 1099 1577 1133 κέρασιν
1594 1096 1698 1124 ἑαυτῶν
1719 1096 1861 1131 συντηρεῦ

1066 1157 1139 1180 ται,-
1161 1148 1240 1175 εῐπου
1267 1145 1359 1181 δεήσει
1386 1145 1454 1180 πρὶς
1482 1144 1564 1178 ἕτερα
1591 1143 1649 1175 ζῶα
1672 1140 1859 1176 διεξάγεσθαι.

1069 1195 1173 1230 ’Ὠσπερ
1197 1193 1243 1220 καὶ
1261 1193 1351 1219 ἔθνεσι
1365 1191 1434 1227 πρὸς
1452 1190 1515 1225 ἔθνη
1532 1190 1560 1217 al
1580 1189 1635 1216 τῶν
1650 1187 1785 1223 βασιλέων
1799 1186 1860 1213 δια-

1067 1240 1150 1274 ταγαὶ
1170 1239 1200 1265 τὺ
1219 1238 1282 1265 καθ’
1303 1237 1389 1264 ἑαυτά
1403 1236 1544 1270 διαμένειν
1568 1235 1717 1270 παρέχουσι
1735 1233 1773 1268 μὴ
1792 1231 1861 1267 πρὶς

1068 1283 1202 1318 ὲκφύλους
1216 1282 1381 1318 κυριαρχίας
1399 1280 1591 1313 σκεδάζεσθαι.

1105 1329 1159 1357 Kal
1186 1329 1222 1356 τὰ
1247 1329 1322 1355 δέκα
1340 1328 1450 1361 κέρατα
1472 1326 1492 1354 d
1515 1324 1594 1358 εἶδες
1617 1325 1667 1352 ἐπὶ
1688 1325 1723 1352 τὸ
1741 1325 1860 1358 θηρίον,

1069 1373 1152 1403 οὗτοι
1169 1373 1340 1409 μισήσουσι
1361 1372 1419 1406 τὴν
1434 1371 1568 1406 πόρνην,
1594 1371 1643 1398 καὶ
1663 1370 1863 1405 ἠρημωμένην

1070 1420 1256 1453 ποιήσουσιν
1284 1418 1400 1452 αὐτὴν,
1437 1417 1488 1445 καὶ
1523 1416 1646 1452 γυμνὴν
1677 1415 1863 1449 ποιήσουσιν

1070 1466 1184 1500 αὐτὴν,
1212 1465 1261 1493 καὶ
1283 1464 1335 1497 τὰς
1364 1464 1482 1498 σάρκας
1503 1462 1599 1496 αὐτῆς
1621 1462 1786 1497 φάγονται,
1812 1460 1863 1487 καὶ

1070 1511 1169 1545 αὐτὴν
1195 1511 1442 1537 κατακαύσουσιν
1467 1509 1503 1535 ὲν
1527 1508 1609 1542 πυρί.
1642 1508 1673 1534 '0
1701 1507 1757 1542 γύρ
1789 1506 1862 1539 Θεὸς

1072 1557 1185 1584 ἔδωκεν
1196 1557 1239 1588 εἰς
1256 1555 1309 1588 τὰς
1321 1554 1445 1588 καρδίας
1461 1553 1561 1580 αὐτῶν
1577 1551 1702 1587 ποιῆσαι
1715 1551 1774 1586 τὴν
1792 1550 1865 1586 γνὼ-

1074 1612 1138 1639 μην⁸
1157 1602 1265 1630 αὑτοῦ·
1287 1600 1336 1628 καὶ
1352 1600 1477 1634 ποιῆσαι
1493 1598 1616 1634 γνώμην
1633 1598 1717 1632 μίαν,
1731 1597 1780 1624 καὶ
1794 1596 1865 1623 δοῦ-

1077 1659 1126 1677 ναι
1146 1649 1203 1682 τὴν
1219 1647 1385 1681 ,βασιλείαν
1403 1645 1504 1673 αὐτῶν
1518 1644 1558 1678 τῷ
1578 1645 1669 1678 θηρίῳ
1690 1643 1759 1676 ἄχρι
1781 1643 1865 1669 τελε-

1074 1695 1193 1723 σθῶσιν
1207 1695 1234 1721 oi
1247 1694 1332 1727 λόγοι
1348 1692 1402 1719 τοῦ
1416 1691 1502 1718 Θεοῦ.
1524 1690 1578 1718 Kal
1592 1691 1610 1724 ὴ
1627 1689 1704 1724 γυνὴ
1720 1688 1760 1722 ἢν
1775 1686 1864 1720 εἶδες,

1074 1742 1159 1768 ἐστιν
1182 1741 1201 1774 ἡ
1218 1740 1308 1771 πόλις
1327 1739 1346 1773 ὴ
1359 1737 1493 1772 μεγάλη,
1521 1736 1541 1770 ἠ
1560 1735 1678 1770 ἔχουσα
1701 1734 1867 1767 βασιλείαν

1074 1786 1123 1812 ἐπὶ
1139 1785 1199 1811 τῶν
1209 1783 1365 1816 ,βασιλέων
1379 1782 1434 1815 τῆς
1451 1781 1518 1816 γῆς.

1110 1832 1150 1858 Τὰ
1177 1831 1226 1866 μὲν
1245 1829 1348 1864 κέρατα
1377 1828 1403 1855 τί
1427 1828 1525 1863 δηλοῦν
1551 1827 1656 1859 ὲθέλει,
1688 1825 1797 1861 εἴρηται
1821 1824 1864 1859 δή·

1076 1877 1170 1912 θηρίον
1191 1876 1220 1902 δὲ
1243 1875 1289 1902 τὸν
1310 1873 1444 1901 διάϐολον.
1474 1873 1630 1907 Ἀδιαφορεῖ
1651 1872 1707 1907 γὰρ
1736 1870 1807 1898 κατὰ
1835 1870 1868 1896 ab

1077 1922 1278 1958 σημαινόμενον
1291 1920 1339 1948 τοῦ
1358 1919 1466 1954 θηρίου,
1480 1921 1518 1954 πῆ
1537 1919 1585 1954 μὲν
1611 1918 1657 1945 τὸν
1681 1917 1866 1952 Ἀντίχριστον

1076 1967 1217 2002 ὀνομάζων
1231 1964 1328 1998 οὕτως,
1345 1964 1400 1991 ἔσθ’
1417 1964 1461 1991 ὅτε
1476 1963 1504 1990 δὲ
1523 1963 1568 1990 τὸν
1583 1962 1716 1990 Σατανᾶν.
1739 1961 1770 1988 υἱ
1787 1960 1868 1995 βασι-

1076 2014 1132 2045 λεῖς
1149 2012 1205 2044 οὖν,
1224 2011 1318 2047 φησιν,
1337 2011 1361 2037 oi.
1377 2010 1446 2041 τέως
1462 2010 1522 2036 κατ’
1543 2008 1683 2044 ἐνέργειαν
1697 2006 1744 2034 τοῦ
1760 2006 1867 2034 Σατανᾶ

1077 2058 1176 2094 φονίως
1201 2057 1240 2092 τῷ
1257 2058 1343 2092 ἀρνίῳ
1361 2056 1543 2087 διατεθέντες,
1564 2054 1633 2081 Θεοῦ
1658 2052 1865 2088 ὑποθημοσύνῃ,

1079 2105 1224 2139 μισήσουσι
1238 2103 1288 2138 τὴν
1301 2102 1403 2137 πόρνην
1414 2123 1421 2134 ,
1437 2101 1486 2136 τὴν
1502 2101 1531 2127 ὲν
1547 2099 1586 2135 τῷ
1602 2099 1650 2135 βίῳ
1663 2097 1868 2131 ἀπολαυστικὴν

1077 2150 1183 2176 δίαιταν
1196 2169 1202 2180 ,
1215 2147 1393 2183 ὲρημώσουσι
1411 2147 1440 2173 δὲ
1460 2146 1506 2173 καὶ
1522 2144 1747 2180 είδωλολατρείαν
1762 2144 1808 2170 καὶ
1824 2151 1868 2168 τε-

1080 2196 1169 2231 μενῶν
1187 2195 1235 2222 καὶ
1253 2193 1388 2230 μαντείων
1407 2191 1646 2227 ἀλλοτριώσουσιν,
1663 2191 1710 2217 καὶ
1732 2190 1782 2221 τὰς
1800 2190 1867 2222 σάρ-

235 2237 287 2264 boc
300 2242 351 2268 est.
379 2236 507 2263 animalia
525 2236 559 2263 ad
586 2237 721 2263 idolorum
752 2236 878 2263 victimas
895 2236 1023 2270 reposita.

1078 2250 1130 2272 κας
1153 2241 1238 2275 αὐτῆς
1261 2240 1294 2266 τὰ
1309 2239 1378 2272 πρὸς
1398 2238 1493 2265 θυσίαν
1508 2237 1700 2272 ἀναφερόμενα
1714 2236 1768 2262 τῶν
1790 2235 1867 2262 εἰδώ-

235 2283 288 2309 sibi
307 2283 374 2317 ipsis
391 2281 706 2316 rccondentéomneqne
729 2281 848 2308 studiunt
864 2281 937 2315 quod
953 2282 1024 2308 circa

236 2334 305 2354 vana
317 2331 479 2361 occupatum
493 2330 552 2354 erat
568 2328 600 2354 de
619 2327 708 2354 medio
724 2327 828 2357 tollent.
845 2331 875 2354 ut
895 2326 974 2361 quasi
993 2326 1027 2353 ab

237 2373 301 2408 igne
321 2377 515 2407 consumptum
526 2373 708 2404 existimetur,
724 2380 875 2408 omnesque
887 2373 1025 2400 clament:

236 2419 289 2446 Ubi
318 2427 391 2446 nunc
405 2424 469 2446 sunt
495 2419 540 2453 qui
558 2424 622 2446 tunc
637 2427 705 2446 vana
724 2427 789 2446 cura
807 2419 1028 2454 occupabantur?

238 2465 302 2492 l|:ec
325 2471 414 2492 autetn
433 2465 535 2496 omnia,
561 2468 591 2491 ut
612 2465 821 2500 proposuimus,
843 2473 896 2492 non
923 2465 1028 2499 absque

238 2510 330 2538 divino
344 2510 456 2537 numine
471 2509 529 2536 ﬁeri
538 2509 625 2541 aiunt,
637 2509 683 2536 sed
698 2509 742 2536 Dei
760 2510 941 2544 providentia.

275 2602 356 2637 795
377 2601 409 2628 Et
436 2601 538 2635 faciant
563 2608 643 2626 unam
667 2600 839 2628 voluntatem.
865 2600 1027 2636 Quanquam

239 2653 386 2676 concurrat
404 2649 502 2675 ltortttn
519 2647 639 2675 studium
667 2647 712 2673 Dei
739 2647 771 2674 ad
789 2647 970 2680 voluntatem,
1003 2648 1028 2674 id

240 2700 330 2721 tamen
345 2694 424 2721 sicuti
447 2693 500 2721 I‘eo
513 2701 586 2720 curae
601 2693 667 2725 fuit,
683 2697 710 2720 et
726 2694 803 2728 juxta
822 2694 1026 2721 ittscrutabilcm

240 2739 419 2774 pr0videutia:
434 2747 490 2766 sua:
503 2739 727 2774 profunditatem,
746 2740 846 2766 serviet
865 2740 948 2767 rebus
965 2748 1027 2774 per-

241 2785 374 2814 ﬁciendis.
386 2785 544 2813 Secundum
562 2785 633 2813 hanc
645 2785 727 2821 igitur
740 2786 915 2814 concordiam
934 2794 948 2813 a
975 2786 1028 2814 Deo

240 2830 344 2861 datam.
363 2832 462 2858 tradita
480 2831 572 2858 bestiae
588 2831 744 2858 omnimoda
766 2835 914 2866 potestate,
932 2832 1026 2860 eﬁiciet

241 2880 270 2902 ut
290 2875 376 2904 bestia
388 2877 531 2912 prmvalrat
549 2876 576 2904 in
592 2876 720 2904 omnibus
733 2876 766 2904 ad
787 2884 848 2912 quae
868 2877 958 2905 debita
979 2879 1024 2914 ju-

1077 2289 1131 2314 λων
1154 2287 1212 2320 ζῶα
1230 2287 1338 2317 ἑαυτοῖς
1352 2285 1547 2321 ταμιεύσουσι,
1563 2284 1610 2310 καὶ
1627 2283 1719 2310 πᾶσαν
1737 2281 1787 2316 τὴν
1803 2281 1868 2316 περὶ

1078 2334 1113 2360 τὰ
1139 2333 1241 2368 μάταια
1270 2331 1387 2365 σπουδὴν
1412 2331 1592 2365 ὰφανίσουσι,
1617 2331 1663 2355 καὶ
1689 2329 1775 2359 οὕτως
1797 2327 1869 2354 ὥστε

1081 2379 1133 2405 ὑπὸ
1158 2377 1243 2413 πυρὸς
1267 2377 1471 2412 δαπανηθεῖσαν
1498 2374 1669 2410 νομίζεσθαι,
1694 2373 1741 2400 καὶ
1763 2373 1869 2404 πάντας

1081 2423 1204 2458 κράζειν·
1223 2422 1276 2449 Ποῦ
1294 2421 1341 2448 νῦν
1370 2423 1393 2448 ol
1410 2421 1460 2456 τῆς
1476 2421 1536 2447 τότε
1560 2420 1607 2446 ἐπὶ
1625 2420 1659 2445 τὰ
1686 2418 1791 2454 μάταια
1808 2418 1869 2443 lm-

1083 2469 1194 2504 μελείας
1218 2468 1358 2503 ὲχόμενοι;
1389 2466 1482 2493 Ταῦτα
1511 2466 1539 2493 δὲ
1569 2465 1675 2496 πάντα,
1699 2464 1738 2496 ὡς
1763 2464 1869 2498 ἔφημεν

1081 2514 1278 2550 παραθέμενοι,
1293 2513 1343 2540 οὐκ
1358 2512 1392 2540 ἂν
1403 2512 1479 2539 ἀθεεὶ
1497 2511 1634 2547 συμϐῆναί
1654 2518 1746 2545 φασιν,
1762 2509 1820 2536 ἀλλ’
1835 2509 1869 2535 ὲκ

1081 2559 1156 2590 θείας
1167 2558 1320 2592 ἐπισκοπῆς
1333 2557 1380 2584 καὶ
1396 2557 1535 2592 προνοίας.

1117 2605 1170 2632 Kal
1190 2604 1315 2638 ποιῆσαι
1335 2604 1456 2638 γνώμην
1471 2605 1553 2637 μίαν.
1569 2602 1600 2628 El
1619 2601 1668 2628 καὶ
1685 2600 1835 2636 σύνδρομος
1851 2599 1868 2634 ἠ

1080 2651 1182 2678 τούτων
1203 2650 1300 2685 γνώμη
1315 2651 1348 2685 τῇ
1371 2650 1418 2676 τοῦ
1433 2649 1518 2681 Θεοῦ,
1535 2647 1593 2675 ἀλλ’
1618 2648 1655 2679 ὡς
1670 2646 1730 2682 Θεῷ
1748 2647 1868 2681 μεμε).η‹

1083 2698 1162 2732 μένη,
1179 2696 1249 2723 κατὰ
1267 2696 1294 2722 δὲ
1309 2695 1338 2722 τὸ
1351 2695 1563 2731 ἀνεξερεύνητον
1579 2693 1661 2728 βάθος
1674 2693 1724 2727 τῆς
1739 2692 1868 2727 προνοίας

1082 2742 1164 2770 αὑτοῦ
1180 2742 1367 2777 συμὸαίνουσα
1389 2742 1444 2773 τοῖς
1467 2739 1699 2775 συντελουμένοις.
1715 2738 1793 2765 Οὕτω
1813 2746 1869 2764 τοι.

1114 2788 1182 2824 ροῦν
1199 2788 1269 2815 κατὰ
1291 2787 1419 2822 τοιαύτην
1441 2788 1672 2822 ὁμογνωμοσύνην
1695 2785 1800 2816 τούτοις
1824 2785 1867 2811 δο-

1081 2835 1174 2861 θεῖσαν
1193 2834 1245 2860 ὑπὸ
1262 2833 1339 2865 Θεοῦ,
1360 2834 1408 2868 τῆς
1425 2833 1548 2865 ἐξουσίας
1563 2832 1671 2867 ἁπάσης
1687 2831 1870 2867 παρατχεθεί-

1083 2889 1130 2916 an;
1143 2881 1181 2916 τῷ
1194 2881 1291 2916 θηρίῳ,
1304 2880 1452 2908 διατελέσει
1468 2878 1585 2914 κρατοῦν
1598 2879 1628 2906 τὸ
1639 2879 1732 2914 θηρίον
1747 2879 1786 2910 εἰς
1801 2878 1869 2911 ὅπερ
