2092 3157
232 150 284 182 727

639 151 802 181 ARETlIzE
820 151 1010 181 ClESAREzE
1030 150 1268 180 (IAPI‘ADOCLE
1289 148 1460 179 El‘lSCOPI

1802 144 1855 177 7Ξῖ

265 205 300 234 Et
319 206 472 234 recordatus
487 211 525 234 est
546 205 614 234 Deus
627 207 797 242 iniquitatem
813 207 878 242 ejus.
898 206 1022 233 Humqu

1109 207 1162 233 Kal
1183 206 1408 240 ἐμνημόνευσεν
1435 205 1451 230 ὁ
1468 203 1540 235 Θεὸς
1561 201 1598 229 τὰ
1616 200 1783 236 ἀδικήματα
1806 203 1857 228 αὺ-

230 253 312 280 modo
324 253 381 281 haec
397 253 564 287 colliguntur
579 262 586 280 :
604 260 665 279 nam
687 253 714 279 in
736 253 814 279 beata
841 252 887 279 Dei
918 257 1013 279 natura

230 299 263 324 a.l
280 306 361 332 quam
378 297 637 333 nequeuutatiectus
648 298 789 330 accedere,
807 297 974 332 superﬂuum
985 305 1017 324 ac

230 352 330 371 vanum
348 348 389 372 est
407 343 559 378 hujusmodi
588 343 628 370 vel
645 344 799 377 concipere.
825 343 863 370 lbi
878 344 949 370 enim
975 349 1017 370 est

230 393 382 421 recordatio
398 391 442 419 ubi
451 396 479 419 et
491 391 592 419 oblivio
606 400 612 418 :
631 391 733 419 oblivio
748 395 837 418 autem
850 391 975 425 designat
992 391 1016 417 id

230 439 302 474 quod
318 439 418 466 factum
431 443 483 471 est,
494 438 616 473 potentia
625 438 734 472 quidem
746 438 851 469 adesse.
861 444 915 464 non
926 442 1016 463 tamen

229 489 290 512 actu
304 494 311 511 :
329 492 410 519 porro
427 484 481 511 Deo
497 483 563 511 nihil
575 484 652 511 adest
666 485 800 519 potentia,
814 483 860 511 sed
881 487 954 510 actu.

263 529 357 562 XVIII,
375 530 436 557 6-8.
452 530 559 557 Reddite
573 530 596 557 ei
611 531 679 557 sicut
695 535 719 556 et
732 530 792 564 ipsa
810 529 925 556 reddidit
937 528 1017 559 vobis.

227 581 252 604 et
263 576 397 610 duplicate
411 577 435 603 ei
451 576 567 610 duplicia
583 576 726 602 secundum
746 583 824 609 opera
834 575 905 609 eius.
923 575 954 601 In
969 583 1019 609 pu-

228 623 289 649 cnlo
303 630 354 656 quo
373 622 490 652 miscuit.
507 623 613 648 miscete
628 621 668 648 illi
683 621 802 656 duplum.
817 621 951 653 Quantum
963 621 1021 656 gla-

229 667 341 702 riﬁtavit
361 675 388 694 se
399 672 422 694 et
439 667 565 700 lasciviit,
583 671 684 694 tantum
701 667 762 693 date
773 667 814 693 illi
825 671 983 693 tormentum
996 671 1021 692 et

229 714 339 740 luctum.
359 713 429 745 Quia
451 713 515 739 dicit
539 713 565 739 in
591 713 668 740 corde
685 721 733 739 suo
750 721 759 740 :
780 712 862 739 Sedea
874 713 980 747 regina,
997 713 1021 738 el

229 760 308 786 uidua
323 768 373 787 non
390 768 458 791 tum,
475 767 556 794 neque
571 759 671 785 luctum
690 759 791 786 videbo.
809 758 953 792 Propterea
970 767 1022 785 uno

229 806 271 832 die
280 807 379 832 venient
387 806 471 840 plaga:
477 807 547 839 ejus,
555 804 635 839 797
647 812 716 831 more
725 809 749 831 et
760 804 845 831 luctus
855 809 879 831 et
890 805 983 838 rantes,
998 809 1022 831 et

230 851 289 885 igne
302 851 480 878 comburelur.
494 850 558 885 quia
567 850 645 884 fortis
657 854 695 877 est
708 849 835 876 Dominus
847 850 890 884 qui
913 850 1020 885 judica-

231 897 266 923 liit
280 896 364 924 illam.
560 903 562 906 '

266 1029 546 1058 Animadvertendum
554 1035 605 1063 est,
617 1038 631 1058 a
644 1038 698 1065 quo
710 1030 839 1065 procedat
853 1030 905 1059 hoc
918 1038 1019 1065 prince-

230 1083 307 1112 ptum
319 1076 360 1104 vel
378 1083 480 1104 sermo.
504 1076 597 1104 Potest
618 1081 708 1103 autem
731 1076 783 1104 dici
798 1076 870 1111 quod
897 1084 912 1104 a
936 1076 1019 1111 justis

231 1122 275 1150 vel
301 1121 469 1157 martyribus
482 1122 529 1157 qui
546 1122 593 1149 illo
606 1127 739 1157 tempore,
770 1130 865 1158 nempe
887 1123 1018 1151 adventus

231 1167 401 1199 Antichristi,
418 1175 467 1202 pro
485 1166 594 1194 Christo
610 1168 784 1201 certaverint,
812 1168 839 1195 iu
863 1173 936 1196 tanta
953 1177 1018 1196 cru-

231 1212 343 1239 delitate
356 1220 389 1239 ac
406 1211 514 1239 feritate
527 1219 622 1240 eorum
640 1213 686 1247 qui
705 1217 769 1241 tunc
799 1213 826 1240 in
857 1215 910 1241 vita
925 1222 1017 1242 versa—

231 1258 334 1285 buntur
356 1257 446 1284 traditi
471 1257 498 1284 in
530 1258 672 1285 ministros
697 1258 870 1292 Antichristi,
887 1264 917 1286 ut
931 1267 1020 1293 quam

231 1310 314 1337 quam
329 1302 362 1329 ad
379 1302 425 1329 Dei
446 1302 626 1329 imitationem
643 1303 732 1330 vivere
745 1303 887 1339 elegerint,
903 1312 1017 1332 excessu

232 1352 322 1375 tamen
343 1347 520 1375 alliictionum
538 1348 719 1376 deviucautur
735 1353 764 1376 ut
786 1349 844 1376 haec
868 1349 1017 1384 proferant.

233 1393 357 1420 Diximus
372 1398 462 1421 autem
490 1393 633 1421 mulierem
651 1398 757 1428 tempus
774 1394 826 1422 sub
848 1395 1019 1423 Antichristo

231 1438 404 1471 signiﬁcare,
429 1443 456 1466 ct
483 1445 538 1466 non
554 1438 691 1465 civitatem
717 1438 861 1474 aliquam:
889 1439 1017 1474 poculum

231 1484 508 1515 autem,voluntatem
525 1490 572 1510 seu
588 1484 758 1518 propOsitum
774 1491 870 1511 eorum
886 1484 932 1518 qui
952 1489 1018 1512 tunc

1067 252 1132 286 τῆς.
1154 251 1346 287 Ἀνθρωπίνως
1370 249 1584 284 διασκευάζεται
1606 247 1701 275 ταῦτα.
1726 247 1787 273 Ἐπὶ
1803 247 1857 282 γὰρ

1067 298 1136 324 Θεοῦ
1155 298 1204 332 τῆς
1220 297 1359 332 μακαρίας
1375 296 1483 331 φύσεως
1498 295 1545 322 καὶ
1560 294 1676 322 πάθεσιν
1692 294 1839 329 ἀπροσίτου
1849 313 1858 325 ,

1067 343 1103 369 τὰ
1120 342 1234 369 τοιαῦτα
1248 343 1299 368 κᾶν
1314 342 1416 368 ἐννοεῖν
1432 340 1568 375 περιττόν.
1592 340 1667 366 Ἐκεῖ
1678 339 1732 375 γὰρ
1751 339 1857 374 μνήμη,

1068 388 1135 414 ὅπου
1159 387 1206 414 καὶ
1223 387 1303 422 λήθη.
1321 386 1398 422 Λήθη
1424 385 1452 412 δὲ
1477 385 1524 411 τοῦ
1545 385 1659 420 δυνάμει
1680 385 1808 419 παρεῖναι
1827 383 1858 410 τὸ

1069 433 1190 469 πραχθὲν
1200 437 1215 465 .”
1225 433 1274 460 οὐκ
1291 433 1330 459 ἔτι
1345 433 1373 458 δὲ
1391 433 1439 459 καὶ
1454 432 1580 467 ἐνεργείᾳ
1602 430 1781 466 σημαντικόν.
1797 429 1858 464 Θεῷ

1069 481 1097 506 δὲ
1113 479 1189 506 οὐδὲν
1203 479 1333 513 πρόσεστι
1347 477 1469 511 δυνάμει,
1484 477 1541 504 ἀλλ’
1556 475 1692 511 ἐνεργείᾳ.

1110 525 1246 552 Ἀπόδοτε
1266 522 1361 557 αὐτῇ,
1375 523 1414 555 ὡς
1433 523 1481 549 καὶ
1501 522 1578 555 αὐτὴ
1600 521 1755 549 ἀπέδωκεν
1775 519 1856 553 ὑμῖν,

1071 570 1120 597 καὶ
1135 569 1306 597 διπλώσατε
1321 568 1398 601 αὐτῇ
1414 566 1506 594 διπλᾶ
1524 567 1599 593 κατὰ
1613 566 1648 593 τὰ
1665 565 1736 600 ἔργα
1751 564 1856 596 αὐτῆς.

1077 615 1129 642 Ἐν
1147 614 1186 647 τῷ
1209 614 1339 647 ποτηρίῳ
1357 609 1380 646 ᾧ
1398 612 1540 646 ἐκέρασε,
1557 611 1705 645 κεράσατε
1721 609 1798 644 αὐτῇ
1813 609 1841 636 δι

1072 661 1181 688 πλοῦν.
1195 660 1274 686 ’Ὂσα
1291 659 1441 691 ἐδόξασεν
1461 657 1574 691 ἑαυτὴν
1601 656 1651 683 καὶ
1664 655 1858 690 ἐστρηνίασε,

1072 704 1219 732 τοσοῦτον
1244 704 1313 730 δότε
1337 702 1414 736 αὐτῇ
1441 701 1637 735 ,ϐασανισμὸν
1663 700 1712 727 καί
1736 699 1857 732 πένθος.

1073 752 1139 778 ’Ὅτι
1161 750 1198 777 ἐν
1218 749 1254 783 τῇ
1280 748 1386 782 καρδίᾳ
1414 747 1509 780 αὐτῆς
1531 746 1627 781 λέγει,
1655 745 1700 772 ὅτι
1725 744 1858 779 Κάθημαι

1071 795 1254 828 βασίλισσα,
1276 793 1324 820 καί
1339 793 1417 828 χήρα
1429 793 1484 819 οῦκ
1499 793 1567 826 εἰμι,
1583 790 1632 818 καί
1645 790 1756 822 πένθος
1768 791 1804 817 οὐ
1815 789 1858 824 μὴ

1075 842 1137 868 ἴδω.
1158 840 1209 867 Διὰ
1228 839 1316 867 τοῦτο
1331 839 1366 866 ἐν
1378 838 1429 873 μιᾷ
1448 837 1542 873 ἡμέρᾳ
1556 837 1686 870 ἥξουσιν
1697 837 1726 863 al
1746 835 1859 870 πληγαὶ

1073 886 1177 919 αὐτῆς,
1202 885 1340 918 θάνατος,
1360 883 1409 910 καί
1430 883 1551 915 πένθος,
1572 882 1620 909 καὶ
1641 882 1737 916 λιμός.
1754 881 1809 908 Kal
1826 881 1861 908 ἐν

1073 932 1143 966 πυρὶ
1159 929 1419 963 κατακαυθήσεται
1431 936 1437 942 ·
1453 927 1497 955 ὅτι
1512 927 1638 962 ἰσχυρὸς
1656 926 1761 960 Κύριος
1772 925 1788 951 ὁ
1800 933 1860 959 κρι-

1072 977 1133 1005 νῶν
1147 976 1254 1009 αὐτήν.

1114 1022 1366 1057 ’Δνεπισήμαντον,
1393 1019 1469 1056 παρὰ
1491 1018 1564 1050 τίνος
1580 1017 1610 1045 τὸ
1627 1017 1790 1052 πρόσταγμα
1809 1015 1824 1049 ἧ
1847 1016 1861 1041 ὁ

1073 1070 1150 1104 λόγος
1176 1068 1310 1103 πρόεισιν.
1334 1066 1385 1101 Eli]
1409 1066 1432 1092 δ’
1459 1065 1492 1092 ἂν
1518 1063 1594 1099 παρὰ
1610 1062 1664 1089 τῶν
1685 1062 1798 1089 δικαίων
1814 1061 1860 1087 καὶ

1075 1114 1222 1151 μαρτύρων
1236 1112 1292 1138 τῶν
1307 1111 1367 1139 κατ’
1387 1111 1475 1138 ἐκεῖνο
1492 1109 1589 1145 καιροῦ
1601 1128 1609 1140 ,
1627 1109 1676 1144 τῆς
1694 1107 1741 1134 τοῦ
1771 1108 1860 1133 Ἀντι-

1073 1161 1184 1196 χρίστου
1211 1159 1311 1195 δηλαδὴ
1338 1155 1487 1191 ἐπιδημίας
1510 1155 1581 1190 ὑπὲρ
1603 1152 1722 1188 Χριστοῦ
1748 1151 1860 1186 ὲναθλη-

1073 1207 1187 1238 σάντων,
1214 1204 1336 1239 τοσαύτῃ
1355 1202 1479 1237 ὠμότητι
1507 1200 1554 1226 καὶ
1580 1198 1713 1234 ϐηριωδίᾳ
1734 1197 1786 1224 ὑπὸ
1806 1197 1860 1223 τῶν

1071 1252 1221 1288 τηνικαῦτα
1236 1250 1275 1286 τῷ
1301 1250 1351 1285 βίῳ
1365 1245 1621 1283 ἐμπολιτευομένων
1642 1243 1788 1279 ὑπουργῶν
1811 1242 1859 1269 τοῦ

1078 1299 1261 1334 Ἀντιχρίστου
1285 1295 1502 1332 παραδοθέντων,
1518 1293 1589 1319 ὥστε
1604 1291 1652 1318 καὶ
1675 1289 1787 1321 αὐτοὺς.
1808 1289 1861 1315 κᾶν

1072 1348 1096 1374 εἰ
1109 1347 1284 1382 θεομιμήτως
1297 1344 1453 1380 προείλοντο
1465 1341 1525 1377 ζῇν,
1541 1340 1599 1367 ἀλλ’
1614 1337 1660 1366 οὖν
1672 1339 1716 1366 διὰ
1729 1339 1758 1364 τὸ
1774 1338 1859 1372 ὑπερυ

1072 1392 1168 1420 ϐάλλον
1181 1391 1235 1418 τῶν
1250 1389 1400 1418 κακώσεων
1411 1386 1589 1422 ὲκνικηθῆναι
1600 1385 1685 1412 ταῦτα
1699 1383 1858 1418 προφέρειν.

1071 1438 1231 1473 Εἱρήκαμεν
1259 1436 1288 1462 δὲ
1312 1435 1429 1469 γυναῖκα
1457 1433 1502 1460 τὸν
1530 1432 1577 1458 ἐπὶ
1596 1430 1642 1457 τοῦ
1673 1429 1859 1464 ’Δντιχρίστου

1073 1484 1179 1520 καιρὸν,
1198 1482 1228 1508 οὐ
1255 1481 1332 1508 πόλιν
1355 1479 1416 1506 τινὰ
1432 1477 1586 1513 σημαίνειν,
1604 1476 1650 1502 καὶ
1679 1475 1807 1510 ποτήριον
1831 1474 1860 1500 δὲ

231 1529 258 1556 in
273 1528 325 1555 vita
343 1528 523 1557 vcrsabuutur
539 1537 546 1555 ε
564 1529 610 1564 qui
623 1529 656 1556 de
673 1529 781 1557 Satanae
795 1534 934 1565 potentatu
960 1531 1017 1566 glo-

1072 1529 1121 1564 τὴν
1143 1526 1304 1562 προαίρεσιν
1320 1525 1374 1551 τῶν
1396 1522 1650 1558 ἐμπολιτευομένων
1668 1520 1708 1555 τῷ
1722 1521 1783 1547 τότε
1799 1519 1858 1554 βίῳ,

231 1576 574 1611 riautes,incomparabili
604 1580 804 1604 t0rmentorum
835 1577 1021 1613 magnitudine

231 1623 364 1650 adversus
379 1622 431 1648 sibi
446 1626 630 1656 repugnantes
643 1626 772 1650 utentur:
790 1623 1020 1658 quemadmodum

233 1667 316 1702 igitur
327 1666 401 1700 fecit,
413 1666 540 1694 reddetur
554 1666 616 1701 ipsi.

268 1711 381 1739 Reddite
412 1712 453 1738 illi
479 1711 600 1746 duplum.
621 1712 679 1739 Non
708 1712 819 1747 duplum
841 1713 950 1749 proprie
964 1714 1022 1741 vult

233 1758 280 1786 hic
310 1758 424 1792 intelligi
452 1758 639 1792 duplicatum:
668 1758 717 1786 sed
743 1759 816 1794 quod
841 1759 974 1794 benignus
990 1767 1022 1787 ac

234 1805 324 1832 bonus
341 1803 423 1834 Deus,
438 1811 500 1831 cum
515 1804 593 1838 punit
611 1803 692 1831 etiam
710 1803 781 1831 infra
794 1804 820 1832 id
836 1805 908 1840 quod
916 1805 1021 1840 justum

234 1854 287 1882 est,
303 1849 415 1884 duplum
427 1856 457 1877 se
477 1849 631 1877 reddidisse
644 1849 719 1876 ducit
730 1849 776 1876 ubi
792 1850 834 1877 vel
847 1855 950 1885 partem
961 1851 1022 1878 red-

234 1895 335 1923 diderit
350 1904 357 1922 :
370 1902 420 1923 nec
437 1895 527 1923 solum
543 1895 666 1931 duplum,
683 1895 729 1923 sed
739 1901 765 1923 et
776 1896 930 1931 septuplum
949 1896 1022 1924 :uisi

235 1941 362 1969 lortassis
379 1941 413 1968 id‘
431 1941 643 1969 existimandum
665 1945 706 1969 est
732 1941 782 1969 has
807 1950 860 1968 nou
887 1949 949 1970 esse
973 1941 1021 1970 Dei

235 1989 336 2015 minas.
356 1987 498 2021 Quomodo
528 1987 601 2015 enim
621 1988 645 2015 is
669 1988 715 2024 qui
739 1988 815 2021 dicit,
835 1997 844 2014 ι
869 1987 928 2016 Non
953 1988 1022 2016 ulci-

235 2033 375 2061 sceturhis
390 2032 461 2060 Deus
476 2039 559 2067 super
575 2031 669 2059 eadem
695 2039 725 2059 re
744 2031 794 2065 ",i
810 2039 883 2059 nunc
900 2032 926 2059 in
940 2031 1023 2066 duplo

235 2087 268 2106 ac
280 2080 405 2114 septuplo
417 2079 454 2106 ait
465 2078 554 2113 ipsum
571 2078 685 2105 ulcisci?
695 2077 832 2106 Fortassis
853 2077 935 2113 igitur
955 2078 1023 2105 nihil

235 2125 384 2152 absurdum
406 2124 497 2156 fuerit,
511 2123 534 2151 si
549 2123 700 2158 accipiatur
712 2123 867 2158 signiﬁcare
879 2131 932 2151 non
945 2123 1023 2159 juxta

235 2171 406 2207 dignitatem,
419 2170 467 2198 sed
484 2169 641 2205 longeinl‘ra
656 2177 824 2197 mensuram.

268 2205 403 2248 Quantum
413 2216 569 2250 gloriﬁcatit
577 2223 604 2241 se
610 2220 634 2242 et
640 2216 766 2242 lasciviit.
774 2215 1019 2248 Quemadmodum,
1035 2205 1063 2234 Ῑ)

237 2262 342 2296 inquit,
371 2265 398 2288 ct
425 2261 574 2296 gloriﬁcata
595 2265 622 2287 et
650 2261 677 2287 in
699 2260 826 2295 praesenti
843 2261 898 2288 vita
916 2261 1022 2289 deliciis

237 2307 372 2340 dilllucns,
391 2314 445 2333 non
462 2306 618 2341 adimplevit
629 2306 702 2340 quod
722 2306 884 2340 prmviderat
897 2313 958 2333 esse
978 2307 1022 2333 di-

238 2353 306 2379 vinae
318 2352 476 2384 voluntatis.
491 2353 527 2379 ita
547 2351 664 2379 reddite.
684 2351 755 2379 Dicit
772 2352 845 2379 enim
861 2361 868 2380 :
897 2351 954 2379 Non
972 2353 1026 2387 pri-

237 2399 321 2426 vabor
334 2405 427 2432 regno.

274 2444 308 2472 1η
321 2444 399 2471 corde
406 2452 465 2470 suo.
478 2443 532 2470 Cor
546 2444 664 2479 appellat
680 2443 852 2471 duratiouem
863 2450 958 2470 eorum
976 2443 1022 2477 qui

240 2497 303 2518 tunc
319 2491 401 2518 vitam
412 2490 597 2525 complebunt,
616 2497 685 2525 quos
699 2490 782 2517 etiam
795 2489 872 2516 liuxit
887 2496 950 2516 cum
967 2497 1025 2516 tnu-

239 2539 304 2565 liere
319 2537 484 2564 adulterium
503 2541 622 2570 patrare.

271 2581 416 2615 Propterea
440 2588 491 2607 uno
510 2580 552 2606 die
574 2580 676 2606 venient
706 2581 792 2614 plaga:
807 2578 876 2613 ejus.
899 2578 948 2606 Per
972 2578 1024 2605 hoc

237 2628 309 2662 quod
324 2627 399 2658 dicit.
419 2633 473 2653 uno
488 2626 541 2658 die,
559 2626 775 2660 inexspectatum
789 2632 822 2652 ac
850 2623 1020 2659 repentinum

238 2679 344 2708 tempus
370 2672 506 2707 signiticet
524 2680 579 2707 quo
596 2672 653 2698 haec
680 2671 849 2706 contingent.
873 2670 1021 2704 Postquam

237 2720 309 2746 enim
323 2719 425 2745 inimici
438 2718 524 2752 ipsius
537 2717 705 2745 obtinuerint
720 2717 809 2748 illam,
834 2720 962 2750 poterunt
982 2714 1023 2742 vel

239 2765 319 2792 unico
332 2765 376 2792 die
389 2771 470 2792 omne
485 2764 649 2799 supplicium
666 2764 692 2791 in
720 2770 780 2790 eam
802 2763 931 2790 inducere
962 2768 1022 2796 qua:

271 2853 291 2870 '°
308 2853 392 2880 Naum
407 2862 431 2886 ι,
447 2854 488 2881 l2.

1072 1575 1097 1601 οἳ
1111 1575 1143 1609 τῇ
1159 1571 1303 1606 δυναστείᾳ
1317 1569 1364 1597 τοῦ
1381 1568 1488 1596 Σατανᾶ
1502 1566 1682 1602 γαυριῶντες,
1701 1564 1813 1600 ἀμέτρῳ
1827 1565 1860 1599 τῇ

1071 1620 1125 1646 τῶν
1150 1617 1245 1645 δεινῶν
1268 1615 1380 1651 suam;
1399 1613 1470 1641 κατὰ
1487 1612 1541 1639 τῶν
1565 1611 1763 1645 ἀντικειμένων
1796 1618 1862 1636 κατ-

1072 1666 1231 1701 εχρήσαντο.
1248 1661 1345 1693 Καθὼς
1357 1658 1403 1688 οὖν
1415 1659 1552 1694 ἐποίησεν,
1568 1656 1726 1692 ἀποδοθήτω
1740 1656 1819 1691 αὐτῇ.

1114 1710 1250 1738 Ἀπόδοτε
1266 1708 1342 1742 αὐτῇ
1366 1706 1506 1733 διπλοῦν.
1535 1704 1571 1731 Οὐ
1591 1704 1621 1730 τὸ
1641 1702 1783 1730 διπλάσιον
1799 1701 1862 1737 βού-

1073 1757 1149 1783 λεται
1164 1755 1195 1782 τὸ
1211 1754 1333 1785 διπλοῦν,
1351 1752 1408 1780 ἀλλ’
1431 1753 1473 1778 ὅτι
1499 1750 1690 1785 φιλάνθρωπος
1704 1748 1742 1775 ὢν
1756 1749 1771 1774 ὁ
1795 1748 1861 1779 Θεὸς

1073 1801 1121 1829 καὶ
1134 1800 1235 1835 ἀγαθδς
1257 1799 1306 1825 καὶ
1322 1797 1388 1824 πολὺ
1407 1796 1619 1830 καταδεέστερον
1632 1793 1765 1827 κολάζων,
1779 1793 1862 1820 διπλᾶ

1073 1847 1158 1874 οἴεται
1172 1845 1372 1874 ἀποδεδωκέναι
1397 1843 1445 1870 καὶ
1459 1843 1524 1869 ὅταν
1542 1842 1625 1877 μέρος
1638 1841 1741 1876 ἀποδῷ,
1762 1840 1810 1867 καὶ
1829 1840 1860 1866 οὺ

1075 1893 1154 1929 μόνον
1167 1892 1258 1925 διπλᾶ,
1277 1891 1344 1917 ἀλλὰ
1361 1890 1408 1917 καὶ
1424 1888 1607 1919 ὲπταπλάσια,
1625 1888 1648 1914 εί
1665 1887 1702 1922 μή
1716 1895 1767 1913 που
1781 1885 1862 1912 τοῦτο

1073 1940 1179 1974 οἰητέον
1201 1939 1238 1970 ὡς
1265 1937 1296 1964 οὐ
1324 1936 1391 1963 Θεοῦ
1413 1935 1539 1969 ἀπειλῆς.
1568 1934 1630 1965 Πῶς
1645 1934 1699 1968 γὰρ
1722 1933 1736 1959 ὁ
1761 1932 1860 1966 λέγων,

1077 1996 1085 2012 ι
1106 1987 1163 2013 Οὐκ
1178 1982 1428 2019 ἐκδικήσειΚὺριος
1442 1981 1482 2012 δὶς
1496 1981 1542 2007 ἐπὶ
1552 1980 1581 2006 eo
1593 1979 1670 2011 αὐτὸ,
1687 1988 1696 2004 ι
1709 1977 1757 2005 νῦν
1768 1978 1861 2005 διπλάο

1075 2040 1119 2057 σιοι
1134 2030 1183 2057 καὶ
1212 2027 1385 2055 ἐπταπλὰσιά
1413 2034 1495 2062 φησιν
1513 2025 1645 2057 ὲκδικεῖν;
1662 2025 1692 2051 El
1710 2023 1757 2050 οῦν
1771 2023 1801 2050 τὺ
1822 2023 1863 2049 δι-

1074 2076 1159 2103 πλοῦν
1173 2070 1220 2102 καὶ
1243 2075 1313 2101 ἑπτα
1320 2073 1429 2100 πλάσιον
1443 2072 1474 2098 οὺ
1492 2071 1523 2098 τὸ
1548 2071 1609 2097 κατ’
1622 2069 1702 2102 ἀξίαν
1718 2069 1862 2104 σημαίνειν

1075 2121 1264 2156 ὑποληπτέον,
1289 2119 1356 2147 ἀλλὰ
1382 2118 1412 2144 τὺ
1438 2116 1632 2152 μετριώτερον,
1666 2115 1731 2146 ἴσως
1759 2114 1861 2141 ἄτοπον

1075 2168 1163 2195 οὐδέν.

1112 2213 1191 2240 Ὅσα
1201 2211 1347 2244 ἐδόξασεν
1357 2209 1480 2243 ἑαυτὴν,
1493 2208 1738 2243 καίέστρηνίασε.
1751 2207 1862 2239 Καθὼς,

1076 2259 1155 2294 φησὶ,
1178 2257 1338 2290 δοξασθεῖσα
1353 2256 1399 2282 καὶ
1415 2254 1684 2289 κατασπαταλὴσασα
1698 2253 1744 2280 τοῦ
1763 2252 1863 2289 παρόν-

1075 2313 1121 2336 τος
1136 2304 1206 2339 βίου,
1230 2302 1359 2338 πρόνοιαν
1374 2301 1404 2328 οὺ
1418 2300 1567 2336 πεποίηται
1585 2299 1632 2326 τοῦ
1648 2299 1720 2326 θείου
1740 2298 1862 2333 Θελήμα-

1076 2358 1132 2383 τος,
1145 2348 1232 2380 οὕτως
1243 2348 1357 2375 ἀπόδοτε
1372 2348 1452 2382 αὐτῇ.
1464 2346 1544 2380 Λέγει
1555 2345 1619 2380 γάρ·
1634 2345 1692 2372 Οὐκ
1703 2345 1799 2379 ἔσομαι
1814 2343 1861 2370 τοῦ

1078 2394 1230 2430 βασιλεύειν
1243 2393 1424 2428 ἑστερημένη.

1117 2442 1169 2469 Ἐν
1191 2440 1228 2475 τῇ
1254 2440 1361 2474 καρδίᾳ
1389 2438 1495 2473 αὐτῆς.
1523 2437 1661 2473 Καρδίαν,
1687 2436 1718 2463 τὸ
1745 2435 1863 2471 ἔμμονον

1075 2495 1142 2521 φησι
1160 2487 1214 2513 τῶν
1231 2485 1292 2512 τότε
1305 2485 1350 2512 τδν
1363 2485 1420 2519 βίον
1436 2483 1681 2519 συμπληρούντων,
1698 2481 1744 2514 οὓς
1760 2481 1808 2508 καὶ
1823 2481 1863 2512 εἰς

1074 2534 1190 2566 γυναῖκα
1206 2529 1389 2566 ἐμυοοποίησε
1408 2529 1564 2565 μακλῶσαν.

1109 2577 1161 2604 Διὰ
1187 2577 1273 2603 τοῦτο
1295 2577 1329 2603 ἐν
1349 2575 1402 2610 μιᾷ
1424 2575 1519 2609 ἡμέρᾳ
1538 2574 1667 2608 ἥξουσιν
1693 2574 1723 2600 al
1749 2571 1862 2607 πληγαὶ

1075 2622 1180 2655 αὐτῆς.
1198 2622 1247 2648 Διὰ
1260 2622 1307 2649 τοῦ
1319 2622 1420 2655 λέγειν,
1439 2621 1504 2655 μίαν
1519 2620 1636 2655 ἡμέραν,
1650 2619 1680 2645 τὸ
1692 2618 1863 2653 ἀπροσδόκη-

1075 2677 1120 2696 τον
1135 2669 1183 2695 καὶ
1196 2668 1294 2703 ἀθρόον
1308 2668 1384 2702 δηλοί
1399 2667 1445 2693 τοῦ
1462 2665 1558 2701 καιροῦ
1575 2667 1603 2691 ὲν
1615 2662 1637 2699 ᾧ
1652 2664 1738 2691 ταῦτα
1754 2663 1860 2698 συμϐή-

1076 2723 1164 2742 σεται.
1184 2714 1260 2741 Μετὰ
1278 2714 1332 2749 γὰρ
1346 2714 1376 2740 τὸ
1398 2713 1542 2748 ἐγκρατεῖς
1556 2711 1641 2746 αὐτῆς
1655 2709 1784 2745 γενέσθαι
1796 2709 1859 2740 τοὺς

1077 2762 1190 2798 ἐχθροὺς
1204 2761 1314 2795 ἐξαρκεῖ
1335 2761 1382 2787 καὶ
1398 2759 1446 2796 μία
1458 2759 1549 2795 ἡμέρα
1565 2759 1655 2785 πᾶσαν
1678 2757 1789 2784 κόλασιν
1811 2756 1859 2781 ἐπ-
