2092 3157
219 165 271 198 729

752 168 856 198 COMM
864 168 945 199 ENT.
968 169 1007 199 ΙΝ
1027 169 1293 203 APOCALYPSIN.

1792 177 1846 208 '13)

218 223 331 255 αγαγεῖν
347 222 379 256 τῇ
407 221 567 256 ὴττηθείσῃ,
581 221 694 248 δυνατοῦ
719 222 794 253 ὄντος
823 222 871 248 τοῦ
899 223 997 256 Κυρίου

1054 225 1158 253 devicta
1183 226 1286 254 fuerit:
1306 235 1369 254 cum
1390 232 1487 262 potens
1510 228 1546 256 sit
1565 228 1696 257 Dominus
1715 231 1847 264 quenmL

218 267 314 302 ὥσπερ
330 267 385 298 τοῖς
407 266 599 302 suspecto-36w
617 266 692 301 αὑτῷ
710 267 745 293 τὰ.
757 267 869 303 θυμήρη
890 269 1005 304 προσνέ-

219 322 295 348 μειν,
312 313 384 339 οὕτω
409 313 455 339 καὶ
477 312 602 345 κολάζειν
617 313 822 349 ἁνεπιστρόφως
850 314 1007 349 ἐξαμαρτά-

217 367 323 390 νοντας.

251 403 306 431 Kal
330 404 502 432 κλαύσουσι
530 404 579 431 καὶ
606 404 753 439 κόψονται
781 404 827 431 ἐπ’
855 404 952 438 αὐτὴν
969 406 1005 435 ,οι

214 450 354 482 βασιλεῖς
370 449 425 484 τῆς
443 449 515 484 γῆς,
538 451 567 477 οί
578 450 641 485 μετ’
660 449 755 485 αὐτῆς
780 451 1004 484 πορνεύσαντες

215 495 264 522 καὶ
281 495 535 529 στρηνιάσαντες,
563 495 637 522 ὅταν
656 496 795 528 βλέπωσι
814 496 869 523 τὸν
885 497 1004 523 καπνὸν

214 541 270 574 τῆς
286 541 448 575 πυρώσεως
472 541 583 574 αὐτῆς,
600 541 659 568 ἀπὸ
677 542 825 575 μακρόθεν
840 541 1003 575 ἑστηκότες

214 585 262 613 διὰ
283 587 338 613 τὸν
358 587 453 620 φόϐον
472 586 526 613 τοῦ
540 586 738 621 βασανισμοῦ
757 586 870 621 αὐτῆς,
893 587 1000 621 λέγον-

214 640 262 664 τες
273 639 279 646 ·
304 632 388 665 Οἰ-αι,
403 632 482 665 οὐαὶ,
498 633 517 666 ἠ
538 632 627 665 πόλις
640 632 660 665 ἠ
676 632 792 666 μεγάλη
811 633 964 664 Βαϐυλὼν,
980 634 999 667 ἡ

213 678 302 709 πόλις
323 677 342 710 ἡ
368 677 486 711 ισχηρὰ,
506 677 550 703 ὅτι
564 677 599 703 ἐν
617 676 671 711 μιᾷ
683 676 742 710 ὥρᾳ
755 674 849 711 ἦλθεν
865 678 884 711 ἠ
900 678 1000 712 κρίσις

211 729 280 749 σου.
300 722 356 748 Καὶ
384 723 412 749 al
441 722 564 757 ἔμποροι
591 722 646 756 τῆς
669 721 725 757 γῆς
751 722 922 749 κλαύσουσι
949 723 998 749 καὶ

212 769 420 799 πενθήσουσιν
435 769 481 795 ἐπ’
507 767 603 802 αὐτῇ,
631 768 677 794 ὅτι
704 767 757 794 τὸν
781 768 874 802 νόμον
899 767 1000 794 αὐτῶν

211 814 311 847 οὐδεὶς
331 814 473 849 ἀγοράσει
489 814 543 841 ἔτι.
568 814 674 841 οὐκέτι
701 815 795 849 τόμον
816 814 934 848 χρυσοῦ
948 814 998 841 καὶ

211 859 350 893 ἀργύρου,
372 858 422 885 καὶ
438 859 526 887 λίθου
542 858 640 893 τιμίου
666 858 715 885 καὶ
730 858 924 893 μαργαρίτου,
947 859 997 885 και

211 905 374 937 βυσσίνου,
391 904 441 932 καὶ
458 904 623 939 πορφυροῦ,
639 903 689 931 καὶ
706 904 845 938 σηρικοῦ,
864 904 914 931 καὶ
929 913 997 931 κοκ-
1014 895 1034 921 Β

210 950 307 982 κίνου,
329 950 380 977 καὶ
399 949 461 977 πᾶν
476 950 572 982 ξύλον
592 950 715 981 θύινον,
731 950 781 976 καὶ
798 949 860 977 πᾶν
886 949 998 983 σκεῦος

210 995 419 1028 ἐλεφάντινον,
443 994 493 1021 καὶ
515 994 577 1022 πᾶν
595 995 704 1028 σκεῦος
730 995 765 1021 ἐκ
782 994 878 1027 ξύλου
898 1003 997 1029 τιμιωτ

210 1039 308 1070 τάτου,
323 1039 373 1066 και
388 1039 513 1073 χαλκοῦ,
531 1040 579 1066 καὶ
600 1039 738 1073 σιδήρου,
763 1040 811 1066 και
827 1040 995 1075 μαρμάρου,

209 1085 255 1112 καὶ
274 1085 455 1120 κινάμωμον,
473 1085 524 1112 καὶ
551 1085 727 1120 θυμιάματα,
745 1085 794 1112 καὶ
815 1086 923 1121 μῦρον,
946 1087 996 1114 καὶ

209 1131 341 1164 λίϐανον,
362 1131 412 1158 καὶ
433 1131 546 1163 ἔλαιον,
566 1131 616 1158 καὶ
638 1129 732 1163 οἶνον,
750 1132 799 1158 καὶ
822 1132 990 1166 σεμίδαλιν,

208 1176 254 1203 καὶ
268 1176 363 1208 σῖτον,
400 1176 450 1203 καὶ
461 1178 608 1211 πρόϐατα,
623 1177 672 1204 καὶ
691 1176 804 1211 κτήνη,
823 1176 873 1204 καὶ
893 1177 992 1204 ἵππων

208 1221 254 1248 Ital
266 1221 379 1256 ραιδῶν
392 1223 441 1249 καὶ
457 1222 610 1256 σωμάτων,
627 1223 676 1250 καὶ
712 1223 816 1258 ψυχὰς
835 1223 1008 1257 ἀνθρώπιον.

1057 271 1166 298 modum
1182 279 1312 307 prospera
1329 273 1493 300 distribuere
1509 274 1552 301 bis
1563 275 1610 309 qui
1625 275 1675 301 sibi
1692 275 1760 309 grati
1771 280 1845 307 sunt,

1056 317 1091 343 ita
1105 321 1132 344 et
1143 324 1302 352 peccatores
1312 319 1504 347 irrcmcdiabili
1517 320 1598 347 modo
1614 321 1721 355 punire.

1089 406 1172 441 798
1188 406 1280 439 XVIII,
1296 406 1374 434 9-H.
1399 407 1433 434 Et
1448 407 1546 443 ﬂebunt
1570 412 1595 434 et
1614 408 1738 443 plangent
1767 415 1841 441 super

1053 450 1128 476 illam
1144 458 1214 485 reges
1230 456 1318 483 terra,
1334 451 1379 485 qui
1399 460 1458 478 cum
1474 451 1521 478 illa
1539 453 1651 478 scartati
1670 456 1731 478 sunt
1754 457 1778 477 et
1801 452 1844 478 la-

1052 496 1203 528 sciviarum,
1219 503 1279 522 cum
1296 496 1406 524 viderint
1420 497 1522 531 funium
1543 497 1659 524 incendii
1669 497 1727 531 ejus
1749 505 1754 510 ·
1769 497 1844 532 longe

1052 546 1152 568 stantes
1160 545 1267 576 propter
1286 542 1405 569 timorem
1417 544 1540 570 tormenti
1555 543 1622 577 ejus,
1635 543 1749 570 dicentes
1762 552 1770 569 :
1788 542 1843 576 I’te,

1052 595 1100 620 me,
1115 588 1208 614 ciuitas
1222 587 1270 614 illa
1287 596 1385 623 magna
1408 587 1527 623 Babylon
1541 609 1549 621 ,
1571 590 1664 616 ciuitas
1681 589 1728 616 illa
1755 589 1843 623 (ortis,

1050 634 1175 669 quoniam
1188 642 1240 660 una
1250 634 1315 661 liora
1331 635 1397 662 venit
1413 635 1546 669 judicium
1567 640 1651 662 tuum.
1673 635 1708 662 Et
1722 637 1843 670 negotia—

1051 685 1119 707 tores
1134 685 1211 707 terra:
1227 680 1325 714 ﬂebunt
1339 688 1371 707 ac
1395 680 1518 715 lugebant
1536 681 1671 714 superilla
1688 689 1697 707 :
1718 682 1843 716 quoniam

1049 733 1115 751 onus
1126 734 1216 752 eorum
1236 733 1311 752 nemo
1327 729 1393 752 emet
1408 727 1543 760 amplius}
1558 734 1609 752 non
1618 726 1677 760 jam
1700 734 1766 752 onus
1782 727 1843 752 auri

1049 775 1072 797 et
1088 771 1202 804 argenti.
1217 775 1241 797 et
1257 771 1355 805 lapidis
1367 771 1478 805 pretiosi
1493 775 1517 797 et
1539 772 1709 805 margaritw,
1726 775 1750 798 et
1770 771 1841 805 byssi

1048 819 1072 842 et
1086 823 1210 850 purpura?
1220 820 1245 842 et
1257 816 1334 842 serici
1346 821 1370 843 et
1387 817 1501 849 cocciget
1513 824 1588 842 omne
1597 817 1696 850 tignum
1711 816 1841 850 tltyinum,

1047 866 1072 888 et
1087 869 1162 888 omne
1176 869 1221 888 vas
1235 863 1389 893 eburneum,
1407 867 1432 888 et
1454 870 1529 889 omne
1546 870 1591 889 vas
1609 862 1640 889 de
1653 862 1722 896 ligno
1742 863 1842 896 pretio-

1047 907 1151 934 sissima
1167 912 1191 934 et
1205 915 1256 934 tere
1272 913 1298 934 et
1313 907 1383 942 ferro
1404 912 1427 934 et
1449 913 1642 940 marmore,.et
1663 908 1841 934 cinatnomnm

1046 955 1071 978 et
1097 951 1270 978 odorantenta
1291 957 1314 978 et
1341 957 1502 986 unguentum
1527 957 1551 978 et
1562 952 1639 983 (ltus,
1658 957 1683 978 et
1707 951 1793 978 oleum
1815 955 1840 977 et

1046 996 1134 1023 vinum
1152 1001 1177 1023 et
1190 996 1306 1023 similam
1322 1001 1347 1023 et
1363 997 1491 1029 triticum,
1503 1002 1527 1024 et
1540 1005 1597 1024 oves
1613 1002 1638 1024 et
1655 997 1788 1030 jumenta,
1814 1001 1839 1023 et

1045 1047 1201 1077 equorumet
1208 1042 1350 1069 rltedarnm
1358 1047 1382 1069 et
1389 1051 1540 1076 corporum,
1548 1047 1572 1069 et
1581 1043 1684 1069 mximas
1694 1042 1838 1068 hominum.

1045 1087 1081 1114 Et
1092 1092 1192 1122 tempus
1202 1087 1326 1114 desiderii
1337 1088 1434 1114 animo:
1446 1093 1497 1114 tua:
1510 1087 1616 1114 recessit
1629 1095 1645 1114 α
1665 1091 1700 1119 te,
1714 1091 1738 1113 et
1751 1086 1839 1112 omnia

1045 1133 1154 1167 pinguia
1173 1140 1198 1159 et
1216 1132 1346 1167 prteclara
1366 1135 1500 1168 perierunt
1519 1137 1575 1160 ate
1587 1153 1595 1165 ,
1614 1137 1638 1159 et
1661 1131 1775 1166 amplius
1791 1131 1840 1158 illa

1045 1185 1208 1212 nequaquam
1223 1178 1348 1205 invenies.

1045 1224 1100 1251 Kal
1125 1224 1143 1257 ή
1177 1223 1278 1257 ὀπώρα
1307 1223 1363 1257 τῆς
1384 1224 1544 1259 ἐπιθυμίας
1567 1223 1623 1257 τῆς
1653 1221 1756 1256 ψυχῆς
1781 1229 1840 1248 σου

202 1267 344 1301 ἀπῆλθεν
359 1268 418 1295 ἀπὸ
439 1268 506 1296 σοῦ.
524 1269 579 1295 Kal
597 1268 696 1296 πάντα
727 1268 764 1296 τὰ
793 1269 906 1303 λιπαρὰ
923 1269 973 1296 καὶ
996 1269 1032 1297 τὰ
1050 1271 1172 1305 λαμπρὰ
1206 1269 1341 1297 ἀπώλετο
1365 1270 1425 1297 ἀπὸ
1451 1269 1526 1302 σοῦ,
1551 1269 1601 1296 καὶ
1618 1268 1717 1296 οὐκέτι
1741 1268 1777 1294 οῠ
1794 1265 1839 1301 μὴ

207 1314 296 1348 εὕρῃς
312 1314 399 1342 αὐτά.

245 1361 385 1396 Ἐπιμένει
414 1363 448 1397 τῇ
482 1362 646 1398 τροπολογίᾳ
677 1362 716 1394 ὡς
748 1362 990 1398 ἑκφαντικωτὲραν

1078 1361 1108 1387 1η
1123 1360 1217 1388 eadem
1231 1364 1374 1394 permanet
1387 1358 1547 1394 tropologia,
1561 1361 1591 1385 ιιι
1604 1358 1780 1387 manifestius
1792 1360 1839 1389 iiat

208 1406 330 1441 γενέσθαι
350 1407 405 1434 ἀπὸ
429 1407 479 1442 τῆς
494 1409 626 1443 πορνικῆς
640 1407 813 1442 ἀκαθαρσίας
833 1408 883 1443 τὴν
898 1409 990 1444 πλημ-

1045 1406 1174 1433 delictum
1198 1405 1358 1433 meretriciae
1373 1404 1561 1439 impudicitia.
1576 1403 1631 1431 Hos
1652 1408 1743 1431 autem
1760 1405 1835 1432 dixi-

206 1452 326 1487 μέλειαν.
345 1452 416 1484 Τοὺς
445 1452 574 1488 δαίμονας
600 1452 629 1479 δὲ
654 1451 725 1480 slva:
749 1452 862 1484 τούτους
885 1453 991 1488 ἔφαμεν

1045 1458 1104 1477 mus
1117 1457 1178 1477 esse
1196 1450 1334 1477 daemones
1352 1449 1435 1476 etiam
1459 1449 1538 1483 longe
1559 1452 1676 1477 stantes.
1689 1448 1757 1477 Nam
1783 1450 1836 1484 ipsi

206 1497 252 1524 καὶ
272 1497 407 1532 μακρόθεν
428 1498 588 1532 ἑστηκότας.
604 1498 688 1524 Αὐτοὶ
708 1498 763 1534 γὰρ
792 1498 840 1525 ἆτε
857 1498 927 1530 νόες,
944 1498 992 1524 καὶ

1046 1500 1176 1531 tanquam
1208 1496 1355 1523 abstractae
1383 1495 1585 1530 intelligentia,
1621 1496 1725 1523 exitum
1753 1496 1835 1523 etiam

205 1541 257 1578 πρὸ
271 1544 320 1577 τῆς
347 1543 445 1577 πείρας
461 1542 510 1578 τὴν
534 1543 671 1570 διέκῦασιν
686 1543 786 1570 εἰδέναι
805 1540 858 1570 οἷοί
873 1543 904 1570 τι
926 1544 992 1576 εἱσι,

1047 1541 1207 1576 priusquam
1225 1541 1271 1568 ﬁat
1288 1541 1440 1575 intelligere
1466 1545 1598 1575 possunt,
1623 1546 1651 1568 et
1677 1547 1806 1576 tanquam
1820 1549 1835 1569 ι

205 1589 251 1614 καὶ
263 1587 301 1620 ὡς
315 1588 369 1628 ἀπὸ
384 1588 488 1615 καπνοῦ
504 1589 552 1615 τοῦ
571 1589 658 1624 πυρὸς
672 1589 722 1625 τὴν
739 1589 888 1616 ὑπόστασιν
903 1589 991 1616 συνιέ-

205 1643 257 1661 vat.
270 1634 308 1661 Τὸ
322 1634 364 1662 δέ’
378 1634 462 1667 Οὺαί,
479 1635 615 1670 θρηνῶδες
626 1637 701 1662 ἐστιν
712 1635 882 1671 ἐπίφθεγμα,
895 1635 991 1667 εἰωθὸς

204 1681 249 1706 ἐπὶ
271 1681 425 1715 συμφοραῖς
442 1680 654 1715 ὲνεργουμέναις
671 1681 864 1714 ὲκφωνεῖσθαι.
880 1681 926 1708 Διὸ
943 1681 991 1708 καὶ

204 1725 250 1752 νῦν
264 1726 381 1760 μάλιστα
396 1726 436 1760 τῷ
453 1726 618 1761 παγκοσμίῳ
630 1727 678 1754 καὶ
699 1726 791 1761 ἁθρόῳ
806 1727 990 1762 συμπτώματι

204 1771 455 1806 μετακεχείρισται.
479 1771 603 1806 ’ἰσχυρὰν
616 1772 644 1798 δὲ
656 1771 734 1798 πόλιν
754 1772 840 1808 αὐτήν
856 1781 938 1806 φησιν
952 1772 991 1804 ὡς

203 1817 232 1850 ἐξ
246 1817 362 1851 ἀπείρου
385 1817 478 1852 σχεδὸν
497 1817 593 1853 χρόνον
617 1818 647 1844 τδ
663 1816 731 1844 εἶναι
751 1818 930 1845 διαλαϐοῦσαν
951 1819 990 1850 είς

203 1862 386 1897 ἀδιάρρηκτον
400 1862 548 1898 σύνδεσμον
564 1863 612 1890 καὶ
634 1862 734 1890 οὔποτε
757 1863 921 1890 ἐλπισθέντα
934 1863 991 1890 δια-

203 1907 327 1943 λυθῆναι.

237 1997 293 2025 Kai
310 1998 338 2024 οι
362 1997 484 2031 ἔμποροι
497 1995 551 2030 τῆς
566 1996 622 2031 γῆς
639 1996 820 2023 κλαύσουσι.
848 1994 991 2022 Ἐντεῦθεν

203 2043 429 2079 ἀπαριγράπτως
450 2042 600 2078 ἔκληπτέον
624 2041 660 2068 τὰ
683 2040 930 2076 χρησμῳδούμενα,
957 2040 987 2067 οὐ

203 2090 268 2124 περὶ
293 2089 463 2121 Βαὸυλῶνος,
481 2089 511 2115 οὐ
538 2087 649 2122 Ῥώμης
671 2087 722 2121 τῆς
738 2087 866 2118 παλαιᾶς,
891 2086 921 2112 οὐ
939 2085 989 2120 τῆς

204 2134 278 2167 νέας,
292 2134 342 2161 οὐκ
363 2133 446 2169 ἄλλης
459 2134 532 2165 τινος
547 2133 611 2168 ptri;
629 2132 742 2165 πόλεως,
767 2131 835 2159 ἀλλὰ
850 2131 898 2158 τοῦ
918 2131 988 2166 σύμ.-

204 2187 304 2210 παντος
317 2178 413 2205 τούτου
429 2177 551 2214 φθαρτοῦ
567 2177 683 2211 κόσμου,
698 2176 798 2204 καθ’ὃν
810 2177 836 2202 οἱ
853 2177 886 2204 τὰ
902 2177 987 2211 πρόσ-

1045 1586 1121 1613 fumo
1137 1587 1274 1621 cognitam
1287 1586 1387 1613 habere
1401 1585 1472 1621 ignis
1487 1586 1680 1614 substantiam.
1695 1587 1772 1620 Quod
1786 1595 1837 1614 au-

1045 1635 1097 1658 tem
1124 1631 1161 1657 ait
1181 1640 1187 1657 :
1205 1630 1260 1662 Vw,
1286 1630 1467 1658 lamentabilis
1483 1634 1526 1658 est
1542 1631 1706 1658 exclamatio
1722 1639 1776 1666 qua
1792 1639 1837 1658 so-

1044 1677 1102 1704 lent
1117 1677 1271 1704 exclamare
1290 1676 1317 1703 in
1337 1676 1595 1711 supervenientibus
1613 1677 1833 1705 calamitatibus:

1044 1722 1105 1749 ideo
1120 1729 1231 1756 quoque
1245 1728 1319 1748 nunc
1336 1722 1455 1748 maxime
1471 1722 1498 1748 in
1522 1722 1641 1756 generali
1654 1725 1682 1749 et
1695 1722 1836 1749 cumulato

1044 1768 1242 1803 repentinoque
1255 1775 1320 1795 casu
1339 1775 1372 1794 ac
1386 1766 1546 1794 infelicitate
1564 1767 1597 1794 ad
1619 1775 1697 1795 usum
1716 1768 1834 1795 dedurta

1043 1819 1094 1842 est.
1114 1814 1224 1842 Fortem
1238 1821 1302 1841 vero
1317 1813 1453 1840 civitatem
1476 1813 1543 1840 dicit
1559 1813 1646 1848 ipsam
1658 1835 1665 1847 ,
1680 1818 1708 1841 ut
1720 1822 1782 1849 qua:
1801 1815 1836 1842 ab

1044 1859 1149 1887 inﬁnito
1156 1859 1351 1894 propemodum
1363 1864 1485 1894 tempore
1501 1859 1658 1886 ﬁrmitatem
1672 1861 1834 1894 accepisset,

1043 1912 1105 1939 qute
1121 1905 1262 1932 videretur
1274 1912 1328 1931 non
1345 1911 1427 1939 posse
1441 1905 1571 1940 dirumpi,
1589 1912 1679 1940 neque
1694 1906 1836 1934 timeretur

1043 1959 1164 1987 unquam
1181 1951 1367 1979 dissolvenda.

1078 1996 1114 2023 Et
1133 1996 1309 2031 negotiatores
1338 1999 1415 2022 terra:
1430 1995 1540 2029 ﬂebunt.
1568 1994 1616 2022 Vel
1634 2003 1667 2022 ex
1688 1996 1740 2022 hoc
1770 1996 1833 2023 loco

1043 2042 1139 2077 procul
1150 2041 1235 2068 dubio
1247 2040 1423 2076 intelligenda
1436 2046 1497 2067 sunt
1514 2047 1576 2075 qua:
1593 2041 1705 2068 oraculo
1721 2041 1834 2068 tradun-

1043 2091 1099 2120 tur,
1117 2093 1172 2114 non
1183 2086 1217 2113 de
1232 2085 1441 2121 Babylone,non
1460 2084 1494 2112 de
1510 2084 1597 2112 Koma
1616 2085 1711 2118 reteri,
1731 2093 1783 2112 non
1801 2085 1835 2112 de

1043 2140 1126 2164 nom,
1144 2139 1234 2166 neque
1254 2131 1288 2158 de
1305 2131 1358 2158 alia
1378 2130 1504 2165 quapiam
1524 2130 1578 2157 alia
1594 2130 1721 2163 civitate,
1739 2130 1786 2158 sed
1800 2131 1835 2158 de

1043 2177 1191 2205 universali
1212 2177 1263 2204 hoc
1276 2175 1446 2210 corruptibili
1466 2175 1567 2202 mundo
1584 2184 1592 2202 :
1610 2175 1637 2203 in
1659 2183 1715 2210 quo
1732 2175 1760 2203 lii
1786 2176 1834 2210 qui

206 2232 290 2259 καιρα
315 2224 531 2258 ἐμπορευόμενοι
564 2222 697 2257 κλαυθμῷ
730 2223 777 2249 καὶ
802 2222 895 2249 πένθει
920 2222 990 2249 ἁλώ-

1045 2222 1238 2257 temporalibus
1265 2225 1430 2249 exercentur
1453 2220 1703 2256 negotiationibus,
1719 2221 1782 2249 ﬂetu
1802 2229 1835 2249 ac

205 2276 308 2301 σονται,
328 2267 373 2294 ὅτι
399 2268 453 2294 τὸν
479 2269 573 2302 γόμον
598 2266 699 2294 αὐτῶν
721 2267 821 2300 οὐδεὶς
840 2266 991 2301 ἀγοράσει.

205 2314 293 2348 Γόμον
317 2314 345 2339 δὲ
370 2314 403 2340 τὰ
419 2313 622 2348 ἐπιτηδεύματα
640 2312 727 2347 λέγει,
746 2312 811 2348 περὶ
832 2312 851 2339 ὃ.
865 2312 993 2340 εἰώθασιν

205 2360 228 2386 οξ
244 2359 292 2386 ἄνθ
298 2367 383 2394 ρωποι
397 2359 620 2394 κατατρίϐεσθαι.

242 2405 347 2432 Οὐκέτι
363 2406 454 2439 ¹Γόμον
469 2405 603 2439 χρυσοῦ,
625 2405 673 2432 καὶ
692 2404 728 2431 τὰ
754 2403 829 2438 ἑξῆς.
847 2404 894 2435 El;
908 2404 994 2439 γόμον

205 2451 240 2477 τὰ
253 2450 458 2486 ἐπιτηδεύματα
473 2451 562 2485 φέρει.
574 2448 626 2478 ’Ὧν
655 2451 705 2485 τῆς
720 2450 865 2484 ἐπικαίρου
889 2450 993 2484 ταύτης

205 2497 381 2531 διαρρυείσης
405 2496 508 2531 βιοτῆς,
533 2496 595 2523 καθ’
622 2497 655 2531 ἣν
683 2495 731 2522 καὶ
751 2497 767 2531 ὴ
792 2495 913 2530 ἐμπορία
938 2495 993 2522 τῶν

205 2542 428 2577 ἐπιτηδευμάτων
438 2542 469 2568 τὺ
484 2542 641 2577 ἔμπρακτον
656 2541 836 2576 ἀποφέρεται,
851 2542 901 2568 οὐκ
914 2542 993 2568 ἀπει-

205 2588 253 2620 ab;
268 2588 298 2614 τὸ
319 2588 416 2619 πένθος
444 2588 606 2615 ἐπεισιέναι.
625 2588 737 2622 Τιμίαις
751 2587 778 2613 δὲ
793 2587 868 2619 ὕλαις
883 2589 943 2619 aut;
963 2590 992 2615 ἐν

205 2633 245 2668 τῷ
267 2634 361 2669 κόσμῳ
386 2634 449 2666 τοὺς
465 2633 627 2668 ὲμὸιοῦντας
650 2632 724 2667 αὐτῷ
735 2632 863 2667 ἐξομοιοῖ,
879 2633 992 2669 ἀργύρῳ

208 2679 258 2714 μὲν
266 2680 313 2706 καὶ
329 2680 433 2714 χρυσῷ,
447 2681 507 2711 τοὺς
524 2679 631 2714 διαρκεῖ
647 2680 680 2714 τῇ
699 2678 833 2714 καρτερίᾳ
847 2680 911 2711 τοὺς
930 2689 992 2706 πει-

209 2725 328 2759 pauper);
345 2725 531 2760 ὑποφέροντας
544 2726 591 2751 τοῦ
606 2725 676 2759 βίου,
690 2724 738 2751 καὶ
753 2725 852 2756 αὐτοὺς
875 2726 915 2756 εἰς
937 2726 992 2761 πῦρ

206 2770 335 2801 εἰωθότας
361 2771 484 2806 δαπανᾷν
498 2792 505 2804 ,
532 2772 556 2798 εἱ
579 2771 626 2797 καὶ
649 2769 811 2806 κρειττόνων
833 2770 920 2797 ἐλπίδι
948 2772 991 2797 ὲν-

206 2815 350 2847 αθλοῦντες
374 2816 404 2842 τὸ
427 2817 567 2852 ἀλώεητον
594 2816 696 2852 ἔχουσι.
710 2817 822 2844 Τοιοῦτο
836 2817 890 2852 γὰρ
908 2817 954 2843 καὶ
978 2818 992 2842 ὁ

207 2861 305 2897 leuce;
323 2863 368 2889 καὶ
385 2863 524 2898 ὀᾶργυρος
539 2863 604 2899 πρὸς
624 2863 654 2889 τὺ
674 2863 767 2890 ενυλον
794 2864 991 2898 ἀποφαίνονται

1045 2267 1118 2295 Ιιιοιιι
1138 2271 1336 2294 consutnentur
1349 2286 1356 2299 ι
1385 2266 1448 2301 quia
1466 2273 1532 2292 onus
1547 2273 1637 2292 eorum
1654 2273 1729 2292 nemo
1755 2271 1832 2293 emet.

1043 2311 1119 2340 Onus
1135 2317 1225 2339 autem
1243 2311 1309 2339 dicit
1323 2311 1452 2338 exercitia
1464 2312 1505 2338 vel
1517 2311 1608 2338 studia
1624 2311 1697 2339 circa
1712 2319 1775 2347 qum
1789 2320 1834 2340 so-

1044 2358 1099 2386 lent
1117 2358 1242 2385 homines
1266 2356 1396 2384 continue
1413 2357 1516 2384 versari
1532 2362 1559 2384 et
1586 2356 1612 2384 in
1633 2357 1677 2384 his
1697 2358 1833 2386 consumi.

1079 2404 1161 2439 799
1178 2403 1381 2438 Nonjumonus
1397 2403 1467 2435 auri,
1480 2407 1532 2430 etc.
1548 2403 1588 2430 Ad
1601 2411 1670 2430 onus
1684 2403 1835 2430 refertvitze

1044 2450 1134 2478 studia
1146 2469 1154 2481 ,
1171 2450 1204 2476 ad
1231 2457 1292 2484 quae
1314 2448 1464 2476 verisimile
1478 2453 1522 2476 est
1542 2448 1646 2475 luctum
1665 2448 1771 2482 ingredi
1788 2448 1833 2475 ubi

1044 2496 1201 2527 temporalis
1217 2496 1274 2522 hinc
1290 2495 1345 2522 vita
1361 2494 1516 2525 deﬂuxerit,
1534 2494 1566 2522 ad
1585 2501 1665 2528 quam
1683 2493 1833 2528 negotiatio

1044 2541 1129 2568 refert
1152 2540 1300 2568 eﬂicaciatn
1322 2540 1486 2567 studiorum.
1505 2539 1639 2566 l’retiosis
1655 2543 1746 2565 autem
1771 2544 1833 2564 ma-

1044 2586 1120 2614 teriis
1135 2593 1196 2620 quae
1209 2585 1237 2612 in
1251 2585 1354 2612 mundo
1367 2589 1432 2612 sunt
1451 2585 1586 2612 assimilat
1600 2583 1721 2611 viventes
1738 2582 1767 2609 in
1779 2589 1832 2609 eo:

1044 2635 1155 2667 argento
1176 2631 1288 2666 quidem
1304 2635 1331 2658 et
1347 2638 1433 2665 auro,
1449 2638 1495 2657 eos
1509 2629 1556 2664 qui
1580 2627 1692 2656 assidua
1711 2627 1832 2654 toleran-

1045 2678 1080 2704 tia
1109 2677 1170 2704 vitae
1201 2677 1363 2704 tentationes
1389 2681 1416 2703 et
1440 2675 1601 2703 atllictiones
1625 2674 1776 2705 sustinent,
1801 2680 1833 2700 ac

1045 2725 1151 2758 scipsos
1170 2723 1254 2751 veluti
1277 2722 1311 2750 ad
1334 2723 1425 2758 ignem
1442 2722 1531 2749 solent
1558 2727 1731 2752 consumere,
1747 2726 1831 2754 quan-

1044 2778 1125 2806 quam
1142 2778 1191 2805 spe
1215 2770 1358 2798 meliorum
1383 2773 1517 2796 certantes
1536 2771 1647 2796 servant
1665 2773 1695 2794 se
1711 2766 1810 2793 illmsos
1825 2773 1832 2792 :

1044 2817 1096 2844 hoc
1122 2817 1196 2844 enim
1227 2816 1308 2844 modo
1330 2820 1357 2843 ct
1380 2823 1477 2842 aurum
1501 2818 1529 2841 et
1554 2817 1694 2848 argentum
1713 2811 1747 2838 ab
1770 2812 1833 2845 igne

1044 2862 1178 2890 nratcriali
1203 2862 1435 2890 demonstrantur.
1467 2860 1560 2892 Lepidi
1583 2866 1655 2890 vero,
1672 2857 1792 2887 pretioso
1809 2861 1833 2884 ct
