2092 3157
247 166 299 198 7'31

665 163 829 194 ARETHJE
846 161 1035 193 CJESAREzE
1053 160 1295 191 CAPPADOCL‘E
1317 158 1488 190 EPISCOPI

1820 156 1874 188 73?.

247 220 413 256 margaritis,
425 227 474 247 eos
488 219 534 255 qui
547 219 677 246 virtutum
695 217 869 252 possessione
882 224 930 252 per
941 220 1035 244 osten-
1049 225 1057 245 Α

1098 214 1152 250 εὕρ.
1169 214 1242 250 Λίθῳ
1257 215 1286 241 δὲ
1300 215 1385 249 τιμίῳ
1410 214 1457 240 καὶ
1480 212 1665 249 μαργαρίταις
1675 233 1683 244 ,
1699 212 1760 243 τοὺς
1775 212 1875 238 ἐπιδει-

249 267 378 294 tationem
419 266 589 297 abutuntur,
626 264 674 298 qui
708 264 811 299 impetu
846 263 1035 290 calamitatum

248 312 420 346 splendorem
433 311 620 338 debilitarunt.
638 308 724 344 Bysso
742 316 806 336 vero
823 312 851 336 et
865 315 993 343 purpura:
1005 314 1038 334 ac

251 357 303 384 litis
324 357 436 388 sericis,
450 363 497 383 eos
511 355 556 391 qui
576 355 628 383 sub
645 355 755 382 Christo
772 355 903 382 virtutum
924 354 1038 381 ﬂoribus

250 403 426 429 adornantur.
454 400 564 436 Ligneis
589 405 681 427 autem
711 400 785 428 vasis
810 404 837 427 et
862 400 895 427 iis
920 407 980 434 quae
1004 407 1037 427 ex

253 447 325 481 ligno
336 446 535 481 pretiosissimo
551 446 648 481 thyino
660 450 723 474 sunt
742 451 770 473 et
783 453 814 472 ex
829 446 911 473 ebore
923 451 948 472 et
961 445 1037 472 cina-

253 500 361 526 momo,
375 500 423 520 eos
437 493 483 527 qui
500 493 645 528 peregrino
665 493 728 519 vitae
752 492 884 520 exercitio
905 492 1040 527 vulgoque

253 539 392 574 incognito
414 544 530 567 utuntur
557 548 563 566 :
583 545 609 567 at
626 539 797 567 manifestata
817 539 951 567 bonorum
976 547 1040 574 ope-

253 595 312 614 rum
329 588 495 616 suavissima
513 588 692 623 Iumigatione
717 589 887 623 spiritualem
903 589 1041 623 accipiunt

251 633 384 664 laetitiam,
404 633 534 668 majorem
550 640 633 668 quam
648 633 701 660 dici
714 633 813 668 possit,
834 633 971 668 simulque
991 641 1041 661 nec

254 679 309 712 igni
327 678 436 704 invidia:
455 678 580 705 consumi
600 683 730 713 possunt,
746 679 976 714 quemadmodum
993 687 1041 706 ne-

252 732 305 758 que
319 724 505 751 cinamomum
522 724 575 758 igni
593 724 737 752 materiali.
758 724 844 751 Porro
857 725 903 751 aeri
918 729 945 751 et
968 724 1042 752 ferro

253 777 285 796 ac
302 770 449 802 marmori,
468 769 530 797 illos
551 771 598 805 qui
614 778 682 797 auro
704 771 812 804 quidem
834 770 939 798 similes
959 774 1042 804 sunt,

254 815 300 842 sed
315 815 406 842 nothis
421 823 453 843 ac
477 816 627 850 illegitimis
651 819 765 842 utuntur
779 816 892 849 divitiis,
909 817 1042 851 quemad-

256 861 367 887 modum
378 861 460 888 etiam
474 861 575 888 I'crrum
590 860 762 895 splendorem
775 861 867 893 habet,
882 866 909 888 et
920 868 1042 888 marmor

256 907 422 938 firmitatem,
438 915 555 942 quorum
570 907 693 934 omnium
719 907 790 942 ignis
805 907 965 942 probativus
986 911 1040 940 est,

255 957 281 978 et
299 952 335 979 ita
361 960 408 987 per
432 953 520 987 ignem
547 953 669 987 praebent
693 953 734 980 sui
755 953 955 987 probationem.
974 952 1042 980 Oleo

256 1005 320 1024 vero
337 1005 368 1024 ac
386 997 449 1024 vino
463 1002 489 1025 et
505 998 601 1025 simila:
616 1006 649 1025 ac
664 998 765 1031 tritico,
783 999 844 1026 illos
862 999 908 1034 qui
924 999 950 1026 in
972 999 1043 1026 hila-

257 1044 335 1070 ritate
357 1051 388 1070 ac
402 1043 523 1078 jucuudo
544 1044 642 1071 animm
662 1049 734 1071 statu
749 1044 811 1071 vita:
834 1045 946 1079 pelagus
967 1045 1043 1080 traji-

256 1087 342 1113 ciunt.
364 1085 468 1115 Ovihus
493 1093 583 1115 autem
612 1095 645 1115 ac
661 1089 793 1123 jumeulis
812 1089 1003 1116 assimileutnr
1017 1090 1044 1117 hi

256 1131 303 1166 qui
322 1132 454 1159 immensa
471 1133 518 1160 Dei
538 1133 738 1166 misericordia,
757 1138 785 1161 ut
807 1135 846 1162 ait
869 1135 971 1167 David,
992 1135 1045 1163 sal-

256 1182 367 1205 vantur.
385 1178 470 1213 Equis
491 1186 556 1206 vero
578 1183 605 1206 ct
632 1179 766 1206 vehiculis
789 1187 837 1214 per
862 1180 912 1208 hos
936 1181 1045 1213 tractis,

257 1229 319 1255 quae
338 1223 422 1250 veteri
440 1231 506 1250 voce
520 1223 637 1258 ἆγγαροι
660 1223 832 1258 dicebantur,
849 1225 936 1254 erci
955 1232 1045 1254 autem

257 1267 403 1301 δημοσίους
420 1268 626 1303 ίπποστάθμους
637 1270 786 1304 appellant,
801 1270 896 1299 Latina
915 1279 978 1299 vero
995 1281 1047 1300 vox

258 1316 301 1338 est
318 1312 412 1345 rheda,
427 1313 500 1340 unde
527 1319 553 1341 et
581 1315 725 1342 rhcdarius
742 1315 804 1342 trita
827 1316 910 1344 dictio
921 1321 973 1349 est,
988 1317 1048 1346 ideo

259 1365 370 1392 quoque
389 1358 433 1385 hic
460 1359 545 1386 dictio
567 1360 713 1387 rhedarum
736 1366 876 1396 assumpta
900 1368 958 1395 est,
986 1363 1048 1391 illos

260 1404 416 1437 signiﬁcare
431 1405 490 1431 vult
504 1405 551 1438 qui
566 1405 636 1432 viam
652 1406 842 1434 mandatorum
864 1407 972 1436 Domini
987 1416 1049 1437 cur-

260 1454 368 1483 rentes,
385 1451 451 1486 ipsis
469 1452 599 1487 operibus
618 1452 734 1480 Domino
750 1453 908 1482 decantant.

1088 261 1189 293 κτικῶς
1210 262 1244 296 τῇ
1268 262 1328 287 κατ’
1339 261 1441 296 ἀρετὴν
1456 260 1552 295 κτήσει
1566 259 1790 294 ἁποῃρωμένους.
1806 257 1830 285 οἳ
1841 259 1874 294 τῇ

1088 307 1143 334 τῶν
1151 307 1342 342 περιστάσεων
1352 307 1438 342 ἐφόδῳ
1448 306 1479 333 τὸ
1487 306 1521 333 λα
1525 305 1614 341 μπρδν
1628 304 1864 340 ἀπημϐλύνθησαν

1088 352 1184 388 Βύσσῳ
1191 353 1220 380 δὲ
1227 353 1275 379 καὶ
1282 352 1371 388 πορφὺ
1375 360 1410 387 ρα
1418 352 1524 383 καὶτοῖς
1533 351 1587 378 ἀπὸ
1594 350 1685 386 σηρῶν
1694 351 1725 386 νή
1730 358 1806 385 μασι,
1812 351 1875 381 τοὺς

1089 398 1136 427 ἐπὶ
1151 397 1261 433 Χριστῷ
1275 397 1313 432 τῷ
1329 397 1404 424 ἄνθει
1420 397 1474 424 τῶν
1488 397 1694 432 ἐπαινουμένων
1707 395 1875 431 καλλυνομέ-

1089 453 1159 476 νους.
1170 444 1291 476 Ξυλίνοις
1305 443 1334 470 δὲ
1346 443 1456 470 σκεύεσι
1466 443 1577 474 καὶτοῖς
1586 443 1618 470 ἐκ
1632 442 1711 474 ξύλου
1721 441 1769 468 τοῦ
1779 450 1876 477 τιμιω-

1089 490 1172 517 τάτου
1195 490 1287 517 θυῒνου
1310 489 1357 516 καὶ
1383 489 1532 524 ἐλέφαντος
1548 488 1596 516 καὶ
1618 487 1790 524 κιναμώμου,
1813 488 1877 518 τοὺς

1090 536 1284 572 ἁποξενωμένῃ
1300 537 1333 571 τῇ
1345 535 1392 562 τοῦ
1408 535 1467 570 βίου
1487 535 1603 567 ἀσκήσει
1622 535 1671 561 καὶ
1689 535 1745 566 τοῖς
1769 533 1878 564 πολλοῖς

1090 581 1265 616 ἀνεπιφάντῳ
1292 580 1494 616 χρησαμένους,
1531 580 1736 616 φανερωθέντος
1763 579 1792 606 δὲ
1829 579 1877 605 τοῦ

1091 626 1200 661 ἡδίστου
1213 627 1299 661 ἀτμοῦ
1313 626 1367 653 τῶν
1384 626 1615 661 κατορθωμάτων,
1631 625 1801 660 εὐφροσύνην
1823 624 1877 651 οὐδ’

1091 673 1158 708 ὅσην
1172 673 1260 698 εἰπεῖν
1282 671 1487 703 καταλαὸόντας
1507 671 1698 707 πνευματικὴν
1709 691 1717 704 ,
1747 670 1816 706 μετά
1830 670 1878 696 τοῦ

1094 719 1161 754 μηδὲ
1181 719 1249 754 πυρὶ
1269 718 1367 753 φθόνου
1388 719 1491 746 ἀλῶναι
1504 719 1577 750 οἵους
1597 727 1627 745 τε
1644 716 1724 750 εἶναι,
1751 717 1790 749 ὥς
1819 717 1880 744 οὐδὲ

1093 764 1160 798 πυρὶ
1172 763 1211 799 τῷ
1225 763 1310 799 ὲνύλῳ
1335 763 1505 798 κινάμωμον.
1530 763 1631 798 Χαλκῷ
1649 763 1678 790 δὲ
1703 762 1751 789 καὶ
1779 762 1880 798 σιδήρῳ

1093 810 1141 837 καὶ
1156 810 1304 845 μαρμάρῳ,
1318 809 1382 841 τοὺς
1401 809 1567 844 χρυσοειδεῖς
1594 809 1656 844 μὲν,
1677 809 1748 844 νόθῳ
1762 809 1790 836 δὲ
1807 817 1879 844 χρω-

1096 855 1193 890 μένους
1208 854 1248 890 τῷ
1264 854 1383 890 πλούτῳ,
1395 854 1433 886 ὡς
1450 855 1498 880 καὶ
1510 854 1618 889 σίδηρος
1628 854 1660 880 τὸ
1673 854 1810 888 στιλπνὸν,
1834 855 1882 881 καὶ

1096 901 1242 936 μάρμαρον
1258 900 1289 926 τὸ
1305 900 1429 936 στερρὸν,
1452 897 1490 927 ὧν
1517 900 1646 927 ἁπάντων
1669 900 1701 927 τὸ
1729 899 1786 935 πῦρ
1809 900 1882 927 δοκι-

1096 946 1238 980 μαστικόν.
1255 946 1310 972 Καὶ
1325 945 1398 972 οὕτω
1413 946 1462 980 μὲν
1479 945 1513 972 τὰ
1537 946 1581 973 διὰ
1594 946 1680 982 πυρὸς
1709 946 1740 972 τδ
1761 945 1882 981 δοκίμιον

1095 991 1279 1026 παρεχόμενα.
1301 991 1399 1027 Ἐλαίῳ
1421 991 1448 1018 δὲ
1468 992 1515 1018 καὶ
1531 992 1596 1026 οἴνῳ
1618 991 1663 1018 καὶ
1682 991 1821 1026 σεμιδάλει
1836 992 1883 1018 καὶ

1096 1036 1172 1072 σίτῳ,
1185 1038 1248 1068 τοὺς
1264 1037 1293 1064 ὲν
1311 1036 1449 1072 ἱλαρότητι
1475 1037 1523 1064 καὶ
1554 1036 1665 1072 εὔφρονι
1692 1037 1882 1072 καταστήματι

1095 1082 1186 1117 ψυχῆς
1203 1082 1234 1109 τὺ
1257 1082 1304 1109 τοῦ
1319 1082 1376 1117 βίου
1392 1083 1510 1116 πέλαγος
1533 1083 1756 1118 διανηχομένους.
1776 1082 1883 1118 [[9066-

1096 1136 1153 1160 τοις
1164 1127 1192 1154 δὲ
1208 1128 1254 1154 καὶ
1268 1128 1379 1163 κτήνεσι
1395 1128 1598 1163 παραϐληθεῖεν
1624 1128 1649 1154 οι
1677 1128 1718 1163 τῷ
1745 1127 1792 1154 τοῦ
1815 1128 1883 1154 Θεοῦ

1096 1173 1293 1208 ἁπειροπληθεῖ
1317 1173 1402 1209 ἐλέῳ,
1430 1170 1546 1209 ᾖφησιν
1572 1174 1586 1200 ὀ
1600 1173 1692 1206 Δαυῖδ,
1722 1172 1882 1209 σωζόμενοι.

1098 1218 1206 1250 Ἵπποις
1228 1219 1256 1245 δὲ
1284 1219 1333 1245 καὶ
1347 1220 1402 1250 τοῖς
1416 1219 1460 1245 διὰ
1473 1218 1576 1245 τούτων
1591 1219 1712 1253 ὀχήμασι
1725 1237 1733 1249 ,
1757 1217 1776 1245 ἃ
1791 1219 1808 1253 ή
1832 1226 1885 1245 παρ

1098 1264 1161 1291 λαιὰ
1175 1265 1224 1300 μὲν
1239 1265 1314 1301 φωνὴ
1335 1265 1486 1300 ἀτγάρους,
1516 1265 1532 1299 ή
1557 1264 1586 1291 δὲ
1607 1264 1661 1291 τῶν
1682 1264 1817 1299 Ἑλλήνων
1840 1263 1885 1298 δη-

1101 1310 1210 1346 μοσίους
1225 1310 1432 1345 ίπποστάθμους
1444 1330 1452 1343 ,
1476 1311 1493 1345 ή
1510 1310 1539 1337 δὲ
1553 1309 1608 1336 τῶν
1629 1309 1773 1344 Ῥωμαίων
1787 1309 1864 1345 ραίδη
1878 1329 1886 1342 ρ

1099 1353 1185 1390 ἀφόὗ
1196 1356 1242 1382 καὶ
1252 1355 1283 1382 τὸ
1301 1355 1439 1391 ραιδὰριος
1464 1355 1619 1390 τέτριπται,
1647 1355 1687 1382 διδ
1703 1354 1843 1382 κάνταῦθα
1856 1354 1887 1381 τὸ

1102 1402 1200 1437 ραιδῶν
1221 1401 1404 1437 παρείληπται
1418 1421 1426 1434 ,
1452 1400 1682 1436 ὲκείνουςδηλοῦν
1705 1400 1830 1436 βούλεται
1860 1400 1887 1427 οἳ

1100 1449 1149 1484 τὴν
1174 1448 1233 1475 ὸδδν
1248 1447 1302 1475 τῶν
1323 1447 1439 1474 ἐντολῶν
1469 1455 1516 1474 σου
1542 1447 1693 1484 δραμόντες
1724 1447 1886 1483 πρακτικῶς

1101 1493 1307 1529 ᾁσματίζουσιν.

297 1539 329 1566 Et
355 1545 457 1575 tempus
487 1540 624 1568 desiderii.
657 1541 690 1568 Ἥ
720 1541 816 1578 ὀπώρα
845 1550 877 1570 ex
909 1544 1048 1571 communi

1135 1540 1219 1574 Kuh)
1240 1538 1339 1573 ὀπώρα
1352 1539 1407 1573 τῆς
1420 1539 1587 1573 ἐπιθυμίας.
1622 1539 1751 1575 Ὀπώραν
1775 1539 1824 1565 καὶ
1841 1537 1888 1565 τὸν

261 1587 460 1615 consuetudine
474 1587 546 1615 sumi
559 1588 628 1616 solet
640 1596 690 1622 pro
704 1593 827 1624 tempore
845 1590 902 1617 sive
919 1591 1051 1625 temporis

261 1631 477 1666 opportunitate.
504 1631 640 1664 Quoniam
666 1633 750 1667 igitur
776 1641 791 1660 a
821 1635 996 1669 corruptione
1018 1635 1051 1663 ad

262 1676 498 1712 im-orruptionem
523 1677 704 1706 inl‘allibiliter
740 1683 887 1706 transeunt
914 1680 1050 1714 humana,

263 1722 347 1756 800
363 1728 436 1750 certe
455 1723 537 1749 etiam
553 1731 614 1758 qum
630 1725 663 1751 ad
679 1725 881 1759 corruptionem
903 1725 1050 1757 declinant,

263 1768 345 1794 siuml
374 1776 390 1795 e
417 1769 506 1798 medio
534 1769 651 1800 sublata.
669 1769 695 1796 in
726 1774 810 1797 totum
832 1770 970 1798 deﬁcient.
994 1770 1053 1798 Hoc

264 1820 356 1842 autem
373 1816 399 1842 in
421 1815 531 1843 civitate
555 1823 616 1850 qum
636 1816 725 1844 adlmc
746 1817 773 1843 in
794 1817 921 1852 praesenti
942 1817 1053 1852 conspi-

264 1861 337 1887 citur
361 1861 530 1895 impossibile
553 1866 595 1889 est
608 1862 775 1897 contingere.
795 1863 935 1898 Siquidem
953 1871 1052 1891 secun-

264 1906 329 1933 dum
347 1907 433 1941 magis
446 1912 473 1934 et
493 1908 586 1936 minus
602 1917 681 1936 nemo
702 1909 797 1936 abnuit
814 1909 880 1944 quin
902 1910 1051 1946 contingat,

265 1951 292 1978 in
312 1955 397 1978 totum
416 1959 479 1978 vero
495 1960 678 1987 nequaquam.

301 1996 402 2029 XVIII,
432 1998 522 2025 I549.
552 1990 736 2033 Negotiatores
761 2000 856 2026 harum
876 2008 981 2033 rerum,
1006 2001 1052 2035 qui

265 2042 356 2069 divites
373 2042 438 2077 [acti
452 2048 514 2070 sunt
542 2043 574 2070 ab
595 2052 636 2075 ea,
663 2045 738 2079 longe
759 2045 868 2072 stabunt
887 2051 994 2080 propter
1015 2048 1050 2073 ti-

265 2096 364 2115 morem
378 2089 500 2116 tormenti
515 2090 582 2124 ejus,
596 2090 687 2123 ﬂentes
703 2096 727 2117 et
744 2091 860 2126 lugentes
875 2100 906 2118 ac
915 2092 1029 2120 dicentes
1041 2101 1051 2119 :

270 2133 325 2166 Vw,
345 2141 393 2166 vat,
416 2134 508 2161 civitas
525 2135 573 2161 illa
594 2143 690 2169 magna
704 2143 762 2171 qua:
777 2137 877 2164 amicta
898 2143 956 2164 erat
974 2138 1051 2173 bysso

264 2183 288 2205 et
303 2186 422 2213 purpura
437 2184 462 2207 et
479 2188 564 2212 cocco,
581 2187 605 2207 et
620 2181 749 2208 deaurata
768 2190 833 2209 auro
847 2187 871 2209 et
889 2182 978 2217 lapide
992 2191 1050 2217 pre-

1101 1585 1197 1619 καιρὸν
1218 1582 1273 1611 οἶδε
1299 1583 1391 1611 καλεῖν
1416 1585 1434 1619 ὴ
1461 1584 1601 1619 συνήθεια.
1624 1584 1702 1610 Ἐπεὶ
1720 1584 1811 1610 τοίνυν
1834 1583 1889 1610 ἀπὸ

1100 1631 1150 1665 τῆς
1164 1630 1268 1666 φθορᾶς
1278 1632 1319 1662 είς
1335 1630 1492 1666 ἀφθαρσίαν
1511 1632 1666 1666 μεταχωρεῖ
1677 1631 1712 1657 τὰ
1729 1630 1888 1666 ἀνθρώπινα

1101 1675 1343 1711 ἀπαραλογίστως,
1360 1676 1416 1710 ἄρα
1435 1675 1530 1702 καὶτὰ
1555 1675 1624 1711 πρὸς
1649 1675 1752 1710 φθορὰν
1776 1675 1888 1702 ἁποκλί·

1101 1730 1191 1754 νοντα,
1210 1721 1379 1755 συνεκλείψει
1392 1721 1575 1754 ἀφανισθέντι
1590 1721 1631 1752 είς
1655 1720 1738 1747 ἄπαν.
1754 1720 1839 1747 Τοῦτο
1860 1720 1889 1746 δὲ

1101 1767 1148 1794 ἐπὶ
1162 1766 1267 1798 πόλεως
1299 1767 1340 1792 ἔτι
1374 1768 1404 1793 ὲν
1432 1765 1472 1801 τῷ
1504 1766 1634 1793 ἐνεστῶτι
1668 1765 1888 1801 ὲνθεωρουμένης

1103 1812 1239 1847 συμϐῆναι
1262 1812 1405 1839 ἀδύνατον.
1429 1812 1508 1839 Κατὰ
1523 1813 1573 1847 μὲν
1595 1812 1689 1847 γὰρτὸ
1712 1811 1814 1847 μᾶλλον
1842 1811 1890 1838 καὶ

1101 1854 1194 1893 ἦττον,
1208 1858 1297 1890 οὐδεὶς
1313 1858 1438 1885 ἀντείποι
1453 1857 1491 1893 μή
1507 1858 1656 1894 συμσῆναι,
1669 1858 1741 1885 κατὰ
1754 1857 1783 1885 δὲ
1799 1857 1832 1884 τὸ
1845 1857 1886 1889 είς

1102 1904 1186 1936 ἅπαν,
1201 1903 1243 1930 οὗ.

1134 1993 1168 2018 οι
1180 1991 1302 2027 ἔμποροι
1314 1993 1437 2024 τούτων,
1445 1993 1473 2019 οι
1482 1993 1711 2026 πλουτήσαντες
1721 1992 1771 2020 ἀπ*
1782 1990 1887 2025 αὐτῆς,

1102 2038 1162 2065 ἀπὸ
1169 2039 1320 2073 μακρόθεν
1333 2038 1501 2071 στήσονται
1516 2039 1566 2066 διὰ
1582 2039 1636 2066 τὸν
1656 2039 1752 2073 φόϐον
1766 2038 1819 2065 τοῦ
1832 2038 1897 2069 ,ϐα-η

1102 2085 1254 2119 σανισμοῦ
1266 2085 1361 2118 αὐτῆς
1385 2085 1554 2118 κλαίοντες,
1575 2084 1625 2112 καὶ
1642 2084 1824 2117 πενθοῦντες
1839 2083 1889 2111 καὶ

1101 2130 1252 2165 λέγοντες
1272 2131 1355 2162 οὐαὶ,
1373 2131 1453 2162 οὐαὶ,
1466 2131 1583 2164 ἡπόλις
1597 2131 1616 2164 ἠ
1630 2129 1758 2165 μεγάλη,
1774 2130 1793 2164 ἡ
1809 2137 1890 2163 περι-

1103 2175 1267 2210 ϐεϐλημένη
1283 2176 1449 2208 βύσσινον,
1475 2176 1524 2203 καὶ
1544 2176 1720 2210 πορφυροῦν
1735 2176 1888 2206 κόκκινον,

266 2226 334 2256 ιὶοεο
360 2231 384 2252 ct
407 2227 574 2261 margaritis,
605 2229 667 2262 quia
687 2235 740 2254 una
766 2228 831 2255 hora
856 2229 984 2257 destituta
1014 2236 1053 2258 est

1105 2222 1154 2250 καὶ
1182 2221 1394 2256 κεχρυσωμένη
1420 2223 1535 2256 χρυσΙφ
1553 2222 1602 2248 καί
1628 2222 1702 2253 λίθῳ
1719 2221 1813 2255 τιμίῳ,
1840 2220 1890 2247 καὶ

267 2272 349 2298 tantis
369 2272 479 2299 divitiis.
507 2272 538 2299 Et
564 2274 648 2300 omnis
669 2274 837 2308 gubernator,
857 2279 882 2301 et
905 2276 989 2303 omnis
1009 2277 1053 2311 qui

267 2317 295 2343 in
317 2317 427 2344 navibus
447 2318 597 2352 navigabat,
613 2324 637 2345 et
652 2324 740 2346 naqu
753 2324 776 2346 et
797 2324 924 2355 quotquot
944 2321 971 2347 in
984 2322 1054 2349 mari

267 2361 455 2394 nperabanlur,
481 2367 611 2390 steterunt
639 2363 732 2397 procul
756 2368 781 2391 et
810 2365 992 2393 clamauerunt
1016 2367 1055 2393 oi-

265 2408 358 2434 dentes
376 2408 478 2442 fumum
501 2410 615 2436 incendii
630 2409 704 2444 ejus,
719 2410 834 2437 dicentes
855 2418 864 2437 :
882 2410 946 2443 Qua:
959 2412 1054 2439 similis

265 2454 370 2480 civitati
392 2454 452 2480 huic
476 2456 602 2490 magna?
630 2455 664 2481 Et
689 2457 815 2482 miserunt
831 2456 960 2490 pulverem
978 2465 1056 2492 super

267 2500 358 2533 capita
383 2508 443 2533 sua,
468 2505 493 2527 et
517 2501 695 2528 clamarerunt
724 2501 816 2535 ﬂentes
840 2506 864 2528 et
884 2502 1000 2538 lugentes
1026 2511 1056 2530 ac

269 2546 384 2572 dicentes
399 2553 408 2572 :
425 2546 480 2579 Var,
498 2554 544 2579 va’,
559 2547 651 2573 civitas
667 2546 715 2573 illa
730 2555 836 2582 magna,
855 2547 883 2574 in
897 2555 948 2582 qua
963 2547 1055 2575 diuites

268 2592 335 2626 {acti
347 2597 408 2619 sunt
423 2601 511 2620 omnes
527 2594 572 2627 qui
587 2593 716 2620 habebant
730 2601 807 2620 nave:
820 2594 847 2620 in
867 2595 935 2621 mari
948 2594 980 2621 de
996 2602 1057 2629 pre—

267 2638 308 2664 tio
322 2638 390 2672 ejus,
406 2639 532 2672 quoniam
546 2647 599 2665 una
613 2638 679 2665 liora
693 2639 812 2666 desolata
828 2645 877 2666 est.

311 2770 500 2806 Negotiatorcs
513 2771 680 2807 intelligendi
698 2776 763 2799 sunt
780 2771 878 2799 divinm
894 2775 1056 2805 potestates,

275 2823 322 2843 aut
346 2818 482 2846 daemones
509 2823 686 2853 cooperantes
715 2825 770 2844 una
790 2824 851 2844 cum
868 2816 946 2844 caelis
974 2816 1007 2843 ad
1033 2816 1059 2844 id

272 2863 348 2897 quod
364 2864 461 2899 cuique
475 2864 634 2893 delectabile
649 2868 699 2892 cst.
719 2863 831 2891 Eminus
852 2867 943 2890 autem
958 2863 1057 2898 cuique

1103 2268 1311 2302 μαργαρίταις·
1341 2267 1386 2294 ὅτι
1401 2264 1455 2302 μιᾷ
1469 2267 1529 2302 ὥρᾳ
1542 2268 1684 2302 ἠρημώθη
1709 2268 1725 2294 ὀ
1746 2266 1892 2298 τοσοῦτος

1104 2313 1247 2346 πλοῦτος.
1261 2313 1314 2340 Καὶ
1326 2313 1386 2346 πᾶς
1405 2313 1607 2347 κυϐερνήτης,
1627 2314 1676 2340 και
1694 2312 1754 2345 πᾶς
1772 2312 1821 2339 ἐπὶ
1831 2310 1892 2338 τῶν

1105 2359 1219 2386 πλοίων
1232 2359 1344 2390 πλέων,
1361 2359 1411 2386 καί
1432 2358 1539 2385 ναῦται
1550 2359 1597 2385 καί
1613 2359 1679 2386 ὅσοι
1703 2358 1761 2392 τὴν
1779 2357 1892 2386 θάλασ-

1105 2411 1167 2430 σαν
1184 2403 1372 2439 ἐργάζονται,
1402 2403 1462 2430 ἀπὸ
1483 2404 1635 2438 μακρόθεν
1660 2404 1810 2436 ἔστησαν,
1842 2402 1891 2429 καί

1105 2449 1238 2483 ἔκραζον,
1254 2449 1423 2481 ,βλέποντες
1442 2449 1496 2475 τὸν
1524 2450 1642 2476 καπνὸν
1663 2448 1718 2482 τῆς
1732 2447 1894 2482 πυρώσεως

1106 2495 1374 2530 αὐτῆς,λέγοντες·
1396 2495 1443 2527 Τίς
1454 2495 1540 2529 ὁμοία
1557 2494 1595 2528 τῇ
1611 2495 1699 2521 πόλει
1712 2493 1748 2528 τῇ
1762 2492 1894 2528 pardum;

1108 2543 1162 2569 Kal
1177 2542 1287 2568 ἔϐαλον
1306 2541 1382 2575 χοῦν
1396 2541 1446 2567 ἐπὶ
1468 2541 1523 2584 τὰς
1549 2540 1682 2575 κεφαλὰς
1699 2540 1739 2566 αὐ
1747 2538 1815 2569 τῶν,
1843 2536 1893 2564 καί

1107 2585 1230 2621 ἔκραζον
1244 2588 1401 2619 κλαίοντες
1408 2585 1458 2613 καί
1473 2585 1654 2618 πενθοῦντες
1669 2585 1718 2612 καί
1731 2584 1873 2618 λέγοντες
1885 2591 1892 2597 ·

1105 2633 1190 2666 Οὐαί,
1207 2633 1284 2665 οὐαί,
1302 2633 1322 2666 ὴ
1352 2634 1441 2666 πόλις
1457 2633 1476 2667 ἡ
1497 2632 1625 2668 μεγάλη,
1647 2631 1682 2658 ἐν
1700 2628 1720 2667 ᾗ
1745 2630 1894 2662 ἐπλούτη-

1108 2687 1169 2706 σαν
1192 2678 1304 2712 πάντες
1317 2679 1344 2705 οὶ
1361 2679 1485 2712 ἔχοντες
1497 2677 1589 2705 πλοῖα
1604 2678 1639 2704 ὲν
1652 2676 1689 2711 τῇ
1705 2676 1845 2710 θαλάσσῃ
1860 2675 1895 2701 ἐκ

1109 2725 1164 2760 τῆς
1182 2726 1347 2760 τιμιότητος
1356 2724 1460 2759 αὐτῆς,
1474 2724 1519 2751 ὅτι
1529 2723 1583 2758 μιᾷ
1595 2723 1656 2758 ὦρᾳ
1673 2722 1822 2757 ἠρημώθη.

1152 2771 1306 2806 Ἐμπόρους
1323 2771 1454 2803 δυνάμεις
1471 2769 1559 2802 θείας,
1573 2769 1589 2804 ἦ
1612 2769 1743 2804 δαίμονας
1772 2767 1893 2802 νοητέον,

1110 2819 1135 2844 οἳ
1153 2818 1279 2852 συνεργοὶ
1294 2818 1350 2848 τοῖς
1367 2817 1501 2851 οὐρανοῖς,
1524 2815 1592 2849 πρὸς
1611 2815 1679 2849 ὅπερ
1694 2814 1842 2848 ἑκατέρους
1863 2812 1895 2838 τὸ

1112 2863 1290 2898 καταθύμιον.
1301 2862 1448 2899 Πόρρωθεν
1462 2862 1490 2888 δὲ
1509 2861 1612 2893 τούτοις
1626 2860 1772 2895 ἑκατέραή
1789 2859 1894 2891 στάσις,
