2092 3157
209 173 261 206 733

736 178 927 209 COMMENT.
951 179 989 208 lN
1011 179 1273 210 APOCALYPSIN.

1781 178 1833 211 734

209 230 287 264 φησι,
306 229 351 256 διὰ
364 229 409 256 τὸν
422 229 514 264 φόϐον.
531 230 603 256 Ἀλλ’
615 230 728 264 ἄγγελοι
744 231 810 266 μὲν,
831 232 876 259 διὰ
891 233 921 258 τὸ
947 232 992 258 τοῦ

1049 233 1145 259 horum
1174 232 1332 267 assignatur
1360 232 1443 259 statio
1472 237 1584 267 propter
1613 231 1758 265 timorem.
1786 235 1832 260 sed

211 275 303 310 κριτοῦ
318 275 463 310 αὐστηρὸν,
476 276 545 310 ὅπερ
565 277 581 309 ἡ
601 276 656 302 τῶν
676 277 846 312 ἁμαρτωλῶν
869 277 996 304 ἀπείθεια

211 320 420 355 προευπόρισεν.
447 320 498 346 Τὸν
525 320 608 354 φόϐον
631 321 660 348 δὲ
677 323 733 353 τοῖς
752 322 877 356 δαίμοσιν
902 323 919 356 ἡ
937 331 995 349 κοι-

208 366 292 394 νωνία
306 367 360 394 τῶν
375 366 545 402 ἁμαρτωλῶν
557 367 608 402 τῆς
621 367 758 402 τιμωρίας
773 368 929 404 ὲμποιήσει.

244 455 327 488 οὐαὶ,
351 455 429 488 οὐαί,
454 457 474 490 ἡ
491 457 580 490 πόλις
596 458 614 492 ἠ
639 457 766 492 μεγάλη,
789 459 808 492 ή
824 460 995 494 περιϐεϐλη-

209 501 282 535 μένη
294 502 461 534 βύσσινον.
483 503 550 529 Ἀπὸ
563 503 617 529 τῶν
628 504 774 539 γνωρίμων
785 504 839 530 τῶν
854 505 996 540 δφυστερι-

209 548 310 579 ζόντων
337 548 515 583 παρέχειτὴν
539 549 651 583 γνῶσιν.
682 549 759 576 Ἐπεὶ
785 547 831 577 οὖν
857 549 994 586 γνώριμος

209 594 348 626 Βαϐυλὼν,
361 594 450 630 πολλῷ
467 595 632 630 ὲευὸρίσασα
648 594 765 630 πλούτῳ.
791 596 837 623 ὑπ’
857 596 919 631 ὄψιν
932 596 996 630 ἄγει

208 640 240 666 τὰ
256 639 342 674 πάθη,
358 639 402 666 διὰ
411 639 459 666 τοῦ
483 639 526 666 ἔπ’
543 640 611 675 αὐτῇ
628 639 762 674 βασιλείου
775 641 882 676 θρόνου,
898 641 928 668 τὸ
951 641 996 676 μέ-

209 683 288 716 γεθος
303 684 470 718 ὑπογράφων
485 683 535 718 τῆς
563 685 716 719 συμφορᾶς.
733 685 788 712 Καὶ
805 686 835 712 οὐ
853 685 932 720 μόνον
956 686 995 721 τῷ

209 729 316 764 πλούτῳ
331 730 450 765 παριστᾷ
465 731 512 756 καὶ
525 731 557 765 τῇ
576 730 672 756 τούτου
687 730 810 766 ἀπωλείᾳ
829 730 859 757 τὸ
874 731 972 763 πένθος
986 751 994 763 ,

208 775 334 802 ἀλλὰκαὶ
357 775 397 810 τῷ
422 776 499 811 τάχει
525 776 575 810 τῆς
592 775 751 812 διαφθορᾶς,
779 776 824 803 τὸν
841 777 871 810 ἐξ
897 777 995 810 αὶῶνος

208 820 322 848 πλοῦτον
339 821 445 856 ἡμέρας
474 821 604 856 βραχείας
631 820 671 856 τῷ
695 822 860 857 διαστήματι
887 822 995 849 ἀποὶω-

208 865 331 894 λεκυῖαν,
353 867 385 893 Ἦ
401 866 454 902 γὰρ
468 866 514 893 τοῦ
535 867 638 901 Κυρίου
651 866 764 902 δευτέρα
790 867 938 903 παρουσία,
957 868 994 900 ὡς

1047 279 1150 313 angelis
1171 278 1282 312 quidem
1302 282 1413 312 propter
1432 277 1534 311 iudicis
1559 277 1730 304 severitatem
1751 285 1833 313 quam

1046 327 1221 358 peccatorum
1243 322 1422 350 incredulitas
1446 323 1610 357 praeparavit
1634 331 1641 349 :
1665 322 1834 350 daemonibus

1045 377 1111 396 vero
1132 369 1257 396 timorem
1276 368 1403 395 immittet
1425 367 1598 403 participatio
1623 368 1750 403 supplicii
1772 375 1832 403 pec-

1046 418 1183 442 calorum.

1084 460 1148 494 Var,
1175 467 1233 492 me,
1261 459 1353 486 civitas
1374 459 1423 486 illa
1448 467 1546 494 magna
1574 467 1634 494 quae
1656 459 1755 486 amicta
1776 463 1834 486 erat

1046 504 1133 540 bysso.
1163 505 1205 532 Ab
1223 504 1265 532 his
1290 511 1351 539 qua:
1376 509 1440 531 nota
1460 510 1524 531 sunt
1542 505 1626 532 tradit
1650 512 1745 532 eorutn
1765 505 1833 532 uoti-

1046 551 1110 578 tiam
1127 558 1188 586 quae
1223 555 1287 578 sunt
1311 550 1338 577 in
1364 555 1503 585 posterum
1530 555 1738 585 superventura.
1758 551 1833 583 Quo-

1046 596 1117 623 niam
1147 595 1229 631 igitur
1255 600 1350 623 notum
1377 595 1507 630 estquod
1529 595 1646 630 Babylon
1677 594 1833 622 divitiarum

1046 641 1235 677 magnitudine
1252 641 1401 668 lascivicrit
1415 650 1422 668 :
1442 640 1493 668 sub
1509 641 1605 668 oculos
1619 640 1694 667 ducit
1710 639 1833 673 allectus,

1046 695 1093 722 per
1111 688 1240 715 thronum
1265 686 1368 722 regiqu
1387 686 1459 721 quod
1483 686 1510 713 in
1532 686 1590 721 ipsa
1607 690 1685 719 erat,
1700 686 1832 720 magnitu-

1045 733 1136 761 dinem
1149 732 1308 760 describens
1325 731 1499 764 calamitatis;
1517 738 1568 758 uec
1584 730 1672 758 solum
1698 738 1747 765 per
1764 730 1833 757 divi-

1046 779 1098 806 tias
1120 785 1272 813 earumque
1294 777 1474 813 perditionem
1503 777 1606 804 luctum
1626 776 1763 806 ostendit.
1787 775 1834 803 sed

1045 824 1127 851 etiam
1146 823 1290 851 velocitate
1310 823 1396 858 ipsius
1413 822 1578 850 calamitatis
1594 821 1686 856 :quod
1707 820 1807 848 divitia:
1819 828 1834 847 α

1045 869 1146 897 saeculo
1162 874 1331 904 congregatae
1347 869 1468 896 brevium
1485 868 1590 895 dieruut
1608 867 1750 894 intervallo
1773 874 1832 901 pcr-

207 912 351 947 ἀστραπῆς
365 911 542 939 ἐπελεύσεται
555 912 648 948 τάχος,
658 912 702 940 τὸν
714 913 885 948 πολύμοχθον
897 913 992 949 ἀφανί-

1049 916 1141 943 ieriut.
1178 903 1330 947 Secundus}
1359 914 1431 942 enim
1463 913 1570 941 Domini
1600 913 1733 940 adventus
1765 912 1833 939 sicut

207 956 290 989 ζουσα
305 956 372 993 βίον.

241 1047 296 1076 Kal
315 1047 375 1082 πᾶς
392 1049 588 1083 κυϐερνήτης,
602 1049 652 1076 καί
664 1049 723 1083 πᾶς
734 1048 783 1077 ἐπὶ
800 1049 859 1078 τῶν·
878 1051 994 1078 πλοίων

207 1095 317 1121 πλέων.
337 1094 608 1131 Θαλάσσῃτροπικῶς
622 1097 636 1123 ὁ
649 1095 746 1132 παρὼν
758 1096 816 1132 βίος
832 1097 992 1134 παρεὸλήθη

206 1139 244 1170 ὡς
254 1139 360 1172 πολλοῖς
376 1140 424 1167 καὶ
445 1141 526 1172 αὐτὸς
539 1141 685 1177 πράγμασι
707 1143 919 1177 κυμαινόμενος,
941 1144 994 1170 ὑπὸ

207 1184 344 1219 πνεύμασι
354 1184 472 1219 μάλιστα
485 1185 646 1220 δαιμονικῆς
665 1185 807 1220 ἐπηρείας.
823 1186 942 1217 Εἰκότως
965 1186 993 1213 δὲ

209 1229 257 1256 καὶ
285 1229 366 1256 πλοῖα
389 1230 418 1256 ὲν
438 1230 514 1265 αὐτῷ
534 1230 724 1266 ὑπειλήφαμεν
738 1230 788 1262 τὰς
805 1231 858 1257 τῶν
875 1232 993 1266 ἐπισυμ-

207 1274 352 1302 6αινόντων
361 1275 531 1311 πραγμάτων
543 1276 688 1310 ἐπιφορὰς,
700 1273 744 1307 αἶς
756 1275 877 1311 ὡσπερεὶ
890 1276 993 1307 πλοίοις

207 1320 345 1356 ἄνθρωποι
361 1322 549 1357 χρώμενοι,τδ
563 1323 612 1356 τῆς
623 1321 728 1349 ἑαυτῶν
744 1322 818 1356 ζωῆς
834 1321 993 1349 διαπλέουσι

207 1366 333 1399 πέλαγος.
356 1367 535 1402 κυϐερνήτας
560 1367 600 1400 δὲ,
627 1367 738 1400 τούτους
754 1367 902 1403 λογιστέον,
930 1368 993 1400 τοὺς

205 1412 332 1448 ἀσφαλῶς
342 1412 380 1449 τῷ
392 1412 441 1449 βίῳ
453 1413 619 1450 χρωμένους.
632 1414 741 1446 Nutha;
749 1414 777 1441 δὲ
788 1414 835 1442 καὶ
846 1414 993 1450 πλωτῆρας

206 1461 251 1486 καὶ
268 1459 427 1491 θαλαττίους
438 1460 566 1494 ἐργάτας,
594 1460 640 1492 οὓς
666 1461 712 1487 καὶ
727 1460 889 1492 θαλαττίους
908 1461 990 1495 σοφός

206 1512 244 1537 τις
262 1505 330 1540 ἐρεῖ,
348 1506 412 1537 τοὺς
431 1505 496 1540 περὶ
515 1506 550 1531 τὰ
566 1505 613 1532 τοῦ
631 1506 819 1540 πολυκύμονος
847 1505 924 1532 τοῦδε
943 1505 992 1532 τοῦ

1046 961 1137 996 fulgur
1151 961 1241 988 subito
1256 960 1356 993 veniet,
1369 960 1414 994 qui
1427 959 1510 987 vitam
1524 958 1665 986 laboribus
1680 965 1711 985 ac
1725 957 1834 992 ﬂagitiis

1044 1007 1150 1042 plenam
1167 1013 1182 1034 e
1201 1006 1292 1033 medio
1310 1006 1397 1032 tollat.

1081 1052 1116 1079 Et
1129 1053 1214 1079 otnnia
1228 1052 1400 1087 gubernator,
1410 1056 1434 1078 et
1450 1051 1535 1078 omnis
1551 1051 1595 1086 qui
1615 1050 1642 1076 in
1658 1049 1767 1076 navibus
1785 1056 1833 1075 na-

1044 1096 1160 1132 vigabat.
1181 1096 1306 1124 Praesens
1322 1098 1377 1123 vita
1397 1096 1467 1122 mari
1486 1095 1589 1130 tropice
1607 1098 1766 1129 comparata
1781 1096 1834 1125 est,

1043 1143 1123 1178 801
1157 1147 1185 1169 ut
1211 1149 1272 1177 quas
1296 1142 1389 1169 multis
1415 1146 1442 1168 et
1460 1141 1517 1176 ipsa
1551 1140 1668 1175 negotiis
1701 1139 1833 1168 inundrt.

1045 1189 1164 1216 maxime
1189 1195 1204 1215 a
1227 1187 1371 1222 spiritibus
1398 1186 1559 1214 daemoniaci
1585 1185 1715 1212 insultus.
1740 1183 1834 1210 Merito

1045 1239 1136 1262 autem
1150 1237 1178 1261 et
1193 1233 1299 1268 navigia
1313 1240 1373 1268 quae
1387 1232 1414 1259 in
1433 1240 1466 1259 eo
1481 1235 1545 1259 sunt
1564 1230 1720 1265 accepimus
1748 1231 1833 1264 impe-

1044 1285 1089 1307 tus
1113 1278 1365 1314 supervenientium
1394 1277 1585 1312 negotiorum,
1619 1275 1719 1310 quibus
1750 1274 1833 1302 veluti

1044 1325 1160 1359 navigiis
1173 1324 1297 1351 homines
1310 1328 1429 1356 utentes,
1445 1330 1493 1358 per
1505 1323 1566 1349 vitae
1586 1329 1642 1349 suae
1658 1322 1769 1356 pelagus
1786 1329 1833 1347 na-

1045 1372 1148 1407 vigant.
1176 1371 1381 1399 Gubernatores
1409 1377 1474 1397 vero
1503 1368 1669 1403 intelligendi
1695 1373 1759 1394 sunt
1786 1367 1833 1402 qui

1044 1419 1147 1454 absque
1164 1418 1288 1453 periculo
1307 1417 1363 1444 vita
1387 1419 1512 1443 utuntur.
1531 1414 1625 1442 Nauta:
1637 1417 1728 1441 autem
1745 1417 1771 1440 ct
1788 1421 1832 1440 ve-

1043 1469 1134 1492 ctores
1148 1471 1181 1491 ac
1205 1463 1305 1490 marini
1330 1462 1459 1497 operarii,
1477 1468 1547 1495 quos
1572 1460 1653 1488 etiam
1674 1458 1833 1490 θαλαττίους

1043 1510 1155 1544 sapiens
1170 1509 1281 1544 quidam
1296 1508 1425 1543 appellat,
1446 1507 1571 1533 homines
1591 1509 1655 1532 sunt
1671 1503 1697 1531 in
1717 1503 1768 1530 hoc
1784 1502 1832 1530 ﬂu-

205 1551 308 1586 κόσμου
325 1551 501 1586 κεκμηκότας
515 1544 687 1586 ἀνθρώπους,
703 1551 729 1578 ο¹ί
745 1551 846 1583 πάντες
870 1552 901 1578 τὺ
920 1552 991 1579 ἀπα-

1043 1557 1148 1584 cluanti
1174 1555 1277 1582 mundo
1302 1553 1412 1585 defessi,
1432 1552 1478 1587 qui
1497 1559 1593 1579 omnes
1611 1549 1781 1577 infallibilem
1806 1553 1832 1575 ct

207 1597 368 1632 ραλόγιστον
395 1597 444 1624 καὶ
472 1597 581 1628 πάντως
598 1597 727 1632 ἐσόμενον
744 1597 790 1624 τοῦ
813 1597 872 1632 βίου
894 1598 1001 1624 τούτου·

205 1643 282 1674 τέλος
297 1642 486 1677 ἐννοηθέντες,
514 1643 561 1669 καὶ
587 1644 653 1678 πρὶν
676 1644 786 1678 ἐπιστῇ,
811 1642 989 1678 ἐφυλάξαντο.

204 1687 289 1716 τοῦτο
300 1689 354 1723 γὰρ
367 1688 398 1715 τὺ
413 1689 548 1723 μακρόθεν
575 1689 688 1715 έστᾶναι
705 1689 823 1724 παρέχει
838 1690 919 1716 νοεῖν.
935 1688 992 1715 Kal

203 1735 244 1761 ὅτι
262 1735 319 1765 τοῖς
331 1733 444 1766 ἀτόποις
461 1734 660 1769 ἐπιτηδεύμασι
673 1733 728 1761 τῶν
743 1733 992 1760 ὲνθαλαττευόντων

203 1780 402 1814 ἀπαραιτήτως
435 1779 650 1814 ἐπακολουθήσει
676 1780 692 1814 ἡ
725 1779 865 1814 τιμωρία,
895 1778 990 1813 ὥσπερ

203 1825 299 1860 καπνῷ
310 1825 340 1851 τὸ
357 1825 422 1860 πῦρ,
438 1825 477 1852 διὸ
490 1825 536 1851 καὶ
549 1825 643 1860 καπνῷ
654 1825 806 1861 παρείκασε
817 1825 868 1860 τὴν
878 1824 992 1860 προσδο-

204 1870 276 1902 κίαν,
288 1869 363 1905 δηλοῖ
374 1870 388 1896 ό
403 1870 498 1906 Σωτὴρ
515 1870 608 1902 αὐτὸς,
617 1871 715 1905 λέγων·
734 1879 744 1896 ι
759 1871 876 1906 Ὠσπερ,
895 1870 988 1904 φησὶν.

203 1918 218 1951 ή
235 1916 363 1951 ἀστραπὴ
385 1916 526 1951 ἐξέρχεται
539 1916 593 1943 ἀπὸ
623 1916 761 1943 ἀνατολῶν
772 1936 780 1949 ,
800 1916 848 1942 καὶ
865 1916 990 1950 φαίνεται

203 1961 255 1993 ἕως
271 1961 381 1996 δυσμῶν
391 1982 398 1993 ,
416 1961 502 1993 οὕτως
521 1961 598 1988 ἔσται
611 1962 628 1997 ἡ
645 1961 782 1996 παρουσία
798 1960 845 1987 τοῦ
861 1959 927 1987 Υἱοῦ
942 1959 990 1986 τοῦ

204 2005 359 2041 ἀνθρώπου.
381 2015 390 2031 ι
407 2007 478 2042 Πυρὶ
490 2006 519 2033 δὲ
534 2006 564 2032 τὸ
576 2005 749 2039 ἐξεταστικὸν
763 2005 831 2040 πρὸς
845 2003 989 2040 ἀκρίϐειαν

203 2052 258 2078 τῶν
273 2052 476 2087 πεπραγμένων
493 2052 681 2087 ἁφωμοίωται.
698 2050 817 2083 Εἰκότως
832 2051 860 2078 δὲ
874 2050 921 2077 καὶ
937 2059 990 2077 κα-

204 2097 388 2132 ταπληκτικὸν
407 2095 480 2125 οὗτοι
507 2097 697 2132 κεκράξονται,
726 2097 772 2123 καὶ
799 2096 835 2123 τὰ
853 2095 990 2123 ἀκόλουθα

203 2143 258 2170 τῶν
271 2143 480 2178 θρηνῳδούντων
491 2143 702 2178 ὑποστήσονται,
712 2143 776 2178 χοῦν
787 2142 990 2178 καταχεάμενοι

204 2189 258 2215 τῶν
274 2188 413 2222 κεφαλῶν,
425 2189 473 2216 καὶ
487 2189 540 2216 είτι
553 2189 618 2216 ἄλλο
632 2190 690 2221 τοῖς
715 2187 900 2225 θρηνῳδοῦσιν
924 2188 990 2216 ἀκό-

204 2234 308 2267 λουθον,
325 2235 508 2267 ἐκτελοῦντες.

242 2280 284 2313 Τις
300 2281 387 2314 ὁμοία
402 2280 438 2314 τῇ
448 2281 534 2308 πόλει
545 2279 581 2315 τῇ
594 2281 729 2316 perdiu;
748 2281 806 2308 Οὐκ
817 2280 892 2308 ἐστιν
907 2281 991 2315 ἄλλην

205 2326 282 2352 πόλιν
301 2326 412 2361 εὑρεῖν,
438 2327 479 2353 ὅτι
498 2327 565 2361 μηδὲ
595 2326 674 2354 ἄλλον
703 2327 895 2362 Δημιουργὸν,
923 2326 990 2362 μηδὲ

204 2370 283 2398 ἄλλον
298 2372 407 2406 κόσμον.
425 2371 572 2399 Βαϐυλῶνα
588 2372 616 2398 δὲ
629 2371 723 2408 ἄλλην,
741 2373 789 2398 καὶ
804 2373 833 2398 ὲν
858 2372 991 2407 Αίγύπτῳ

205 2415 278 2442 ἐστιν
292 2416 391 2450 εὑρεῖν,
417 2417 464 2444 καὶ
480 2416 566 2452 ταύτῃ
582 2417 678 2452 ὁμοίαν
710 2417 740 2443 ὲν
759 2417 828 2452 αὐτῇ
858 2416 990 2451 Αἰγύπτῳ

206 2461 276 2487 κατὰ
307 2461 337 2488 τδ
367 2461 587 2497 Ἡρακλεωτικὸν
613 2462 710 2488 Νείλου
735 2462 823 2496 στόμα
864 2460 990 2493 Ἀλεξάν-

206 2507 308 2542 δρειαν,
324 2507 371 2533 καὶ
385 2508 444 2533 κατ’
459 2507 593 2543 Εὐρώπην
607 2508 670 2543 περὶ
688 2508 722 2534 τὰ
746 2507 916 2543 δυτικώτερα
941 2509 989 2534 καὶ

206 2553 318 2587 ὰρκτῷα
352 2551 477 2588 Ῥώμην,
508 2554 554 2580 καὶ
580 2554 651 2580 κατὰ
678 2553 915 2589 ἀνατολικάντερα,
939 2555 990 2588 τὴν

206 2599 251 2624 ἐπὶ
261 2598 399 2632 Βυζαντίῳ
415 2598 463 2633 τῆς
479 2599 682 2626 Κωνσταντίνου
698 2599 850 2635 ἐπώνυμον.

249 2645 300 2672 Ἐν
312 2642 332 2681 ᾗ
352 2645 549 2680 ἐπλούτησαν
562 2645 683 2678 πάντες.
717 2646 856 2673 Ἐντεῦθεν
872 2647 992 2682 ἀναμφί-

208 2690 285 2717 6ολον
297 2691 338 2718 ὅτι
360 2691 391 2718 οὺ
407 2691 471 2726 περὶ
486 2691 590 2722 πόλεως
601 2692 615 2717 ό
631 2691 709 2726 λόγος
734 2692 809 2727 μιᾶς,
831 2692 900 2719 ἀλλὰ
925 2693 990 2728 περὶ

210 2736 308 2766 παντὸς
320 2736 394 2762 τοῦδε
423 2736 470 2763 τοῦ
488 2736 609 2772 φθαρτοῦ
621 2737 794 2772 συστήματος
807 2737 865 2764 ἔστι
887 2738 989 2764 λαϐεῖν.

204 2781 272 2809 Οὔτε
288 2783 341 2817 γὰρ
357 2783 485 2810 Βαϐυλὼν
497 2803 504 2815 ,
530 2783 559 2810 οὐ
578 2783 683 2818 Ῥώμη.
702 2784 752 2810 οὐκ
776 2783 843 2819 ἄλλη
861 2783 937 2816 πόλις
959 2784 990 2811 ἐκ

239 2871 261 2886 ἰ
281 2870 374 2897 Μςιιιὴ.
391 2879 463 2901 ιςιν.
481 2871 526 2899 27.

1043 1601 1154 1628 omnino
1183 1599 1305 1626 futurum
1331 1598 1413 1633 hujus
1443 1598 1502 1624 vita:
1531 1595 1677 1623 terminum
1706 1594 1832 1621 conside-

1043 1649 1144 1677 rantes,
1160 1644 1241 1672 etiam
1257 1643 1333 1678 prius
1347 1649 1429 1677 quam
1447 1641 1602 1668 immineret
1616 1660 1624 1673 ,
1641 1640 1833 1668 observarunt.

1041 1689 1110 1717 Nam
1135 1690 1187 1717 hoc
1207 1689 1259 1717 sibi
1279 1689 1350 1722 vult,
1366 1693 1439 1716 stare
1457 1687 1561 1722 procul.
1583 1686 1662 1719 Quod
1679 1691 1768 1713 autem
1785 1685 1831 1712 ab-

1041 1736 1126 1764 surda
1141 1736 1202 1762 vita:
1219 1735 1308 1763 studia
1323 1741 1420 1762 eorum
1434 1733 1481 1767 qui
1496 1733 1523 1759 in
1537 1732 1589 1759 hoc
1602 1731 1670 1758 mari
1685 1735 1832 1766 operantur

1042 1781 1236 1809 inevitabiliter
1258 1780 1444 1814 subsequatur
1459 1777 1635 1813 supplicium,
1652 1776 1831 1811 quemadmo-

1041 1827 1106 1854 dum
1121 1827 1226 1854 fumum
1258 1825 1382 1861 sequitur
1406 1824 1492 1859 ignis,
1511 1827 1623 1858 propter
1648 1822 1720 1857 quod
1749 1822 1832 1849 etiam

1041 1871 1119 1898 fumo
1143 1871 1313 1906 comparavit
1341 1868 1594 1904 exspectationem,
1619 1867 1678 1902 ipse
1709 1866 1831 1893 Salvator

1042 1918 1209 1949 manifestat,
1225 1917 1318 1944 dicens
1335 1926 1341 1944 :
1364 1926 1373 1942 ι
1402 1915 1480 1943 Sicut
1497 1914 1589 1949 fulgur
1603 1914 1661 1941 exit
1675 1921 1690 1940 a
1709 1913 1833 1948 partibus

1041 1963 1161 1991 Orientis
1182 1967 1209 1989 et
1223 1967 1336 1997 apparet
1356 1969 1442 1996 usque
1457 1960 1490 1987 ad
1505 1964 1595 1994 partes
1609 1959 1777 1991 Occidentis,
1796 1959 1832 1985 ita

1040 2010 1094 2037 erit
1110 2010 1244 2037 adventus
1265 2008 1326 2034 Filii
1344 2007 1462 2034 hominis
1478 2006 1513 2032 ³¹.
1532 2015 1542 2030 ι
1561 2005 1618 2040 1εηί
1639 2012 1704 2032 vero
1720 2004 1831 2032 assimi-

1040 2056 1095 2083 lata
1121 2059 1163 2082 est
1179 2060 1274 2082 exacta
1296 2052 1435 2087 indagatio
1453 2051 1600 2078 factorum.
1624 2049 1721 2077 Merito
1739 2054 1830 2076 autent

1041 2102 1069 2129 hi
1084 2100 1221 2128 horrendo
1237 2099 1318 2126 modo
1331 2097 1498 2128 clamabunt,
1515 2100 1541 2122 et
1555 2103 1587 2122 ea
1604 2095 1755 2130 suscipieut
1771 2102 1831 2130 qua

1041 2147 1222 2174 lamentantes
1247 2147 1464 2178 consequuntur,
1494 2142 1583 2175 capita
1613 2141 1703 2168 cinere
1733 2147 1830 2175 asper-

1042 2197 1147 2228 geutes,
1171 2199 1203 2218 ac
1218 2194 1379 2226 peragentes
1394 2189 1417 2217 si.
1434 2188 1499 2223 quid
1517 2187 1591 2214 aliud
1605 2191 1656 2219 est,
1675 2186 1748 2222 quod
1767 2193 1830 2214 con.

1007 2231 1028 2258 Ῑ)
1044 2237 1167 2272 sequitur
1185 2237 1378 2263 lamentantes.

1077 2285 1143 2319 Qua
1158 2283 1253 2311 similis
1267 2283 1368 2310 civitati
1380 2282 1441 2309 huic
1461 2289 1564 2316 magum
1574 2281 1587 2308 2
1600 2279 1660 2306 Non
1674 2282 1764 2314 potest
1779 2277 1831 2306 alio

1040 2332 1137 2359 civitas
1151 2329 1284 2362 inveniri,
1300 2329 1365 2364 quia
1389 2335 1478 2363 nequc
1503 2327 1575 2355 alius
1591 2325 1724 2353 Conditor
1742 2331 1832 2358 neque

1040 2378 1111 2405 alius
1125 2375 1244 2404 mundus
1256 2384 1263 2402 :
1278 2382 1358 2410 porro
1371 2374 1452 2401 aliam
1465 2373 1628 2408 Babylonem
1639 2375 1665 2398 ct
1679 2371 1706 2397 in
1717 2369 1831 2404 (Egypto

1040 2423 1104 2450 licet
1127 2421 1267 2453 invenire,
1283 2425 1310 2448 et
1325 2420 1389 2447 huic
1407 2419 1524 2447 similem
1548 2418 1576 2444 in
1598 2417 1694 2444 cadent
1716 2414 1831 2449 [Egypto

1040 2470 1119 2505 juxta
1140 2467 1357 2496 Heracleoticum
1386 2466 1438 2493 Nili
1455 2465 1556 2493 ostium
1580 2461 1790 2492 Alexandriam,
1806 2463 1830 2486 cI

1044 2517 1072 2543 in
1085 2515 1193 2549 Europa
1213 2514 1246 2542 ad
1263 2513 1491 2541 occidentaliores
1509 2517 1536 2539 et
1549 2511 1722 2545 aquilonares
1737 2507 1829 2534 mundi

1045 2565 1137 2597 partes
1149 2560 1274 2591 Romam,
1286 2564 1312 2586 et
1328 2559 1354 2586 in
1367 2558 1546 2586 orientalibus
1559 2556 1609 2584 sub
1624 2554 1754 2590 Byzantio
1769 2559 1829 2580 eam

1043 2611 1104 2639 quae
1121 2611 1137 2630 a
1152 2602 1333 2630 Constantino
1349 2609 1449 2629 nomen
1464 2600 1578 2634 accepit.

1078 2647 1111 2675 lu
1133 2656 1185 2683 qua
1204 2648 1297 2674 divites
1318 2648 1383 2683 facti
1409 2651 1469 2675 sunt
1493 2654 1592 2674 aranea.
1618 2643 1687 2672 Hinc
1707 2642 1829 2671 certissi-

1041 2702 1116 2726 mum
1134 2697 1189 2722 est'
1197 2693 1272 2729 quod
1289 2701 1343 2721 non
1359 2694 1393 2721 de
1408 2701 1460 2719 una
1474 2692 1584 2719 civitate
1603 2691 1640 2718 sit
1654 2697 1756 2722 sermo,
1780 2689 1828 2716 sed

1040 2740 1073 2767 de
1104 2739 1232 2767 universo
1255 2739 1305 2767 hoc
1322 2737 1492 2772 corruptibili
1517 2736 1584 2764 orbe
1610 2736 1673 2762 licet
1692 2734 1828 2768 accipere.

1040 2785 1132 2821 Neque
1149 2785 1222 2813 enim
1248 2784 1369 2820 Babylon
1391 2791 1480 2819 neque
1494 2782 1592 2815 Roma,
1609 2788 1696 2816 neque
1721 2779 1774 2808 alia
1789 2779 1827 2807 ci-
