2092 3157
251 167 305 198 735

665 166 826 197 ARETlI/E
847 166 1036 196 C/ESARE/E
1056 167 1296 198 ΟᾹΡΡΑΒΟΟΗΕ
1313 167 1481 197 EPISCOPI

1827 167 1880 198 736

249 227 319 249 vnas
338 229 369 249 ex
388 221 495 249 navium
512 221 680 256 profectione
697 222 786 249 solum
805 221 923 252 diteseit,
943 226 1039 256 praeter

1095 223 1192 250 πλοίων
1207 224 1321 258 πορείας
1337 223 1417 258 μόνον
1441 221 1570 254 πλουτεῖ,
1585 222 1610 248 ει
1629 221 1666 257 μὴ
1681 224 1761 256 μόνος
1773 218 1851 254 οὗτος
1866 223 1880 248 ό

251 269 339 295 solum
362 269 434 294 hunc
463 268 605 294 mundum.
635 267 787 302 Allrgorice
819 275 939 301 namque
967 268 1038 294 veris

250 315 359 340 tlitescit
380 314 483 340 divitiis
501 321 548 347 per
566 313 672 339 animas
694 314 847 344 hominum.
864 314 910 347 qui
929 314 956 340 in
980 321 1039 340 m0.

250 359 315 385 dum
349 358 458 384 navium
485 357 590 384 acerba:
618 357 802 385 imtnersionis
829 362 968 390 expertes,
993 365 1041 392 per

252 404 418 430 mundanum
432 403 518 429 salum
533 408 689 435 enatarunt,
703 408 729 430 et
740 403 841 429 dit-tam
855 403 1040 430 abundantem

250 450 398 481 civitatem,
413 448 544 475 mundum
561 448 697 480 videlicet,
714 449 894 483 pretiosarum
909 449 1040 476 mercium

250 495 433 529 negotiatione
460 496 650 523 instituerunt.
674 495 756 530 802
785 496 846 522 Ideo
869 503 931 523 cum
958 496 1040 523 veluti

251 542 382 577 praedium
403 540 500 569 fuisset
521 547 548 568 et
563 542 764 568 ﬁrmamentum
787 542 895 572 salutis,
912 542 984 569 unde
1003 542 1042 569 la-

251 591 347 617 lorum
364 590 515 617 mercedem
531 590 704 622 invenerant,
718 589 940 616 lamentationem
957 589 1040 617 colle~

250 641 360 671 gerunt,
377 636 500 664 ridentes
514 636 586 671 quod
603 636 685 664 missa
702 640 776 664 esset
791 636 818 662 in
836 636 987 664 interitum.

286 690 379 723 XVIII,
389 691 484 719 20—24.
504 690 615 718 Exsulta
631 682 709 725 super
723 700 793 724 eam,
808 692 900 719 caelum
912 698 937 720 et
956 695 1042 721 sancti

251 737 366 772 apostoli
381 742 404 764 et
424 737 572 772 prophetat,
587 737 713 771 quoniam
725 737 858 771 judicavit
876 737 947 765 Deus
964 738 1041 772 judi-

251 785 322 811 rium
343 789 456 811 vestrum
470 784 501 810 tle
516 783 574 810 illa.
594 783 626 810 Et
643 782 752 810 sustulit
768 792 835 810 unus
858 785 967 819 angelus
984 785 1041 819 {or-

252 832 286 857 tis
312 830 426 865 lapidem
451 830 528 864 quasi
548 829 675 856 molarem
694 837 831 864 magnum,
847 835 872 856 et
887 830 999 864 projecit
1015 831 1041 858 in

253 887 335 912 more,
361 879 449 905 dicens
468 886 477 904 :

253 925 329 959 bylou
346 932 441 958 magna
460 923 506 950 illa
523 924 615 950 civitas
626 944 633 956 ,
648 928 672 950 et
695 923 766 949 ultra
779 923 838 957 jam
859 932 909 950 non
925 925 1040 951 invenia-

252 976 295 997 tur
311 975 357 998 :et
373 979 421 997 rex
437 970 640 996 cit/turtrdorum
655 974 678 996 et
700 970 871 1002 musicorum,
886 974 911 996 et
931 970 996 996 tibia
1011 979 1043 997 ac

251 1017 313 1043 tuba
341 1017 491 1043 canentium
511 1024 562 1042 non
597 1015 726 1042 audiatur
751 1016 779 1042 in
813 1021 837 1042 te
867 1015 993 1050 amplius.
1016 1021 1041 1042 et

252 1061 336 1088 omnis
364 1062 461 1096 artifex
481 1061 660 1096 ntjust'tutque
671 1061 736 1088 artis
750 1070 800 1087 nou
813 1062 961 1088 inveniatur
976 1062 1003 1088 in
1019 1067 1044 1089 te

251 1107 377 1141 amplius,
394 1112 418 1134 et
432 1114 480 1134 vox
498 1106 573 1133 mola:
587 1115 636 1132 mm
653 1107 781 1133 audiatur
794 1107 821 1132 iu
836 1111 860 1133 te
875 1107 1002 1140 amplius,
1017 1112 1042 1134 et

252 1153 299 1180 lux
323 1153 438 1180 lucerna:
460 1161 512 1179 non
532 1157 658 1186 appareat
683 1152 711 1178 in
743 1158 766 1179 te
786 1153 918 1186 amplius,
942 1159 966 1180 et
992 1161 1043 1180 vos:

253 1200 341 1231 sponsi
354 1204 377 1225 et
396 1205 499 1232 sponsa:
522 1207 574 1224 non
597 1197 725 1224 audiatur
740 1198 766 1224 in
791 1202 815 1224 te
829 1198 953 1231 amplius.
972 1198 1043 1230 Quia

254 1249 411 1271 mercatores
429 1243 467 1270 tui
480 1248 556 1270 erant
574 1243 703 1277 principes
720 1247 812 1276 teme,
825 1244 888 1278 quia
902 1243 928 1270 iu
947 1244 1043 1278 veneﬁ-

253 1289 302 1315 ciis
318 1289 370 1315 tuis
378 1292 532 1315 erraverunt
543 1295 631 1314 omnes
643 1292 731 1322 gentes
742 1293 766 1315 et
779 1289 805 1314 in
819 1296 849 1315 ea
862 1289 970 1323 sanguis
981 1297 1043 1322 pro-

253 1334 391 1367 phetarum
411 1339 435 1360 et
454 1338 608 1360 sanctorum
622 1334 740 1360 inventus
754 1338 804 1367 est,
820 1339 843 1361 et
863 1334 979 1360 omnium
998 1334 1044 1369 qui

254 1379 386 1414 interfecti
399 1385 460 1407 sunt
477 1379 504 1406 in
521 1384 602 1408 terra.

290 1478 376 1505 Etiam
393 1486 425 1506 ex
449 1479 501 1507 hoc
517 1480 715 1508 eonlirmamur
740 1480 813 1515 quod
831 1481 864 1508 de
883 1481 987 1508 mttndo
1008 1481 1044 1509 sit

505 877 667 912 Ilujusmotli
692 878 790 911 impetu
810 878 968 912 projicietur
988 878 1040 905 Ba-
1055 895 1079 925 Β

1093 269 1205 303 κόσμος.
1241 268 1441 304 ’Δλληγορικῶς
1464 268 1519 302 γάρ
1547 267 1658 294 πλουτεῖ
1684 267 1729 294 τὸν
1756 268 1796 302 τῷ
1824 268 1880 294 όντι

1092 314 1205 340 πλοῦτον
1218 313 1356 349 διαψύχων
1369 313 1531 348 ἀνθρώπων,
1544 313 1569 340 οἳ
1581 313 1708 347 καθάπερ
1726 314 1769 340 διὰ
1782 313 1881 339 πλοίων

1091 359 1232 394 ἀμετόχως
1250 359 1376 394 ἁλμυρᾶς
1391 359 1556 391 ὲπικλύσεως
1582 359 1628 385 τον
1644 359 1778 394 κοσμικόν
1800 358 1881 385 σάλον

1091 404 1253 435 διανέοντες,
1269 403 1380 439 ἀνενδεῆ
1395 403 1497 439 ταύτην
1517 403 1567 438 τὴν
1585 403 1716 438 ῥηθεῖσαν
1740 404 1817 430 πόλιν
1835 403 1881 430 τόν

1091 451 1194 484 κόσμον
1211 451 1414 486 κατεστήσαντο
1438 451 1488 486 τῆς
1513 450 1567 477 ἀπὸ
1593 451 1648 476 τῶν
1662 450 1782 486 ἐντίμων
1799 451 1881 485 ἔμπο-

1093 497 1165 532 ρίας.
1181 497 1227 523 Διὸ
1257 497 1304 523 καὶ
1321 497 1359 528 ὡς
1384 497 1485 532 χωρίου
1509 497 1697 532 ὑπάρχουσαν,
1720 497 1767 523 καὶ
1784 496 1881 531 ἔδαφος

1093 543 1230 578 σωτηρίας
1249 542 1297 577 ἀφ’
1319 539 1351 569 οὗ
1377 541 1423 569 καὶ
1442 541 1559 576 ἀμοιῦὰς
1582 541 1692 577 εὕροντο
1709 542 1764 568 τῶν
1780 542 1879 573 πόνων,

1093 589 1190 624 Θρῆνον
1207 589 1409 624 συνεκρότησαν
1432 589 1598 624 Θεασάμενοι
1618 588 1766 624 ἀφανισμῷ
1790 597 1881 624 παρα-

1093 635 1277 671 πεμφθεῖσαν.

1130 692 1301 727 Εὐφραίνου
1317 692 1364 719 ἐπ’
1380 692 1468 726 αὐτῇ,
1488 691 1608 726 οὺρανὲ,
1621 692 1670 719 καί
1686 693 1712 719 ol
1731 692 1819 727 ἅγιοι,
1831 693 1880 719 καὶ

1092 739 1120 765 al
1142 739 1386 771 ὰπόστολοι,καὶ
1412 739 1440 765 οἱ
1466 738 1627 773 προφῆται,
1653 738 1698 765 ὅτι
1724 738 1843 772 ἔκρινεν
1865 739 1882 765 ὁ

1094 783 1166 818 Θεὸς
1195 784 1229 811 τὸ
1252 784 1341 818 κρῖμα
1369 783 1453 818 ὑμῶν
1476 784 1509 816 ἐξ
1535 783 1640 818 αὐτῆς.
1665 783 1719 810 Καὶ
1742 782 1814 818 ἦρεν
1838 781 1882 816 εἷς

1092 830 1219 865 ἅγγελος
1249 829 1373 865 ἰσχυρὸς
1398 831 1486 858 λίθον
1506 830 1545 862 ὡς
1567 830 1669 864 μῦλον
1696 831 1812 864 μέγαν,
1833 830 1882 856 καὶ

1093 875 1201 902 ἔϐαλεν
1215 876 1257 908 εἰς
1274 875 1331 909 τὴν
1349 874 1520 906 θάλασσαν,
1535 876 1634 910 λέγων
1646 883 1654 891 ·
1676 875 1777 907 Οὕτως
1791 874 1883 909 ὁρμή-

1091 921 1359 956 ματιβληθήσεται
1375 921 1520 949 Βαϐυλὼν
1541 921 1561 954 ὴ
1581 920 1699 956 μεγάλη
1721 919 1883 954 πόλις-,καὶ

1092 968 1128 994 οὐ
1142 967 1184 1002 μὴ
1198 966 1306 1001 εὐρεθῇ
1320 967 1373 994 ἔτι,
1391 967 1445 994 Kal
1461 965 1546 1001 φωνὴ
1561 966 1734 1000 κιθαρῳδῶν
1747 966 1797 992 καί
1812 975 1884 1000 μου-

1092 1013 1189 1040 σιιιῶν
1202 1012 1250 1039 καὶ
1270 1012 1413 1046 αὐλητῶν
1427 1012 1476 1039 καὶ
1489 1012 1669 1039 σαλπιστῶν
1686 1013 1722 1039 οὐ
1733 1012 1777 1047 μὴ
1795 1011 1884 1039 ἀκου-

1093 1059 1153 1094 σθῇ
1173 1059 1208 1085 ἐν
1220 1058 1269 1086 σοι
1285 1059 1340 1090 ἔτι,
1356 1058 1405 1085 καὶ
1430 1057 1490 1091 πᾶς
1501 1058 1641 1092 τεχνίτης
1656 1057 1760 1092 πάσης
1774 1057 1884 1092 τέχνης

1093 1106 1129 1132 οὐ
1148 1105 1188 1138 μὴ
1204 1104 1360 1138 εὐρεθῇὲν
1371 1104 1420 1131 σοι
1436 1104 1490 1136 ἔτι,
1505 1104 1554 1131 καὶ
1567 1103 1652 1138 φωνὴ
1662 1104 1765 1138 μύλου
1789 1104 1825 1131 οὐ
1839 1103 1883 1137 μὴ

1093 1152 1175 1186 φανῇ
1186 1152 1220 1178 ἐν
1234 1151 1284 1178 σοι
1298 1151 1352 1183 ἔτι,
1371 1151 1420 1177 καί
1437 1150 1499 1185 φῶς
1511 1151 1629 1184 λύχνου
1646 1151 1682 1176 οὺ
1695 1149 1739 1184 μὴ
1756 1149 1838 1184 φανῇ
1849 1149 1885 1176 ἐν

1094 1198 1144 1225 σοὶ
1167 1197 1222 1229 ἔτι,
1250 1197 1299 1224 καὶ
1317 1196 1402 1231 φωνὴ
1418 1197 1551 1230 νυμφίου
1575 1196 1623 1223 καὶ
1651 1196 1771 1230 νύμφης
1787 1196 1824 1222 οὐ
1839 1194 1883 1230 μὴ

1094 1243 1233 1278 ἀκουσθῇ
1250 1244 1285 1270 ὲν
1298 1242 1348 1269 σοί
1363 1242 1417 1269 ἔτι·
1435 1241 1520 1276 ὅτιροι
1542 1241 1665 1276 ἔμποροί
1680 1249 1737 1267 σου
1753 1239 1835 1276 ἦσαν
1858 1242 1885 1268 οι

1092 1289 1271 1324 μεγιστᾶνες
1284 1288 1338 1322 τῆς
1359 1288 1416 1323 γῆς
1428 1297 1435 1304 ·
1452 1288 1497 1314 ὅτι
1519 1287 1554 1314 ὲν
1568 1286 1605 1321 τῇ
1631 1287 1800 1321 φαρμακείᾳ
1825 1294 1885 1314 σου

1093 1335 1312 1368 ἐπλανήθησαν
1324 1334 1421 1361 πάντα
1435 1334 1470 1361 τὰ
1479 1334 1562 1368 ἔθνη,
1577 1333 1626 1360 καί
1638 1334 1672 1359 ὲν
1683 1332 1761 1367 αὑτῇ
1776 1333 1886 1368 αἵματα

1094 1380 1255 1416 προφητῶν
1282 1381 1331 1408 καὶ
1356 1380 1449 1415 ἁγίων
1467 1379 1574 1414 εὑρέθη
1589 1399 1596 1412 ,
1619 1379 1669 1406 καὶ
1688 1378 1811 1406 πάντων
1826 1378 1886 1405 τῶν

1095 1427 1292 1461 ἐσφαγμένων
1305 1426 1354 1453 ἐπὶ
1374 1426 1429 1460 τῆς
1448 1425 1511 1461 γῆς.

1131 1484 1187 1510 Καὶ
1201 1483 1254 1510 ἀπο
1271 1483 1367 1509 τούτου
1392 1482 1422 1509 τὸ
1436 1482 1500 1516 περὶ
1515 1481 1561 1508 τοῦ
1580 1481 1685 1516 κόσμου
1712 1481 1758 1508 τὸν
1773 1489 1885 1516 χρημα-

254 1525 408 1555 oraculum.
424 1529 451 1552 et
466 1533 518 1552 non
533 1526 565 1553 de
583 1534 636 1553 una
650 1527 770 1554 civitate.
785 1526 862 1559 Quod
877 1532 967 1553 autem
984 1532 1045 1562 post

1095 1531 1192 1566 τισμδν
1207 1529 1338 1564 εἴναιίοῡ
1353 1529 1418 1565 περὶ
1430 1529 1495 1562 μιᾶς
1511 1528 1628 1560 πόλεως,
1645 1525 1887 1562 βεσαιοὺμεθα,Τὸ

254 1569 356 1596 luctum
377 1570 521 1597 conversio
549 1570 619 1598 facta
649 1571 686 1598 sit
709 1571 741 1598 ad
770 1571 907 1602 laetitiam.
929 1579 983 1598 non
1004 1576 1046 1599 est

1095 1577 1126 1604 δὲ
1141 1576 1210 1612 μετὰ
1220 1576 1266 1602 τὸν
1280 1575 1381 1610 θρῆνον
1390 1576 1430 1606 είς
1445 1573 1616 1610 εὐφροσύνην
1627 1573 1777 1609 τραπῆναι,
1789 1573 1820 1599 οὐ
1833 1572 1887 1599 τῶν

253 1619 350 1641 cautus
379 1623 475 1642 eorum
491 1616 538 1650 qui
569 1616 595 1642 in
619 1621 689 1644 terra
718 1622 793 1648 sunt,
814 1617 861 1645 sed
879 1617 1044 1649 coeli-stium,

255 1661 329 1695 quod
354 1661 445 1689 deleto
457 1662 514 1697 jam
536 1663 596 1689 loco
610 1663 635 1689 in
652 1671 708 1697 quo
729 1668 834 1690 certare
850 1671 897 1691 eos
913 1663 1045 1698 oportuit,

255 1707 301 1741 qui
323 1708 348 1733 in
366 1712 429 1741 typo
447 1709 572 1735 coronati
590 1708 697 1735 fuerant
712 1709 835 1736 victoriae
847 1717 961 1742 corona,
989 1709 1047 1737 sive

256 1751 395 1786 propheta:
428 1753 492 1784 sint,
520 1753 578 1780 sive
607 1754 742 1788 apostoli,
765 1755 822 1781 sive
841 1755 928 1781 sancti
957 1755 1046 1789 ponti-

257 1799 331 1830 tlces,
347 1802 374 1824 et
392 1798 414 1825 si
430 1806 483 1833 qua
501 1803 542 1826 est
555 1799 607 1826 alia
624 1801 799 1835 congregatio
815 1808 908 1827 eorum
927 1801 973 1835 qui
991 1800 1046 1828 Deo

257 1844 428 1877 p'acueruut,
447 1844 594 1872 incessanti
616 1846 716 1880 gaudio
744 1846 808 1873 facti
834 1847 889 1874 sint
908 1847 1046 1882 deinceps

257 1890 419 1923 participes,
435 1894 547 1925 accepta
566 1890 702 1917 indefessa
720 1891 921 1926 tranquillaque
943 1893 996 1919 vita
1012 1893 1046 1919 ab

257 1943 290 1962 eo
305 1937 351 1970 qui
367 1937 440 1964 novit
455 1936 536 1972 digne
552 1937 688 1972 judicare,
706 1938 756 1965 hoc
770 1943 823 1970 est,
837 1938 961 1965 laborum
977 1946 1046 1974 pnn-

258 1982 311 2008 Inia
325 1983 483 2017 rependere.

291 2040 324 2065 Et
339 2039 448 2066 sustulit
463 2048 531 2066 unus
545 2039 652 2075 angelus
673 2040 750 2075 fortis
764 2040 879 2075 lapidem
897 2041 973 2075 quasi
989 2048 1046 2066 mo-

257 2086 340 2112 larem
364 2093 498 2120 magnum.
519 2085 608 2113 Variis
631 2086 790 2121 lropologiis
811 2090 953 2121 comparat
977 2094 1045 2113 con-

258 2131 468 2158 summationem
484 2131 577 2158 mutuli
590 2132 787 2167 corruptibilis.
800 2131 863 2159 Ideo
875 2132 908 2159 ad
922 2139 970 2159 eas
985 2140 1046 2167 qua:

257 2177 336 2204 dieue
355 2183 420 2204 sunt
437 2178 519 2205 ctiam
547 2178 618 2205 hanc
640 2178 728 2210 aﬂ‘ert,
746 2178 841 2206 molari
857 2178 946 2214 ipsum
969 2186 1046 2206 eom-

1100 1624 1128 1650 ὲν
1140 1623 1235 1657 κόσμῳ
1249 1622 1280 1649 τὸ
1295 1622 1398 1657 δρᾶμα,
1413 1621 1481 1649 ἀλλὰ
1497 1621 1552 1647 τῶν
1567 1620 1711 1656 οὐρανίων,
1726 1619 1763 1651 ὡς
1775 1619 1825 1655 ἤδη
1840 1619 1886 1646 τοῦ

1099 1669 1248 1703 ἐναγωνίου
1267 1668 1352 1694 τόπου
1380 1667 1588 1702 ἀφανισθέντος,
1605 1666 1630 1693 οἳ
1646 1667 1675 1693 ὲν
1690 1665 1770 1701 τύπῳ
1785 1665 1832 1692 τὸν
1845 1674 1887 1692 νι-

1099 1715 1230 1750 κητήριον
1246 1714 1448 1749 ἀναδησάμενοι
1459 1712 1592 1747 στέφανον
1605 1712 1667 1739 ὅσον
1680 1712 1709 1738 ὲν
1722 1711 1886 1746 προφήταις,

1098 1761 1161 1788 ὅσον
1176 1761 1205 1787 ὲν
1219 1760 1393 1792 ἀποστόλοις,
1407 1761 1435 1786 ὲν
1445 1759 1540 1790 ὁσίοις,
1559 1759 1588 1785 ὲν
1602 1757 1755 1793 ίεράρχαις,
1771 1757 1819 1784 καὶ
1827 1756 1887 1783 εῐτι

1099 1807 1191 1833 λοιπὸν
1204 1806 1330 1841 σύστημα
1350 1805 1404 1832 τῶν
1432 1805 1677 1840 εὐαρεστησάντων
1699 1802 1770 1838 Θεῷ,
1799 1803 1888 1837 χαρᾶς

1099 1853 1231 1888 ἁλήκτου,
1256 1852 1287 1878 τὸ
1315 1851 1369 1878 ἀπὸ
1398 1850 1476 1877 τοῦδε
1499 1849 1682 1885 μετάσχοιεν,
1707 1849 1813 1876 ἀκόπου
1840 1848 1888 1875 καὶ

1099 1897 1334 1932 ἁπραγματεύτου
1349 1896 1421 1931 ζωῆς
1431 1895 1590 1930 ἠξιωμένοι,
1606 1894 1675 1929 πρὸς
1683 1893 1731 1921 τοῦ
1743 1893 1888 1927 κατ’ἀξίαν

1099 1943 1199 1974 εἰδότος
1224 1944 1328 1978 κρῖναι,
1343 1942 1488 1974 τουτέστι,
1514 1940 1659 1977 βραϐεύειν
1683 1940 1738 1966 τῶν
1751 1939 1839 1966 πόνων
1853 1939 1889 1966 τὰ

1099 1989 1214 2016 ἔπαθλα.

1135 2046 1190 2073 Kal
1203 2044 1275 2081 ἦρεν
1291 2054 1334 2078 εις
1348 2046 1477 2080 ἅγγελος
1496 2044 1625 2080 ἰσχυρὸς
1640 2044 1728 2071 λίθον
1738 2043 1774 2076 ὠς
1789 2043 1890 2077 Iul/lor

1096 2093 1203 2128 μέγαν.
1216 2093 1361 2127 Διαφόροις
1381 2091 1572 2126 τροπολογίαις
1590 2090 1739 2117 ὑποϐάλλει
1769 2089 1818 2124 τὴν
1840 2087 1888 2114 τοῦ

1100 2138 1220 2173 φθαρτοῦ
1248 2137 1353 2172 κόσμου
1381 2137 1549 2163 συντέλειαν.
1571 2135 1617 2162 Διδ
1633 2136 1702 2170 πρὸς
1733 2136 1794 2166 ταῖς
1818 2135 1891 2169 εἰρη-

1101 2181 1196 2215 μέναις
1212 2180 1258 2207 καὶ
1281 2181 1385 2216 ταύτην
1412 2180 1603 2215 συνεπιφέρει,
1627 2180 1703 2214 μύλῳ
1732 2178 1890 2210 ἀπεικάζων

258 2230 357 2257 parans
377 2230 440 2250 cum
458 2223 560 2258 impetu
580 2224 606 2250 in
629 2232 705 2252 mare
720 2225 847 2252 demerso
872 2234 879 2252 :
897 2225 933 2252 ita
952 2229 1043 2251 autem

1098 2227 1180 2254 aia-sim
1193 2227 1370 2254 καταδύνοντι
1382 2226 1525 2262 ὁρμήματι
1537 2227 1576 2258 είς
1590 2226 1677 2261 ὑγρὰν
1694 2226 1797 2252 οὐσίαν.
1812 2224 1890 2252 Οὕτω

258 2269 325 2296 dicit
345 2269 390 2296 tali
411 2270 513 2303 impetu
534 2276 644 2304 repente
658 2271 789 2306 demergi,
810 2276 840 2298 ut
857 2279 907 2298 nee
924 2271 1047 2306 reliquiae

259 2315 345 2349 ipsius
360 2317 566 2350 conspiciantur
582 2318 700 2352 amplius
717 2327 724 2345 :
746 2323 773 2345 et
790 2319 886 2346 eodem
911 2319 994 2346 modo
1010 2319 1048 2346 ait

259 2362 390 2388 mundum
415 2362 486 2389 hunc
513 2362 540 2389 in
561 2363 748 2390 omnimodam
772 2363 889 2390 transire
913 2364 1048 2391 obscura-

260 2407 373 2434 ti'vnem.
392 2405 425 2433 Et
441 2410 472 2433 ut
497 2407 544 2434 ﬁat
561 2407 612 2434 hoc
631 2407 814 2440 manifestius,
833 2407 914 2443 803
932 2407 1008 2434 addit
1023 2413 1049 2435 et

259 2461 290 2480 ea
306 2461 366 2487 qute
379 2461 393 2480 a
411 2454 511 2481 sarculo
529 2454 796 2482 administrabantur
811 2454 838 2482 in
850 2455 920 2490 ipso,
935 2454 1049 2483 delicias

259 2507 292 2527 ac
307 2500 446 2527 lasciviant
464 2501 651 2535 provocantia,
665 2509 726 2536 qua:
743 2501 848 2529 turbam
860 2501 999 2528 attrahant
1016 2509 1049 2529 ac

260 2546 368 2574 irritent

295 2604 366 2636 Quia
388 2610 543 2631 mercatores
570 2604 619 2631 tui.
653 2604 808 2640 Ἐμπόρους
834 2604 901 2632 dicit
925 2612 972 2632 eos
1001 2605 1050 2639 qui

260 2650 445 2677 tutudinarum
465 2659 570 2678 merces
591 2656 617 2678 et
635 2650 790 2685 plausibilia
813 2651 916 2685 qumvis
932 2651 959 2678 in
978 2656 1050 2678 terra

260 2697 402 2732 colligunt,
420 2697 480 2724 ideo
503 2698 584 2725 etiam
611 2697 676 2724 dicit
690 2697 826 2732 principes
842 2704 849 2723 :
868 2703 956 2731 neque
977 2697 1050 2723 enim

261 2750 410 2776 pauperum
427 2748 468 2770 est
492 2743 553 2770 vita:
578 2742 733 2770 mollities:
760 2749 848 2777 neque
868 2741 950 2768 unius
974 2746 1052 2776 pote-

265 2788 362 2819 statis,
385 2788 470 2815 variis
501 2788 647 2823 prmstigiis
665 2793 793 2822 tanquam
820 2786 931 2814 venenis
955 2794 1053 2814 omnes

268 2836 360 2865 gentes
375 2833 541 2867 dementarr,
558 2838 605 2861 aut
621 2833 723 2868 potenti
739 2833 838 2860 virtute
851 2833 878 2859 in
894 2833 1052 2860 servitutem

271 2878 352 2912 redigi
365 2887 404 2913 re,
420 2885 465 2906 aut
481 2881 623 2915 tyrannica
637 2880 763 2907 violentia
783 2878 816 2906 de
834 2879 921 2906 medio
938 2878 1030 2906 tollere
1045 2887 1050 2904 :

1096 2274 1125 2300 δέ
1143 2282 1210 2309 φησι
1222 2274 1267 2300 τὸν
1281 2273 1404 2300 τοιοῦτον
1418 2273 1580 2299 καταδὺνειν
1591 2272 1700 2307 ἀθρόον,
1727 2272 1765 2303 ὼς
1791 2272 1890 2306 μηκέτι

1097 2319 1222 2354 λείψανον
1250 2320 1334 2346 αὐτοῦ
1358 2319 1522 2354 ἐνορᾶσθαι·
1538 2319 1586 2345 καὶ
1608 2318 1655 2345 τὸν
1679 2318 1760 2345 αὑτὸν
1776 2318 1889 2352 τρόπον,

1098 2366 1145 2392 καὶ
1158 2366 1252 2392 τοῦτον
1270 2366 1310 2397 εἰς
1335 2365 1457 2400 παντελῆ
1481 2365 1593 2400 ἀδηλίαν
1608 2364 1742 2400 χωρῆσαι.
1768 2364 1823 2390 Καὶ
1845 2363 1890 2389 ἵνα

1097 2411 1177 2439 τοῦτο
1193 2411 1372 2447 ἐκδηλότερον
1415 2431 1422 2443 ,
1436 2411 1599 2447 προστίθησι
1619 2411 1666 2438 καὶ
1680 2411 1714 2437 τὰ
1727 2411 1756 2437 ἐν
1768 2410 1844 2446 αὐτῷ
1860 2409 1891 2442 ἐξ

1099 2457 1195 2489 αἰῶνος
1221 2457 1454 2492 ἐμωλιτευθέντα
1480 2458 1587 2492 τρυφῆς
1607 2456 1742 2492 παραίτια
1758 2455 1805 2483 καὶ
1816 2456 1890 2482 ἀσω-

1099 2503 1159 2536 τίας
1174 2504 1252 2539 ὄχλον
1267 2503 1472 2538 ἁνερεθίζοντα.

1137 2604 1197 2629 ’Ὁτι
1209 2605 1236 2630 οἱ
1246 2602 1371 2638 ἔμποροί
1380 2609 1449 2629 σου.
1471 2602 1625 2636 Ἐμπόρους
1633 2602 1695 2633 τοὺς
1709 2601 1892 2636 συγχροτοῦν-

1100 2657 1149 2680 τας
1175 2649 1206 2674 τὸ
1222 2649 1268 2675 ἐπὶ
1294 2649 1346 2683 γῆς
1375 2648 1456 2675 τοῦτο
1479 2648 1554 2681 λέγει
1574 2647 1760 2682 πανηγύριον,
1781 2647 1820 2674 διὸ
1845 2647 1892 2674 καὶ

1103 2694 1268 2730 μεγιστᾶνας
1282 2703 1375 2728 φησιν.
1392 2694 1430 2720 Οὐ
1447 2694 1501 2729 γὰρ
1515 2694 1640 2729 πενήτων
1658 2693 1688 2720 τὸ
1707 2692 1891 2728 ἅσροδίαιτον,

1101 2734 1381 2775 οὺδεμιᾶςὲξουσίας
1400 2739 1430 2766 τὺ
1460 2739 1600 2774 διαφόροις
1626 2739 1767 2773 γοητείαις
1797 2737 1892 2773 ὥσπερ

1103 2786 1260 2820 φαρμάκοις
1274 2785 1403 2812 πάντατὰ
1418 2784 1482 2820 ἔθνη
1496 2784 1681 2819 φαρμάσσειν,
1691 2784 1707 2819 ἥ
1718 2783 1890 2814 δυναστείαις

1102 2831 1381 2866 καταδουλουμένους,
1396 2832 1411 2866 ἠ
1429 2832 1578 2866 τυραννικῇ
1600 2830 1645 2866 βίᾳ
1659 2830 1891 2865 ἀφανιζομένους.

1104 2876 1150 2910 ἀφ’
1165 2874 1197 2911 ἧς
1211 2877 1256 2903 καὶ
1275 2876 1379 2912 αἵματα
1394 2875 1447 2902 τῶν
1461 2875 1650 2910 ἀνακειμένων
1663 2874 1721 2911 Θεῷ
1737 2874 1891 2910 χειμάρῤου
