2092 3157
269 186 323 219 739

686 184 849 215 ΛΠΕΤΙΙιῈ
865 183 1054 215 CESARE/E
1073 185 1312 216 CAPPADOCLE
1329 185 1498 216 EPISCOPI

1849 185 1900 218 740

267 243 373 279 byssina
389 242 524 277 splendida
540 246 563 269 et
581 248 647 275 puro
667 248 676 267 :
698 248 758 266 nam
774 240 910 274 byssinum
922 240 1057 274 justiﬁed-

1109 240 1159 267 ἵνα
1175 240 1368 275 περιϐάληται
1379 242 1536 274 βύσσινον
1545 241 1685 275 λαμπρὸν
1698 241 1748 268 καὶ
1759 243 1899 275 καθαρόν.

267 289 351 316 tiones
367 293 427 315 sunt
448 293 610 314 sanctorum.
632 285 664 312 Et
689 286 728 312 ait
745 285 808 312 mihi
824 293 832 312 :
849 284 960 312 Scribe:
979 285 1057 312 Beati

265 335 312 368 qui
329 334 362 360 ad
385 340 485 360 creua»:
502 333 654 365 nuptiarum
669 331 730 365 agni
745 330 832 357 vocati
847 335 919 357 sunt.
945 330 977 356 Et
990 330 1055 362 dicit

268 380 332 407 mihi
352 388 361 407 .'
384 378 420 405 Hi
446 387 577 406 sermones
606 377 653 404 Dei
674 378 727 404 veri
754 381 824 404 sunt.
848 377 882 403 Et
902 377 1005 411 procidi
1022 378 1058 403 ad

266 426 344 460 pelles
358 425 415 459 ejus
435 429 463 451 ut
477 425 617 451 adorarent
636 431 706 450 eum.
722 422 756 449 Et
773 423 810 449 ait
832 423 895 449 mihi
914 431 923 449 :
951 422 1014 449 Vide
1027 431 1058 449 ne

266 469 358 505 feceris
374 477 383 496 .'
399 477 535 496 conservus
552 474 612 496 tuus
627 477 696 500 sum,
713 472 736 495 et
753 469 867 502 fratrum
886 472 992 495 tuorum
1010 469 1058 495 Ιια-

267 516 381 542 beutium
406 516 586 542 testimonium
603 514 670 542 Iesu
687 522 696 541 :
715 514 795 540 Deum
810 514 907 540 adora.
929 513 1057 541 Testimo-

268 563 342 588 nium
353 562 422 588 enim
435 560 502 588 Filii
516 566 555 588 est
571 561 681 595 spiritus
695 560 848 594 prophetiae.

1113 287 1147 313 Τὸ
1161 287 1216 321 γὰρ
1226 287 1392 320 βύσσινον,
1406 287 1442 314 τὰ
1454 286 1635 321 δικαιώματα
1648 286 1707 313 τῶν
1717 287 1808 321 ἁγίων
1822 287 1900 315 ἐστι.

1110 332 1164 358 Kal
1179 331 1260 367 ,λέγει
1265 340 1328 366 μοι·
1338 333 1473 366 Γράψον
1483 332 1627 366 Μακάριοι
1638 334 1665 359 οι
1675 333 1719 365 εις
1732 332 1765 359 τὸ
1778 331 1901 359 δεῖπνον

1107 377 1160 403 τοῦ
1173 376 1268 411 γάμου
1282 377 1335 404 τοῦ
1350 377 1456 411 ἀρνίου
1470 377 1660 412 κεκλημένοι.
1679 377 1735 404 Kal
1748 377 1830 412 λέγει
1839 385 1900 412 μοι’

1109 420 1197 450 οὗτοι
1209 423 1236 449 al
1247 423 1332 457 λόγοι
1346 423 1484 457 ἀληθινοί
1496 423 1550 450 τοῦ
1568 423 1642 450 Θεοῦ
1657 424 1726 451 εισι.
1755 423 1811 450 Kal
1833 423 1901 450 ἕπε-

1106 476 1164 494 σσν
1176 468 1346 502 ἔμπροσθεν
1359 468 1418 495 τῶν
1436 469 1539 496 ποδῶν
1559 469 1663 501 αὐτοῦ,
1686 469 1901 503 προσκυνῆσαι

1106 513 1197 546 αὐτῷ,
1209 514 1258 541 καὶ
1271 513 1353 548 λέγει
1367 523 1419 549 μοι
1433 523 1440 530 ⁶
1459 515 1543 549 Ὅρα,
1559 515 1613 549 μή.
1645 515 1818 547 Σύνδουλός
1842 515 1900 541 σού

1107 561 1175 594 ειμι,
1196 560 1246 586 καί
1265 560 1324 587 τῶν
1344 560 1485 595 ἀδελφῶν
1509 568 1568 588 σου
1590 560 1650 588 τῶν
1681 560 1814 594 ἐχόντων
1841 560 1901 593 τὴν

264 607 431 642 μαρτυρίαν
447 605 551 640 Ἰησοῦ
563 614 569 621 '
584 605 625 638 τῷ
643 605 704 638 Θεῷ
719 605 951 640 προσκύνησον·
964 604 983 638 ἡ
1016 605 1071 639 γὰρ
1086 605 1237 639 μαρτυρία
1255 605 1310 632 τοῦ
1328 605 1396 633 Υἰοῦ
1407 605 1473 632 ἐστι
1510 606 1543 632 τὸ
1568 605 1687 640 πνεῦμα
1709 606 1766 641 τῆς
1781 612 1901 640 προέβη⁴

267 663 331 681 rem
353 674 360 680 .

303 664 466 734 Sp‘irituales
489 697 597 724 Domini
612 697 713 732 nuptiae
728 696 755 724 in
778 696 906 731 praesenti
921 697 975 723 vita
992 699 1056 723 sunt

1157 697 1178 722 0
1188 695 1218 721 ἐν
1230 695 1269 731 τῷ
1283 695 1397 730 παρόντι
1421 695 1604 728 πνευματικὸς
1619 695 1708 731 γάμος
1732 696 1780 723 τοῦ
1796 698 1899 733 Κυρίου

268 746 304 773 ob
326 743 568 779 desponsationem
591 750 655 770 cum
671 742 805 775 Ecclesia,
823 747 850 769 et
873 742 909 769 ita
931 741 1058 776 perfecta:

1108 740 1153 765 ἐπὶ
1168 741 1201 774 τῇ
1215 740 1283 774 πρὸς
1296 740 1345 775 τὴν
1362 740 1526 775 Ἐκκλησίαν
1542 741 1676 777 μνηστείᾳ
1687 742 1756 774 ἐστὶ,
1770 743 1818 770 καὶ
1827 743 1899 770 οὕτω

269 791 382 826 nuptiae.
399 790 487 823 Atque
504 790 556 816 hoc
572 789 662 815 innuit
678 788 758 815 divus
775 788 922 823 Apostolus
935 787 1058 814 scribens

1108 784 1209 816 τέλειος
1227 785 1324 819 γάμος.
1340 786 1395 811 Καὶ
1412 784 1492 812 τοῦτο
1506 786 1652 812 αἰνίττεται
1665 787 1679 813 ὁ
1692 786 1763 819 θεῖος
1771 787 1900 814 ’Λπόστο-

268 838 302 865 ad
315 836 472 865 Corinthios
488 844 494 862 :
519 844 528 861 ι
547 835 643 870 Aptavi
664 834 738 861 enim
752 842 800 861 vos
820 834 866 861 uni
885 835 943 861 viro
960 838 989 860 ut
1004 833 1059 859 vir-

1108 831 1152 862 λος
1169 830 1322 865 Κορινθίοις
1330 831 1455 865 γράφων·
1479 839 1489 856 ι
1509 831 1690 866 Ἦρμοσάμην
1700 832 1756 867 γὰρ
1773 833 1844 867 ὑμᾶς
1859 834 1901 860 ἑνὶ

269 884 358 918 ginem
375 886 479 910 castam
495 881 652 908 exhiberem
668 880 778 908 Christo
788 880 822 905 ".
841 889 851 905 ι

307 929 341 955 Et
364 936 430 954 uror
452 928 545 961 ipsius.
578 926 698 953 Uxorem
719 926 855 960 allego-ia:
876 925 958 959 805
979 929 1057 959 tropo

268 979 347 1001 vocat
358 973 521 1004 Ecclesiam,
539 972 600 999 ideo
614 977 642 998 et
659 972 705 998 ﬁlii
725 972 824 1005 nuptiae
838 971 1017 1003 inducuntur,
1031 975 1058 997 et

268 1020 388 1054 virgines
415 1023 481 1045 sunt
507 1025 567 1052 quae
584 1017 676 1044 lerunt
699 1016 854 1051 lampades,
875 1024 993 1051 quarum
1018 1018 1058 1043 hac

268 1073 329 1100 qua:
354 1063 499 1091 suﬂicicnti
515 1071 572 1090 usa:
589 1067 653 1090 sunt
676 1062 746 1093 oleo,
770 1062 859 1097 dignae
876 1062 975 1089 habita:
995 1067 1059 1089 sunt

268 1115 299 1137 ut
322 1109 354 1136 ad
380 1115 511 1144 sponsum
536 1107 768 1142 ingrederentur:
792 1114 853 1141 quae
867 1114 932 1133 vero
951 1106 978 1132 in
998 1106 1059 1141 ejus

269 1156 360 1190 inopia
387 1159 452 1182 sunt
472 1153 658 1188 deprehensae,
677 1152 864 1180 condemnata:
885 1155 948 1179 sunt
964 1159 997 1178 ne
1017 1152 1059 1178 in-

269 1199 448 1235 grederentur
467 1207 474 1226 :
500 1197 731 1233 quemadmodum
747 1204 813 1224 sane
825 1201 852 1223 et
873 1196 897 1224 is
921 1196 969 1231 qui
984 1201 1059 1224 veste

269 1253 323 1273 non
352 1244 402 1272 fuit
421 1244 534 1271 indutus
557 1243 685 1278 nuptiali,
709 1247 838 1270 ostensus
862 1246 902 1270 est
927 1250 943 1270 a
965 1249 1059 1270 mensa

269 1291 384 1326 nuptiali
409 1290 555 1318 excidisse.
572 1290 617 1316 Ait
633 1293 723 1316 autem
741 1289 834 1316 datum
860 1288 946 1316 fuisse
968 1289 1058 1321 uxori,

269 1337 295 1364 id
315 1341 357 1364 est
379 1335 519 1367 Ecclesiae,
547 1339 577 1361 ut
601 1334 715 1369 byssino
732 1333 906 1366 indueretur,
923 1334 975 1361 hoc
997 1338 1058 1364 est,

269 1383 422 1417 splendore.
452 1380 519 1407 Nam
539 1380 697 1415 huiusmodi
723 1383 766 1407 est
789 1383 816 1406 et
844 1379 942 1415 byssus
964 1383 1059 1406 cortex

268 1429 377 1456 arboris
398 1426 507 1458 Indicae,
526 1433 587 1461 quas
606 1426 639 1453 ad
654 1425 740 1452 linum
763 1429 943 1460 praeparatur.
963 1425 1058 1460 Splen-

268 1474 335 1501 dore
352 1473 435 1508 igitur
456 1466 506 1506 per
523 1470 665 1507 byssinum
682 1471 837 1506 signiﬁcato
853 1471 863 1505 (
878 1470 951 1506 quod
968 1471 1057 1506 ipsum

269 1525 391 1554 prasens
424 1523 535 1552 quoque
572 1517 703 1544 revelatio
741 1517 929 1549 demonstrat.
964 1517 1058 1544 dicens

1076 895 1097 922 Β
1110 876 1188 911 ἀνδρὶ
1203 876 1338 910 παρθένον
1352 876 1437 911 ἁγνὴν
1453 877 1627 912 παραστῆσαι
1645 877 1684 913 τῷ
1694 878 1815 913 Χριστῷ.
1835 888 1844 904 ι

1146 922 1200 949 Kal
1214 923 1233 956 ὴ
1242 922 1318 956 γυνὴ
1328 923 1432 949 αὑτοῦ.
1450 923 1569 949 Γυναῖκα
1579 923 1630 958 τὴν
1644 923 1809 959 Ἐκκλησίαν
1817 925 1900 960 ἀλλη-

1111 968 1207 1003 γορίας
1224 968 1318 1003 τρόπῳ
1328 969 1416 1002 καλεί,
1438 969 1479 995 διὸ
1495 969 1543 996 καὶ
1565 969 1654 1004 γάμο;
1669 970 1812 1004 εἰσάγεται
1824 971 1899 1004 Υἱοῡ,

1112 1013 1158 1040 καὶ
1173 1013 1303 1049 παρθένοι
1314 1014 1531 1050 λαμπαδοφόροι,
1547 1012 1585 1042 ὧν
1598 1015 1625 1041 αῑ
1647 1015 1697 1049 μὲν
1715 1016 1822 1051 διαρκεί
1834 1026 1902 1052 χρη-

1112 1059 1229 1094 σάμεναι
1255 1059 1294 1095 τῷ
1319 1060 1412 1096 ἐλαίῳ,
1438 1061 1488 1096 τῆς
1508 1062 1548 1093 εἰς
1574 1061 1619 1088 τὸν
1640 1062 1773 1097 νυμφῶνα
1796 1063 1899 1090 εἰσόδου

1111 1104 1250 1138 ἠξίωνται,
1263 1106 1291 1132 αἱ
1303 1105 1332 1131 δὲ
1350 1106 1440 1142 σπάνῃ
1459 1106 1556 1133 τούτου
1582 1106 1744 1141 λειφθεῖσαι,
1756 1107 1900 1143 θυραυλεῖν

1112 1151 1325 1186 κατεκρίθησαν,
1350 1151 1445 1187 ὥσπερ
1462 1152 1558 1187 ἀμέλει
1574 1153 1622 1179 καὶ
1635 1153 1649 1178 ὁ
1664 1153 1702 1187 μὴ
1717 1153 1808 1188 γάμου
1825 1153 1900 1180 ἐνδυ-

1112 1204 1151 1230 μα
1165 1196 1366 1230 ἠμφιεσμένος,
1389 1197 1530 1229 ἔκπτωτος
1551 1197 1602 1233 τῆς
1616 1199 1739 1233 γαμικῆς
1755 1199 1900 1235 ἀπεφάνθη

1110 1241 1260 1275 τραπέζης.
1278 1241 1407 1268 Δεδόσθαι
1431 1241 1460 1268 δέ
1479 1250 1546 1277 φησι
1572 1244 1606 1278 τῇ
1624 1244 1744 1278 γυναικὶ,
1763 1244 1898 1276 τουτέστι,

1111 1286 1144 1321 τῇ
1175 1286 1343 1322 Ἐκκλησία,
1368 1287 1399 1314 τὺ
1427 1287 1553 1322 βύσσινον
1578 1288 1761 1322 ἐνδύσασθαι,
1778 1289 1899 1317 οίονεὶτὸ

1111 1330 1247 1366 λαμπρόν.
1263 1331 1389 1359 Τοιοῦτον
1402 1332 1456 1368 γὰρ
1466 1333 1513 1360 καὶ
1528 1334 1546 1368 ἡ
1563 1333 1671 1368 βύσσος,
1689 1335 1780 1370 φλοιὸν
1791 1335 1898 1372 δένδρου

1120 1375 1241 1409 Ἰνδικοῦ,
1270 1377 1311 1409 είς
1334 1377 1406 1404 λίνον
1433 1379 1668 1415 κατειργασμένη.
1696 1380 1750 1407 Τοῦ
1770 1381 1897 1416 λαμπροῦ

1111 1421 1201 1449 τοίνυν
1217 1422 1262 1449 διὰ
1282 1422 1329 1449 τοῦ
1359 1423 1486 1458 βυσσίνου
1502 1425 1671 1459 δηλωθέντος
1681 1447 1690 1460 ,
1702 1426 1717 1453 δ
1733 1427 1780 1454 καὶ
1800 1428 1868 1455 αὐτὸ
1882 1428 1898 1462 ἡ

1112 1468 1280 1503 προκειμένη
1301 1469 1475 1505 ἀποκάλυψις
1501 1472 1634 1507 παριστᾷ,
1657 1471 1687 1498 τὸ
1714 1472 1840 1508 λαμπρὸν
1860 1474 1899 1500 εί-

1112 1513 1200 1540 ποῦσα
1212 1514 1258 1540 καὶ
1271 1514 1403 1550 καθαρὸν,
1421 1515 1447 1542 τί
1458 1515 1491 1542 ἂν
1505 1516 1571 1543 ἄλλο
1585 1517 1737 1553 ἐννοηθείη,
1752 1517 1768 1553 ἦ
1784 1519 1813 1544 αἱ
1831 1519 1897 1553 ἀρε-

269 1562 442 1598 splendidum
457 1566 485 1591 et
498 1562 607 1598 purum)
621 1563 685 1598 quid
701 1563 776 1591 aliud
797 1563 964 1598 intelligetur
976 1570 1059 1598 quam

1111 1559 1169 1591 ταὶ,
1192 1556 1236 1591 αἶς
1261 1561 1291 1586 τὸ
1310 1560 1436 1597 λαμπρὸν
1454 1562 1501 1589 καὶ
1523 1562 1632 1596 λεπτὸν,
1649 1565 1706 1595 τοῖς
1720 1563 1898 1600 διανοήμασιν

269 1609 403 1640 virtutes.
431 1615 447 1636 e
473 1609 575 1644 quibus
595 1608 724 1643 splendor
750 1615 783 1636 ac
799 1608 940 1636 subtilitas
957 1609 1058 1636 texitur

269 1654 535 1682 considerationibus
554 1654 708 1682 divinarum
724 1653 975 1689 justiﬁeationumg?

305 1698 381 1726 Beati
400 1700 444 1734 qui
461 1699 495 1726 ad
512 1707 611 1726 (tenam
632 1700 785 1734 nuptiarum
803 1700 865 1734 agni
879 1700 965 1727 vocati
984 1704 1056 1727 sunt.

270 1744 382 1779 Utique,
400 1745 423 1772 si
435 1745 518 1772 etiam
532 1745 704 1772 vocationem
721 1749 874 1780 sequantur
886 1750 915 1772 ut
930 1749 1057 1780 oportet:

270 1790 371 1818 multos
387 1798 506 1826 namque
519 1791 546 1817 in
569 1791 716 1827 Evangelio
730 1791 833 1819 scimus
856 1798 917 1820 esse
937 1796 1057 1823 vocatos,

271 1844 375 1872 paucos
384 1844 449 1864 vero
464 1837 576 1865 electos.
587 1836 680 1872 Neque
693 1838 767 1865 enim
781 1837 879 1865 suﬂicit
892 1837 1008 1865 allectus
1021 1837 1056 1864 ad

270 1881 454 1915 vocationem,
482 1882 536 1910 nisi
556 1882 639 1910 etiam
654 1883 688 1911 ad
717 1883 890 1919 propositum
926 1887 1059 1918 sequatur

270 1926 351 1961 agilis
364 1927 509 1961 impulsus.

313 1971 377 2000 Vide
391 1980 421 1999 ne
443 1973 548 2007 fecerit.
563 1972 603 2000 Ne
624 1980 668 2000 me
693 1972 802 2006 adores,
820 1973 908 2008 inquit
934 1974 1058 2010 angelus,

270 2021 402 2052 tanquam
427 2017 517 2045 futura
533 2018 726 2053 praedicentem
742 2027 749 2046 :
767 2026 856 2054 neque
877 2019 950 2047 enim
967 2027 1057 2047 meum

271 2068 314 2090 est
327 2063 380 2090 hoc
394 2064 547 2099 prophetia
561 2064 705 2097 indicium.
725 2065 773 2093 sed
795 2065 979 2093 confessionis
994 2073 1058 2101 pro-

270 2113 331 2143 pter
350 2107 491 2136 Christum
517 2115 715 2137 conservorum
740 2116 863 2137 meorum
883 2118 890 2138 :
917 2119 979 2138 nam
1001 2111 1058 2139 huic

269 2159 312 2180 est
329 2161 389 2188 quae
405 2153 531 2189 spiritum
546 2155 736 2189 propheticum
750 2155 889 2183 conciliat.

307 2197 496 2226 Testimonium
521 2200 591 2226 enim
615 2200 680 2227 Filii
710 2205 748 2228 est
774 2201 883 2235 spiritus
904 2202 1055 2236 prophetiae.

1110 1604 1283 1639 ὲξυφαίνεται
1294 1605 1348 1633 τῶν
1364 1606 1444 1634 θείων
1455 1607 1647 1643 δικαιωμάτων
1657 1617 1665 1642 ;

1144 1695 1288 1729 Μακάριοι
1303 1697 1331 1723 ot
1341 1698 1383 1730 εις
1398 1698 1430 1724 τὸ
1445 1698 1571 1725 δεῖπνον
1585 1698 1640 1726 τοῦ
1651 1699 1747 1734 τάμον
1763 1700 1817 1728 τοῦ
1843 1701 1896 1736 ἁρ-

1109 1741 1177 1768 νίου
1195 1743 1385 1777 κεκλημένοι.
1408 1744 1462 1771 Καὶ
1473 1744 1503 1780 δή
1520 1753 1551 1778 γε
1567 1745 1614 1772 καὶ
1627 1746 1696 1780 μετὰ
1722 1746 1773 1782 τὴν
1798 1747 1897 1782 κλῆσιν

1109 1787 1246 1821 ἀπιόντες,
1262 1788 1299 1819 ὡς
1313 1788 1363 1816 δεῖ.
1382 1789 1500 1821 Πολλοὺς
1518 1789 1574 1825 γὰρ
1601 1791 1680 1826 ῐσμεν
1690 1793 1722 1819 ὲν
1736 1792 1781 1828 τῷ
1804 1793 1896 1827 Εὐαγ-

1109 1832 1191 1867 γελίῳ
1205 1833 1402 1869 κεκλημένους,
1418 1835 1525 1870 ὀλίγους
1538 1835 1566 1862 δὲ
1588 1837 1650 1868 τοὺς
1678 1838 1833 1869 ἐκλεκτούς.
1853 1839 1891 1865 Οὐ

1109 1878 1163 1914 γὰρ
1176 1880 1192 1913 ἡ
1208 1879 1276 1914 πρὸς
1288 1879 1337 1914 τὴν
1350 1881 1447 1915 κλῆσιν
1457 1881 1531 1917 ὁρμὴ
1545 1881 1667 1918 ἐξαρκεῖ,
1682 1883 1716 1910 ἂν
1734 1883 1772 1920 μὴ
1787 1885 1834 1911 καὶ
1847 1893 1897 1920 με-

1108 1925 1267 1960 ταχείρησις
1281 1925 1413 1962 εὖδρομος
1459 1929 1492 1962 τῇ
1508 1929 1648 1964 προθέσει.

1147 1968 1235 1997 οὗτοι
1264 1972 1292 1998 οι
1319 1972 1403 2007 λόγοι
1430 1974 1581 2007 ἀληθινοί.
1615 1974 1662 2010 Μὴ
1677 1976 1824 2010 προσ-κύνει
1849 1984 1896 2011 με.

1109 2016 1191 2050 φησὶν
1205 2016 1219 2041 ὁ
1235 2017 1358 2050 ἄγγελος,
1374 2018 1412 2050 ὼς
1430 2018 1464 2045 τὰ
1494 2020 1624 2055 μέλλοντα
1657 2021 1832 2056 προλέγοντα.
1857 2023 1895 2049 Οὐ

1108 2062 1163 2097 γὰρ
1178 2063 1244 2097 ὲμὸν
1257 2063 1335 2090 τοῦτο
1346 2064 1396 2099 τῆς
1411 2066 1578 2100 προφητείας
1592 2066 1622 2093 τὸ
1645 2067 1799 2102 γνώρισμα,
1825 2069 1893 2095 ἀλλὰ

1108 2109 1157 2141 τῆς
1172 2109 1216 2136 διὰ
1225 2110 1271 2137 τὸν
1283 2111 1401 2146 Χριστὸν
1418 2111 1564 2146 ὁμολογίας
1585 2113 1639 2140 τῶν
1656 2113 1811 2141 συνδούλων
1831 2123 1893 2148 μου.

1107 2153 1181 2189 Αὕτη
1197 2155 1251 2190 γάρ
1269 2156 1326 2182 ἐστι
1338 2157 1455 2191 χορηγὸς
1468 2157 1515 2184 τοῦ
1531 2158 1702 2194 προφητικώ
1728 2161 1894 2195 πνεύματος.

1151 2201 1182 2229 Ἠ
1192 2201 1246 2236 γὰρ
1258 2203 1407 2237 μαρτυρία
1422 2203 1475 2230 τοῦ
1495 2204 1563 2231 Υίοῦ
1577 2205 1643 2232 ἐστι
1661 2206 1694 2233 τὸ
1710 2206 1829 2241 πνεῦμα
1839 2206 1896 2241 τῆς

271 2242 329 2270 [Ioc
348 2248 403 2275 est,
427 2245 574 2272 retributio
588 2246 736 2274 testimonii
758 2233 821 2275 facti
834 2255 885 2282 pro
893 2233 1003 2275 Christo
1017 2254 1061 2276 est

1111 2233 1307 2281 «poscitrelitc:
1328 2233 1401 2274 vim
1420 2248 1469 2282 τῆς
1500 2249 1619 2284 ἀμοιϐῆς
1644 2251 1693 2285 τῆς
1713 2251 1758 2279 διὰ
1777 2233 1897 2287 ἑρκέτῶ

272 2289 374 2315 donum
392 2289 592 2327 propheticum,
609 2291 682 2319 sicut
700 2296 743 2319 est
763 2292 846 2319 etiam
860 2293 948 2320 eidem
961 2293 1060 2326 simile,

273 2332 364 2367 inquit
375 2334 501 2369 angelus.
514 2333 655 2369 Siquidem
671 2337 834 2371 prophetare
847 2336 914 2364 mihi
930 2337 1059 2365 traditum

270 2383 311 2406 est
329 2383 441 2414 propter
455 2387 603 2409 conservos
620 2389 697 2410 meos
715 2386 859 2417 martyres.

548 2465 662 2493 CAPUT
684 2466 776 2494 LVIII.

269 2518 408 2550 Quomodo
423 2519 516 2547 viderit
533 2520 702 2559 Evangelista
713 2522 846 2550 Christum
860 2532 924 2559 equo
939 2525 1056 2553 insiden-

304 2558 438 2614 tem‘cum
467 2557 641 2590 potestatibus
667 2559 792 2593 angelicis
825 2557 950 2587 terrorem
980 2561 1055 2588 incu-

304 2595 422 2614 uertem.

303 2595 311 2614 Ι
315 2595 422 2616 ιωιιεηι.

302 2643 375 2676 XIX,
398 2645 490 2674 II-H.
517 2646 552 2674 Et
577 2647 632 2674 uidi
659 2648 751 2676 ctelum
783 2654 924 2684 apertum:
948 2657 971 2678 et
997 2659 1055 2679 ecce

265 2699 346 2725 equus
361 2691 448 2725 albus,
466 2699 490 2720 et
505 2694 551 2728 qui
566 2694 672 2722 sedebat
686 2703 765 2730 super
780 2705 840 2723 eum
853 2698 941 2732 ﬁdelis
954 2703 1010 2724 erat
1028 2704 1053 2726 et

265 2744 355 2768 uerax,
371 2742 396 2764 et
412 2738 439 2764 in
452 2738 559 2772 justitia
574 2740 679 2774 judicat
700 2746 724 2768 et
738 2747 850 2777 pugnat.
867 2742 944 2770 Oculi
964 2749 1053 2770 autem

264 2782 347 2815 ipsius
366 2783 451 2819 806
466 2791 593 2820 tauquam
609 2787 718 2821 ﬂamma
733 2789 801 2823 ignis
816 2796 825 2815 :
842 2793 865 2815 et
880 2797 958 2823 super
973 2795 1052 2823 caput

301 2871 324 2889 ⁹²
339 2874 360 2899 II
379 2874 441 2902 Cor.
462 2884 491 2908 ιι,
507 2879 534 2904 '2.

1109 2293 1274 2328 μαρτυρίας,
1302 2293 1333 2320 τὸ
1361 2295 1530 2329 τιροφητικόν
1553 2296 1611 2322 lost
1623 2297 1757 2332 χάρισμα,
1774 2299 1812 2329 ὡς
1837 2298 1897 2326 ἐστι

1108 2338 1154 2363 καὶ
1171 2338 1264 2372 ὅμοιον
1281 2340 1314 2374 τῇ
1343 2340 1421 2375 αὐτῇ,
1438 2341 1522 2376 φησὶν
1543 2342 1558 2367 ό
1587 2342 1714 2376 ἄγγελος.
1733 2345 1770 2371 Τὸ
1784 2353 1893 2381 προφη-

1106 2383 1195 2409 τεύειν
1214 2384 1269 2419 γὰρ
1282 2384 1326 2411 διὰ
1337 2385 1399 2417 τοὺς
1423 2386 1581 2419 συνδούλους
1604 2396 1655 2422 μου
1670 2389 1734 2421 τοὺς
1752 2389 1895 2426 μάρτυρας

1106 2429 1276 2464 παρεσχέθη.

1386 2477 1511 2505 ΚΕΦΔΛ.
1539 2478 1606 2507 NH'.

1105 2528 1176 2574 Πῶς
1186 2530 1240 2573 τὸν
1250 2531 1381 2574 Χριστρν
1394 2535 1656 2574 ᾧΕἰζατ-πειῐιςγτὴς
1668 2538 1801 2572 ἔφιππον
1817 2539 1894 2574 μετὰ

1158 2564 1317 2600 δυνάμεων
1333 2564 1502 2603 ἀγγελικῶῦ
1515 2564 1662 2599 ἓθεάσαινο
1678 2564 1740 2601 σὺν

1140 2653 1194 2680 Καὶ
1212 2652 1294 2681 εἶδον
1305 2655 1359 2682 τὸν
1375 2656 1504 2691 οὐρανὸν
1526 2658 1727 2693 ἀνεῳγμένον.
1749 2661 1803 2687 Kal
1828 2661 1892 2688 ίὸοὺ

1105 2699 1197 2732 ἵππος
1211 2701 1331 2734 λευκὸς,
1345 2703 1393 2729 καὶ
1405 2705 1421 2730 δ
1435 2704 1602 2739 καθήμενος
1613 2705 1659 2731 ἐπ’
1668 2706 1772 2738 αὑτὸν,
1786 2708 1893 2740 πιστὸς

1104 2745 1153 2772 καί
1171 2745 1323 2781 ἀληθινὸς,
1342 2749 1391 2775 καὶ
1411 2749 1637 2785 ἑνδικαιοσύνῃ
1652 2752 1746 2785 κρίνει
1760 2752 1810 2779 καί
1835 2760 1889 2780 πο-

1103 2790 1196 2825 λεμεῖ.
1213 2793 1245 2819 Ol
1265 2792 1299 2819 δὲ
1318 2793 1464 2829 ὀφθαλμοί
1491 2796 1597 2830 αὐτοῦ,
1625 2797 1666 2829 ὡς
1679 2797 1761 2831 φλὸξ
1784 2798 1890 2832 πυρός.
