2092 3157
253 188 306 220 743

659 183 821 214 ARETIL‘E
841 182 1030 213 CAESARE/1'5
1048 183 1291 214 CAPPADOCIE
1310 184 1480 215 El’lSCOI’I

1824 183 1878 215 7M

256 252 380 274 nostrum
408 245 521 272 verbum
553 250 585 270 ex
618 247 709 270 mente
729 241 876 276 procedit:
905 246 953 268 aut
971 242 1043 276 quod

1095 243 1184 276 τοῦτο,
1202 242 1327 279 καθάπερ
1340 243 1353 269 ὁ
1365 242 1500 278 ἡμέτερος
1515 242 1592 277 λόγος
1609 243 1641 268 ἐκ
1654 242 1700 269 τοῦ
1718 242 1764 269 νοῦ
1785 243 1878 278 πρόει-

255 291 377 319 omnium
396 296 536 317 sermones
554 289 581 315 in
597 295 628 315 se
643 288 794 314 contineat.

293 335 324 362 Et
345 335 475 362 exercitus
492 334 535 368 qui
560 336 621 359 sunt
642 332 670 358 in
692 332 756 359 cwlo
775 332 951 367 sequebantur
970 341 1041 362 eum.

255 383 321 409 Cum
368 373 511 414 supremus
547 378 584 405 sit
611 378 663 404 dux
703 377 856 404 cwlestium
898 378 1042 412 virtutum,

259 425 489 461 queinadmoduin
517 423 575 456 ipse
594 423 701 449 dixerat
730 421 795 449 Jesu
828 422 912 456 Nave,
944 423 1042 450 merito

255 474 439 498 assectatores
473 468 570 495 habuit
587 468 632 502 qui
655 467 689 495 ad
718 468 844 494 militiam
875 468 1042 503 complerent

255 516 378 547 ordines,
396 522 444 541 eos
457 514 633 549 potissimum
651 513 697 548 qui
714 521 786 541 nunc
800 513 834 540 ad
853 514 974 549 praelium
1004 514 1041 541 ir-

258 564 372 588 ruerent
399 560 532 587 adversus
568 559 679 594 impios.
709 559 772 586 Haec
805 564 896 586 autem
921 560 1042 586 humano

255 615 333 634 more
365 606 501 641 disposita
521 609 586 632 sunt
610 605 637 632 in
668 606 844 638 revelatione,
864 606 929 640 quia
955 613 1043 640 neque

255 653 310 680 alio
331 652 411 679 modo
427 651 576 686 signiﬁcari
599 651 762 686 potuissent.
780 651 892 685 Equites
914 658 979 678 vero
994 652 1042 678 dc-

257 697 404 732 signantur
417 700 445 723 et
460 695 507 730 qui
523 696 602 730 equis
614 696 682 723 albis
699 696 817 722 insident
831 704 838 722 :
854 701 884 722 ut
899 695 961 730 equi
976 703 1043 722 sane

256 744 390 770 adventus
406 741 580 769 velocitatem
596 741 757 776 designent;
776 741 871 769 albedo
884 749 948 768 Vero
959 749 1043 776 equo-

256 797 317 817 rum
334 788 424 816 taliter
439 788 554 815 adornet
573 788 701 815 ctelesles
716 788 837 815 ordines.
855 788 888 814 Et
902 792 977 815 certe
992 787 1041 821 ipsi

257 841 369 869 quoque
392 840 555 860 aseensores
579 832 763 860 ostenduntur
782 832 868 859 induti
895 833 955 859 alha
972 832 1040 860 stola

258 881 381 916 byssina.
401 880 472 913 Quid
500 880 572 906 enim
598 879 670 906 inter
700 879 852 906 materialia
880 886 911 906 ac
934 883 1041 905 terrena

258 927 350 962 aptius
364 926 469 954 cmlesti
486 933 518 954 ac
531 925 624 953 divino
638 925 721 953 coetui
740 925 861 960 conspici
881 924 986 960 potest?

291 1008 363 1046 XIX,
378 1012 420 1044 15,
435 1012 478 1040 16.
496 1011 528 1038 Et
545 1012 576 1038 de
588 1018 631 1038 ore
644 1011 700 1045 ejus
713 1011 829 1046 procedit
845 1011 950 1046 gladius
960 1011 1044 1038 ειη-ἰη-

256 1067 305 1090 aue
325 1064 430 1090 acutus,
446 1063 474 1084 ut
490 1066 519 1085 eo
537 1058 667 1092 percutiat
682 1062 769 1092 gentes
781 1065 791 1084 :
808 1062 832 1084 et
843 1057 896 1092 ipse
914 1063 982 1092 reget
1000 1065 1044 1083 ea:

257 1105 328 1140 virga
350 1104 445 1138 ferrea.
472 1103 505 1130 Et
523 1104 578 1137 ipse
602 1102 689 1129 calcat
710 1102 829 1129 torcular
856 1103 910 1129 vini
944 1102 1044 1136 furoris

256 1151 305 1177 irw
320 1149 367 1177 Dei
395 1149 593 1184 onmipotemis.
616 1147 649 1175 Et
670 1148 746 1174 habet
766 1155 842 1181 super
865 1147 1046 1174 vestimentum

257 1202 281 1224 et
298 1205 376 1231 super
391 1197 479 1232 femur
493 1203 570 1222 suum
590 1202 685 1221 nomen
698 1193 826 1228 scriptum
843 1201 852 1220 :
878 1193 931 1220 Rex
958 1200 1045 1228 regum

257 1247 281 1268 et
300 1242 426 1268 Dominus
441 1239 650 1267 dominantium.

294 1389 406 1417 Gladius
421 1395 456 1416 ex
483 1394 530 1415 ore
556 1387 709 1422 procedens
734 1387 872 1423 signiﬁcat
898 1387 989 1423 impiis
1014 1395 1047 1416 ac

258 1434 450 1470 peccatoribus
466 1432 559 1470 induci
575 1432 741 1468 supplicium
755 1431 834 1467 jussu
851 1432 936 1460 divini
955 1433 1046 1460 numi-

260 1469 314 1507 nis.
339 1478 473 1513 Utrinque
489 1469 554 1505 vero
579 1478 675 1506 iueidit
693 1478 811 1513 gladius,
834 1486 867 1506 eo
891 1479 964 1513 quod
989 1483 1044 1506 tam

258 1534 292 1553 ex
310 1525 350 1552 ira
366 1532 449 1558 quam
468 1532 501 1551 ex
523 1523 715 1551 misericordia
731 1531 746 1551 a
762 1523 818 1551 Deo
835 1525 983 1559 procedant
1004 1532 1046 1552 re-

258 1570 409 1604 proborum
424 1569 578 1604 supplicia;
593 1574 690 1597 acutus
705 1573 807 1602 autem,
822 1569 888 1604 quia
901 1569 956 1597 cito
968 1569 1047 1598 aﬁ‘ert
1060 1584 1081 1613 ε

259 1623 337 1643 suam
357 1614 515 1642 eﬁieaciam.

300 1661 382 1696 Virga
398 1661 492 1695 ferrea.
512 1659 611 1687 Ferrea
629 1667 704 1695 virga
721 1668 773 1687 non
789 1665 831 1688 est
842 1661 874 1688 ad
888 1660 1048 1696 regendum,

261 1708 309 1736 sed
329 1707 362 1734 ad
378 1705 606 1740 contriugendum
621 1713 669 1732 eos
685 1706 771 1740 quiin
787 1707 841 1733 vita
858 1707 923 1734 lutei
940 1712 1005 1734 sunt
1021 1712 1049 1734 et

260 1751 347 1787 parati
362 1755 391 1777 ut
406 1753 597 1777 conterantur.
627 1749 715 1783 Quam
730 1750 766 1777 ob
781 1758 892 1778 causam
908 1759 973 1786 ergo
995 1751 1046 1786 ipsi

259 1797 421 1824 attributum
445 1799 488 1822 est
502 1794 613 1829 regere?
630 1793 688 1821 Non
711 1795 923 1828 inconsiderate,
943 1801 973 1823 ut
988 1797 1048 1832 opi-

261 1851 322 1877 nor,
339 1843 386 1871 sed
402 1841 466 1878 quia
485 1840 627 1876 probabile
639 1846 681 1868 est
697 1841 770 1876 quod
793 1841 912 1877 regendo
926 1849 1049 1877 pugnan-

261 1889 327 1916 dum
342 1888 379 1916 sit
395 1887 528 1915 adversus
553 1885 658 1913 ferinus
684 1885 820 1916 homines.
850 1890 878 1912 et
905 1891 1048 1921 propterea

259 1941 370 1970 quoque
385 1933 460 1968 virga
478 1939 547 1967 opus
568 1936 621 1964 est,
636 1938 697 1966 quze
712 1931 878 1959 adversariis
891 1931 964 1967 juste
988 1940 1049 1967 per-

259 1981 390 2008 ditionem
405 1979 511 2006 aﬁ'erat.
527 1978 596 2012 Quis
613 1983 704 2006 autem
728 1979 800 2006 alius
821 1987 904 2014 quam
921 1980 1050 2008 Christus

258 2026 348 2053 calcat
372 2024 493 2052 torcular
512 2024 567 2051 vini
598 2024 702 2052 furoris
733 2024 780 2052 ine
800 2024 867 2052 Dei?
890 2025 951 2061 Ipse
974 2027 1047 2054 enim

259 2078 307 2105 per
324 2069 459 2105 judicium
483 2069 567 2104 808
583 2076 615 2096 ac
641 2068 851 2097 retributionem
880 2070 1048 2099 voluntatem

259 2117 350 2151 explet
364 2120 517 2151 paternam.

297 2160 331 2187 Et
347 2161 424 2199 habet
439 2169 517 2196 super
529 2161 710 2188 vestimentum
726 2166 750 2189 et
766 2171 844 2197 super
859 2163 945 2198 femur
958 2172 1046 2191 suum.

263 2205 460 2233 Vestimentum
484 2206 628 2241 designare
645 2207 701 2234 vult
731 2215 853 2235 carnem.
881 2207 932 2236 Per
959 2209 1048 2236 femur

1094 296 1148 320 σιν,
1160 288 1177 323 ἦ
1189 288 1228 322 τῷ
1240 289 1350 315 πάντων
1364 290 1426 320 τοὶς
1452 289 1545 322 λόγους
1559 290 1587 315 ὲν
1599 288 1688 323 ἐκυτῴ
1703 289 1807 323 φέρειν.

1129 334 1184 360 Καί
1201 333 1235 360 τὰ
1253 334 1461 368 στρατεύματα
1477 334 1513 361 τὰ
1531 334 1566 360 ἐν
1594 334 1634 367 τῷ
1661 335 1777 368 οἱφανῴ
1808 335 1881 369 ἠκο-

1092 378 1194 404 λούθει
1208 377 1299 409 αὐτῷ.
1317 379 1548 413 ’Δρχιστράτηγος
1566 379 1603 405 ὣν
1612 378 1666 405 τῶν
1684 379 1817 414 οὐρανίων
1832 380 1879 406 δυ-

1094 422 1213 457 νάμεων,
1227 423 1264 454 ὡς
1276 422 1355 454 αὐτὸς
1376 423 1464 457 Ἰησοῦ
1473 423 1512 458 τῷ
1523 422 1569 449 τοῦ
1585 423 1664 458 Ναυῆ
1682 424 1878 458 ἐχρημάτισεν,

1093 468 1206 499 είκότως
1218 468 1334 500 ὀπαδοὺς
1345 468 1417 495 κατὰ
1429 470 1478 503 τὴν
1496 469 1665 504 στρατηγίαν
1679 469 1881 504 συμπληροῦν-

1094 521 1142 543 τας
1158 513 1192 539 τὰ
1207 513 1338 548 τάγματα
1362 513 1462 548 ἔσχηκε
1482 514 1516 540 τὰ
1530 513 1578 539 νῦν
1594 514 1712 548 μάλιστα
1726 515 1772 540 ἐπὶ
1798 515 1880 541 πόλε-

1096 566 1146 593 μον
1160 558 1212 584 τῶν
1228 557 1336 584 ἀσεϐῶν
1359 558 1519 593 ὁρμώμενα.
1536 557 1628 584 Ταῦτα
1655 558 1684 584 δὲ
1700 558 1880 593 ἀνθρωπίνως

1093 601 1283 629 διεσκεύασται
1306 602 1335 629 ἐν
1362 604 1395 638 τῇ
1422 602 1604 636 ἀποκαλύψει,
1628 603 1670 629 ὅτι
1698 603 1765 638 μηδὲ
1791 603 1879 635 ἄλλως

1092 645 1126 683 ἦν
1141 647 1292 682 δηλωθῆναι
1307 647 1404 676 ταῦτα.
1428 648 1550 674 ’ἱππόται
1564 649 1593 675 δὲ
1609 649 1654 674 καὶ
1671 649 1764 680 ῖπποις
1781 648 1875 684 ἐποχοι

1093 693 1200 725 λευκοῖς
1229 693 1420 729 παρίστανται,
1454 694 1507 721 τῶν
1538 694 1629 721 ἵππων
1646 694 1695 730 μὲν
1709 695 1740 721 τὸ
1761 695 1810 727 ὀξὺ
1827 695 1877 729 τῆς

1093 739 1261 771 ἑπελεύσεως
1276 741 1483 775 αίνισσομένων,
1495 741 1542 767 τοῦ
1556 740 1584 766 δὲ
1600 740 1697 767 λευκοῦ
1714 741 1762 767 τοῦ
1782 741 1810 767 ὲν
1823 742 1880 772 τοῖς

1094 786 1186 818 ἵπποις
1201 787 1230 813 τὸ
1241 787 1370 818 τοιούτοις
1382 786 1588 820 ἐναγλαῐζεσθαι
1600 787 1636 813 τὰ
1647 787 1760 822 οὐράνια
1771 787 1880 821 τάγμα-

1093 841 1136 859 τα.
1148 832 1202 859 Καὶ
1209 832 1241 868 δή
1249 841 1281 867 γε
1292 833 1339 859 καὶ
1355 833 1432 860 αὐτοὶ
1450 833 1474 860 οί
1494 832 1628 860 ἀναϐάται
1643 832 1742 868 λευκὴν
1760 832 1882 867 ἀμπεχό-

1096 887 1171 913 μενοι
1194 879 1243 914 τὴν
1262 879 1316 906 ἀπὸ
1332 879 1433 914 βύσσου
1450 878 1546 914 στολὴν
1556 878 1767 905 ἐπιδείκνυνται.
1783 878 1815 904 Τί
1828 879 1882 913 γὰρ

1060 913 1080 940 Β
1095 927 1128 960 τῇ
1149 913 1268 961 οὐρανίῳ
1298 913 1346 952 καί
1367 925 1427 961 θείᾳ
1455 913 1577 960 φρατρίᾳ
1590 925 1645 951 τῶν
1660 924 1761 952 ὲνύλων
1789 932 1819 951 τε
1835 924 1882 950 καὶ

1095 971 1197 1006 γηΐνων
1223 970 1405 1005 ὲνθεωρηθείη
1433 970 1465 997 ἂν
1479 970 1694 1005 ἀρμοδιὼτερον;

1131 1016 1185 1043 Kal
1202 1015 1237 1042 ἐκ
1251 1015 1304 1042 τοῦ
1319 1015 1468 1049 στόματος
1482 1014 1576 1042 αὐτοῦ
1596 1014 1789 1048 ἐκπορεύεται
1810 1015 1883 1049 ρομ-

1096 1063 1170 1098 φαία
1183 1063 1325 1098 δίστομος
1352 1063 1444 1096 ὀξεῖα,
1471 1063 1522 1089 ἵνα
1544 1063 1579 1089 ἐν
1593 1061 1671 1096 αὐτῇ
1701 1063 1821 1096 πατάξῃ
1846 1063 1883 1089 τὰ

1096 1109 1182 1143 ἔθνη.
1196 1109 1244 1135 καί
1262 1109 1354 1142 αὐτὸς
1365 1108 1506 1143 ποιμανεῖ
1517 1108 1629 1142 αὐτοὺς
1644 1109 1679 1134 ἐν
1686 1108 1787 1142 ῥάϐδῳ
1802 1108 1884 1142 σιδη-

1092 1156 1144 1191 ρᾷ.
1165 1157 1219 1183 Kal
1231 1157 1322 1188 αὐτὸς
1337 1155 1424 1182 πατεῖ
1436 1155 1494 1189 τὴν
1519 1155 1616 1188 ληνὸν
1642 1154 1695 1181 τοῦ
1720 1154 1805 1181 οἴνου
1831 1154 1884 1181 τοῦ

1097 1201 1191 1236 θυμοῦ
1207 1200 1261 1234 τῆς
1275 1200 1367 1235 ὀργῆς
1383 1200 1436 1226 τοῦ
1462 1199 1535 1226 Θεοῦ
1550 1198 1605 1225 τοῦ
1627 1198 1882 1231 παντοκράτορος.

1099 1248 1150 1275 Kal
1165 1247 1227 1282 ἔχει
1239 1246 1288 1273 ἐπὶ
1302 1246 1334 1273 τὸ
1349 1246 1466 1280 ἱμάτιον
1474 1245 1523 1272 καί
1540 1244 1590 1272 ἐπὶ
1603 1245 1656 1271 τὸν
1669 1244 1768 1278 μηρὸν
1790 1243 1884 1270 αὑτοῦ

1098 1293 1190 1327 ὄνομα
1224 1291 1437 1327 γεγραμμένον,
1475 1290 1625 1323 Βασιλεὺς
1647 1288 1803 1322 ,ϐασιλέων
1833 1290 1883 1317 καὶ

1097 1340 1205 1373 Κύριος
1217 1340 1339 1373 κυρίων.

1139 1386 1187 1412 Ἐκ
1206 1385 1252 1412 τοῦ
1270 1386 1404 1420 στόματος
1431 1387 1447 1420 ἡ
1462 1387 1585 1421 ῥομφαια
1610 1386 1756 1413 διάττουσα
1781 1394 1812 1412 τιι
1840 1385 1883 1412 διὰ

1099 1433 1313 1469 προστάγματος
1329 1432 1402 1459 θείου
1417 1433 1493 1467 δηλοῖ
1506 1434 1562 1464 τοῖς
1578 1433 1689 1460 ἀσεϐέσι
1714 1432 1762 1459 καὶ
1792 1432 1882 1468 ἁμαρ-

1097 1479 1193 1510 τωλοῖς
1205 1477 1358 1513 ἐπαχθῆναι
1371 1478 1420 1513 τὴν
1447 1478 1568 1505 κόλασιν.
1590 1478 1776 1512 Ἀμφίστομον
1788 1477 1815 1504 δὲ
1831 1477 1882 1512 τὴν

1100 1525 1236 1561 ῥομφαίαν
1249 1524 1292 1551 διὰ
1306 1524 1336 1550 τὸ
1351 1524 1522 1558 ἑκατέρωθεν
1535 1518 1618 1559 ὀργῆς
1633 1525 1680 1550 καὶ
1693 1523 1769 1550 ἐλέου
1783 1523 1884 1558 χωρεῖν

1098 1570 1147 1602 τὶς
1177 1569 1230 1596 ἀπὸ
1259 1569 1306 1596 τοῦ
1328 1569 1402 1595 θείου
1423 1569 1477 1595 τῶν
1494 1569 1710 1604 καταφρονητῶν
1723 1568 1860 1604 τιμωρίας
1873 1577 1881 1584 ’

1098 1616 1191 1649 ὀξεῖαν
1205 1614 1244 1648 δὲ,
1261 1614 1305 1641 διὰ
1316 1614 1346 1640 τὸ
1358 1613 1476 1649 ἀμελητὶ
1493 1614 1523 1640 τὸ
1537 1614 1700 1649 δραστήριον
1712 1614 1863 1649 ἐπιφέρειν.

1141 1659 1297 1694 Ἐνράϐδῳ
1313 1658 1433 1693 σιδηρᾷ.
1459 1659 1491 1686 'H
1518 1659 1616 1695 σιδηρᾶ.
1643 1659 1739 1694 ῥάϐδος
1763 1659 1794 1685 οὑ
1821 1667 1883 1684 ποι-

1101 1706 1234 1741 μαντικὴ,
1252 1705 1320 1732 ἀλλὰ
1347 1705 1462 1740 θραῦσιν
1490 1705 1590 1740 ἔχουσα
1617 1705 1672 1731 τῶν
1688 1705 1810 1740 πηλίνων
1840 1705 1885 1730 τὸν

1100 1750 1156 1785 βίον
1174 1750 1221 1777 καὶ
1232 1751 1300 1786 πρὸς
1314 1750 1460 1786 συντριϐὴν
1473 1751 1600 1786 ἑτοίμων.
1626 1751 1658 1778 Τί
1689 1749 1737 1777 οὖν
1766 1751 1884 1778 ἐνταῦθα

1098 1795 1129 1822 τδ
1147 1796 1326 1830 ποιμαντικδν
1341 1795 1411 1830 αὐτῇ
1425 1796 1548 1829 δὲδοται;
1566 1797 1623 1823 Οὐκ
1645 1796 1784 1828 ἀσκόπως,
1796 1795 1883 1831 οἶμαι,

1100 1841 1158 1867 ἀλλ’
1173 1840 1266 1876 ὃτιτῷ
1291 1842 1446 1877 ποιμαίνειν
1472 1843 1519 1868 καὶ
1548 1841 1653 1877 θηρίοις
1680 1842 1884 1877 προσπολεμεῖν

1099 1887 1280 1922 περιγίνεται.
1292 1888 1347 1914 Καὶ
1359 1887 1403 1914 διὰ
1414 1887 1493 1914 τοῦτο
1501 1888 1548 1914 καὶ
1559 1887 1672 1922 σιδηρᾶς
1684 1887 1781 1922 ῥάϐδου
1792 1887 1882 1922 χρεία,

1099 1933 1156 1964 τοῖς
1173 1933 1382 1968 ἀνθισταμένοις
1399 1932 1484 1965 ἀξίως
1498 1933 1545 1960 τὸν
1559 1933 1669 1968 ὄλεθρον
1686 1932 1882 1968 ἐπιφερούσης.

1101 1979 1185 2005 Πατεῖ
1198 1978 1227 2005 δὲ
1243 1979 1292 2014 τὴν
1307 1979 1387 2014 ληνὸν
1401 1978 1449 2005 τοῦ
1464 1979 1538 2005 οἴνου
1552 1977 1600 2005 τοῦ
1615 1978 1703 2013 θυμοῦ
1729 1979 1778 2013 τῆς
1799 1978 1884 2013 ὀργῆς

1102 2024 1146 2050 τοῦ
1157 2023 1224 2050 Θεοῦ
1240 2025 1281 2056 τίς
1296 2024 1400 2059 ἕτερος,
1416 2024 1473 2051 ἀλλ’
1491 2024 1507 2060 ῆ
1523 2025 1538 2051 ό
1556 2024 1693 2060 Χριστός;
1711 2024 1797 2056 Αὐτὸς
1826 2024 1886 2058 γὰρ⁴

1099 2069 1143 2096 διὰ
1170 2069 1220 2105 τῆς
1244 2070 1361 2104 κρίσεως
1388 2071 1435 2097 καὶ
1464 2070 1670 2102 ἁνταποδὸσεως
1692 2070 1724 2097 τὸ
1750 2071 1885 2106 πατρικὸν

1100 2114 1233 2150 ἐκπληροί
1248 2115 1364 2150 θέλημα.

1135 2160 1188 2187 Kal
1203 2159 1324 2195 ἔχει’ὲπί
1334 2161 1367 2188 τὸ
1376 2160 1493 2195 (mittor
1501 2161 1550 2188 καί
1558 2160 1608 2188 ἐπί
1616 2161 1771 2196 τὸν-μηρὸν
1778 2161 1883 2189 αὐτοῦ.

1104 2205 1141 2231 Τὸ
1157 2205 1266 2240 ἱμάτιον
1282 2206 1332 2240 τὴν
1346 2206 1435 2240 σάρκα
1451 2205 1618 2233 αἰνίττεσθαι
1633 2206 1769 2242 βούλεται.
1787 2206 1836 2232 Διὰ
1857 2206 1886 2233 δὲ

259 2258 350 2280 autem
369 2257 495 2279 naturam
516 2252 621 2285 carnis,
636 2253 707 2287 quod
725 2261 788 2281 vere
803 2254 922 2282 humana
934 2255 970 2282 sit
986 2255 1045 2290 ipsa

1099 2251 1145 2278 τοῦ
1156 2251 1255 2287 μηροῦ,
1266 2252 1315 2287 τὴν
1327 2252 1408 2286 φύσιν
1423 2252 1472 2287 τῆς
1485 2252 1596 2288 σαρκὸς,
1609 2252 1647 2284 ὡς
1655 2253 1763 2287 ἀληθῶς
1777 2252 1882 2287 ἀνθρω-

259 2303 354 2325 etnon
375 2297 559 2332 phantastica.
579 2297 647 2325 Nam
670 2299 704 2326 ad
721 2299 803 2334 hujus
829 2301 1047 2335 designationem

260 2344 396 2378 accipitur
419 2343 509 2370 l'emur
525 2344 596 2378 apud
623 2343 789 2379 Seripluras.
805 2346 947 2374 Sermonis
968 2347 1048 2381 igitur

259 2395 360 2422 scopus
377 2391 420 2414 est
437 2395 485 2422 per
502 2388 554 2415 hoc
572 2388 729 2424 signiﬁcare
748 2391 820 2424 quod
833 2390 950 2418 \‘erbum
963 2391 1048 2427 hypo—

259 2433 359 2461 staliee
384 2433 420 2460 sit
444 2433 550 2461 unitum
579 2438 685 2461 natura:
701 2435 837 2468 humanae.
859 2440 886 2464 et
910 2437 1047 2465 carnalem

260 2479 415 2514 susceperit
431 2479 602 2507 nativitatem
618 2487 651 2507 ex
671 2481 748 2507 beata
763 2480 888 2517 Virgine.
905 2482 1046 2511 nihilomi-

259 2533 311 2553 nus
330 2525 526 2561 omnipotens,
558 2531 652 2561 utpote
679 2528 834 2555 cmlestium
866 2529 994 2565 princeps
1021 2534 1049 2558 et

259 2571 432 2598 terrestrium
452 2577 483 2598 ac
495 2571 738 2600 subterraneorum
753 2573 800 2608 qui
825 2574 968 2609 imperium
997 2575 1047 2603 ha-

259 2618 378 2645 buerunt
406 2617 537 2645 adversus
562 2618 729 2651 aﬁ'cctiones,
754 2625 781 2648 et
808 2622 998 2649 auctoritatem
1016 2629 1048 2650 ac

261 2663 345 2690 robur
367 2663 467 2690 habent
483 2663 616 2691 adversus
631 2671 772 2700 peccatum
787 2674 818 2694 ex
842 2667 929 2702 ipsius
946 2667 1047 2695 Christi

259 2717 273 2735 ιι
286 2709 407 2743 tjulm-io.

298 2755 368 2788 XIX,
385 2757 479 2785 17-19.
510 2757 542 2784 Et
569 2757 623 2784 vidi
639 2766 719 2784 miunt
740 2759 862 2793 angelum
889 2764 1003 2787 stantem
1021 2761 1047 2787 in

262 2800 327 2833 sole,
348 2806 372 2828 et
390 2801 514 2829 clamavit
531 2811 591 2830 roce
611 2811 719 2838 magna,
736 2804 826 2830 dicens
854 2806 956 2831 mutetis
974 2806 1047 2832 volu-

260 2846 348 2872 cribus
361 2855 418 2881 qure
433 2847 556 2875 volabant
571 2857 617 2883 per
631 2849 745 2876 medium
762 2849 819 2876 ειείὶ
835 2857 844 2876 :
865 2850 963 2883 Venite,
983 2859 1047 2877 cou-

261 2892 393 2925 regltmiui
410 2894 444 2920 ad
460 2902 516 2920 eam
524 2903 567 2921 am
580 2903 703 2930 magnam
720 2895 778 2928 Dei,
792 2901 820 2922 ut
830 2896 973 2923 comedatis
989 2905 1047 2923 car-

1099 2298 1180 2333 πίνης
1192 2298 1276 2333 οὖσης
1286 2298 1372 2333 αὐτῆς
1389 2299 1436 2325 καὶ
1449 2299 1481 2324 οὺ
1495 2299 1566 2325 κατὰ
1585 2298 1737 2332 φαντασίαν
1748 2306 1756 2313 ⁸
1775 2298 1814 2329 είς
1829 2298 1884 2332 γὰρ

1098 2345 1269 2379 παράστασιν
1284 2345 1379 2370 τούτου
1389 2344 1559 2379 λαμϐάνεται
1585 2345 1661 2379 παρὰ
1691 2345 1724 2379 τῇ
1751 2343 1847 2378 Γραφῇ
1870 2344 1885 2370 ό

1099 2389 1196 2424 μηρός.
1214 2389 1317 2423 Δηλοῦν
1331 2387 1377 2416 οὖν
1393 2389 1438 2416 διὰ
1448 2389 1542 2416 τούτου
1554 2389 1592 2425 τῷ
1607 2389 1678 2425 λόγῳ
1691 2390 1802 2421 σκοπὸς,
1818 2389 1860 2416 ὅτι
1870 2390 1885 2416 ὁ

1098 2435 1158 2462 καθ’
1175 2435 1324 2462 ὑπόστασιν
1339 2435 1450 2466 ἑνωθεὶς
1462 2435 1547 2468 Λόγος
1562 2435 1716 2470 ἀνθρώπων
1733 2435 1824 2469 φύσει,
1837 2435 1885 2461 καὶ

1099 2480 1236 2515 σαρκικὴν
1249 2480 1400 2516 ὑπομείνας
1426 2481 1552 2516 γέννησιν
1566 2481 1599 2507 ὲκ
1617 2481 1666 2516 τῆς
1681 2481 1761 2515 ἁγίας
1777 2480 1886 2516 Παρθέ-

1097 2534 1155 2557 νου,
1165 2525 1241 2552 οὐδὲν
1258 2523 1338 2561 ἦττον
1351 2527 1550 2563 παντοκράτωρ
1575 2527 1613 2558 ὡς
1629 2527 1764 2562 οὐρανίων
1793 2527 1885 2562 ἄρχων

1098 2572 1145 2598 καὶ
1164 2572 1294 2605 ἐπιγείων
1310 2574 1358 2599 καὶ
1383 2573 1582 2608 καταχθονίων,
1595 2574 1649 2601 τῶν
1665 2573 1885 2608 βασιλευσάντων

1098 2618 1169 2644 κατὰ
1183 2618 1287 2651 παθῶν,
1303 2618 1357 2645 τῶν
1372 2620 1402 2646 τὸ
1419 2619 1502 2655 κῦρος
1518 2620 1564 2646 καὶ
1590 2620 1622 2646 τὺ
1637 2620 1738 2655 κράτος
1768 2622 1885 2655 ἑχόντων

1098 2664 1168 2690 κατὰ
1185 2664 1235 2700 τῆς
1255 2665 1393 2700 ἁμαρτίας
1409 2667 1442 2702 τῇ
1458 2665 1505 2692 τοῦ
1518 2665 1601 2693 αὐτοῦ
1617 2665 1737 2701 Χριστοῦ
1754 2675 1881 2693 συναντι-

1097 2710 1186 2746 λήψει.

1133 2757 1185 2784 Kal
1200 2755 1282 2784 εἶδον
1296 2757 1351 2785 ἕνα
1361 2757 1489 2792 ἄγγελον
1503 2758 1618 2785 ἑστῶτα
1632 2759 1667 2785 ἐν
1683 2758 1721 2791 τῷ
1735 2759 1822 2792 ἡλίῳ,
1835 2758 1884 2785 καί

1098 2804 1206 2838 ἔκραξε
1222 2803 1306 2838 φωνῇ
1319 2804 1434 2839 μεγάλῃ
1444 2824 1452 2836 ,
1468 2804 1565 2839 ,λέγων
1579 2804 1655 2832 πᾶσι
1681 2806 1744 2837 τοῖς
1770 2804 1886 2839 ὀρνέοις

1098 2850 1160 2881 τοῖς
1176 2850 1350 2884 πετομένοις
1365 2851 1400 2877 ἐν
1414 2851 1673 2885 μεσουρανήματι·
1692 2850 1792 2883 Δεῦτε,
1808 2858 1885 2877 συνα

1098 2896 1209 2930 ἀχθηη·
1221 2897 1264 2928 είς
1280 2896 1333 2923 τὸν
1344 2895 1469 2923 δεῖπνον
1483 2896 1536 2923 τὸν
1550 2897 1646 2931 μέγαν
1669 2896 1721 2923 τοῦ
1738 2896 1822 2928 Θεοῦ,
1835 2896 1885 2922 ἵνα
