2092 3157
268 174 323 207 151'

689 172 853 202 ARETH/E
872 173 1062 202 ΟίΕΞΑΙὶΕᾹΞ
1079 173 1319 205 CAPPADOCUE
1337 174 1507 205 EPISCOPI

1843 174 1898 207 752

268 231 379 267 quando
398 228 543 257 diversitas
571 227 599 255 in
626 227 693 262 ipsis
710 227 880 262 conspicitur
904 229 1054 256 secundum

1108 230 1205 263 γενῶν,
1216 230 1281 256 ὅταν
1296 230 1413 265 διαφορά
1427 231 1456 256 ὲν
1470 229 1563 261 αὐτοῖς
1572 229 1670 264 ὁρᾶται
1683 230 1754 257 κατὰ
1763 230 1793 257 τὸ
1807 232 1897 267 χεῖρον

269 278 347 313 pejus
361 284 394 304 ac
417 276 524 306 melius,
543 274 589 308 qui
606 273 692 308 pejori
715 273 907 307 adhaeserunt,
924 281 976 301 non
995 275 1055 301 vnl-

269 324 325 359 gari
341 322 415 357 digiti
429 326 492 349 sunt
505 320 652 355 supplicio,
668 320 731 354 quia
747 319 789 346 sui
804 320 912 354 generis
931 320 1056 347 homines

269 378 323 397 non
342 373 406 396 sunt
422 366 541 394 aemulati
560 370 631 392 recte
648 366 796 399 operando.
814 364 950 392 Iudicium
975 366 1055 399 igitur

268 415 336 450 ipsis
357 414 450 441 datum
468 419 541 443 esse,
558 411 584 439 id
599 415 651 442 est,
670 415 700 437 ut
715 412 930 438 condemnarent
946 419 952 437 :
976 411 1054 445 quasi

267 467 322 487 non
338 459 426 486 solum
441 457 565 483 volentes
588 455 728 483 Christum
749 455 819 483 bene
837 455 870 482 de
888 455 956 490 ipsis
972 456 1055 482 meri-

268 510 324 532 tum
338 501 451 533 imitari,
468 501 627 536 prophetica
646 499 785 534 sequendo
799 500 921 532 oracula,
936 500 983 527 sed
998 500 1054 535 jam

267 550 400 577 adversus
410 548 460 575 hos
472 553 582 581 quoque
595 545 734 581 progredi.
748 546 931 573 Condemnari
947 554 1056 581 quoque

266 596 332 622 dicit
347 594 407 621 illos
422 593 457 620 ob
471 593 576 619 animas
590 592 785 618 decollatorum
804 597 914 625 propter
929 592 1055 619 testimo-

267 642 343 668 nium
367 638 444 671 Jesu,
460 642 488 665 et
508 642 617 672 propter
634 644 788 664 scrmonent
806 636 869 669 Dei,
889 636 915 664 id
931 642 989 670 est,
1007 639 1055 673 qui

266 688 377 719 propter
394 683 473 709 ﬁdem
489 682 516 708 in
536 681 622 708 Deum
645 681 836 709 sustinuerunt
852 688 966 709 mortem
983 683 1055 710 l'crro

267 730 383 757 illatam.
396 728 450 755 Aut
466 728 547 754 etiam
561 727 677 762 ligurate
693 727 732 754 ait
742 727 892 756 decollatos
908 728 1003 761 fuisse,
1022 731 1055 757 de

266 775 310 802 bis
323 775 371 809 qui
385 772 618 801 mortiﬁcaverunt
634 772 756 800 membra
773 781 822 801 sua
838 782 899 809 qum
913 780 992 802 erant
1006 783 1054 802 su-

267 827 315 853 per
330 824 442 845 terram.

297 864 337 892 Et
358 871 409 890 non
424 866 578 897 acceperunt
596 863 787 890 characterem.
807 863 956 892 Character
970 865 1053 900 813

265 909 429 944 cognitionis
444 908 573 936 indicium
586 913 647 940 est,
666 909 814 936 secundum
830 909 903 944 quod
919 909 1000 937 etiam
1020 911 1054 937 de

264 956 374 983 Christo
388 955 490 981 dictum
503 957 546 982 est
561 962 569 981 :
595 963 604 979 ι
625 954 767 989 Signalum
782 958 826 981 est
840 962 923 990 super
941 963 992 983 nos
1008 956 1052 982 lu-

264 1006 327 1027 men
341 999 433 1027 vultus
448 999 498 1031 tui,
514 998 628 1026 Domine
640 999 674 1030 ",
700 1007 710 1024 ι
727 998 964 1031 Quemadmodum
978 1000 1051 1027 enim

259 1052 346 1079 super
363 1044 460 1071 faciem
475 1051 637 1077 expressum
660 1047 703 1071 est
722 1044 815 1071 lumen
832 1044 859 1071 in
879 1044 988 1079 signum
1005 1053 1052 1073 co-

262 1090 413 1125 gnoscendi
433 1090 537 1117 amicos
551 1090 617 1122 Dei,
633 1090 671 1117 ita
687 1090 713 1116 in
732 1089 822 1124 impiis
837 1090 1005 1124 impudentia
1024 1092 1050 1117 in

261 1135 401 1163 Iromibus
423 1134 599 1168 imprimitur,
625 1135 689 1161 dmn
711 1134 771 1161 sine
794 1135 851 1161 ulla
867 1135 1050 1163 occultatione

263 1181 305 1208 vel
328 1181 430 1216 pudore
464 1180 656 1207 demonstrant
682 1180 843 1213 qualesnam
865 1181 942 1208 sint:
967 1186 1050 1216 utque

262 1227 316 1254 hoc
328 1225 503 1253 manifestius
518 1228 564 1258 sit,
579 1225 707 1253 absurdis
720 1225 779 1253 suis
795 1225 925 1260 operibus
940 1226 1048 1261 signum

262 1272 327 1299 illud
341 1271 526 1299 conﬁrmant:
545 1277 645 1297 manus
667 1270 739 1297 enim
757 1270 892 1298 actionem
907 1271 1047 1306 designat,

243 1315 489 1350 'qncmadmodum
512 1318 540 1341 et
559 1321 607 1348 pes
621 1318 724 1340 certam
746 1313 896 1341 ﬁnitionem
913 1322 945 1341 ac
967 1322 1047 1349 regu-

260 1362 326 1392 lam,
348 1360 427 1394 juxta
444 1359 510 1386 illud
527 1359 602 1394 quod
627 1358 731 1386 dictum
754 1362 820 1386 est:
849 1368 857 1384 I
878 1358 937 1386 Non
958 1360 1050 1387 veniat

259 1407 327 1433 mihi
344 1413 393 1440 pes
414 1405 560 1440 superbiae,
575 1409 603 1432 et
627 1411 723 1432 manus
745 1404 898 1439 peccatoris
913 1412 966 1432 non
989 1413 1047 1433 mo-

259 1456 321 1479 vent
342 1459 385 1478 me
397 1451 431 1478 “.
452 1460 461 1477 ι
491 1450 627 1483 Quoniam
653 1457 719 1484 ergo
741 1450 768 1477 hi
796 1457 850 1477 non
867 1456 933 1477 sunt
956 1451 1046 1486 capti,

259 1504 348 1531 neque
362 1504 409 1531 per
423 1496 629 1531 ,impudentiam
652 1495 782 1531 insignati
800 1495 882 1529 malo,
898 1503 987 1530 neque
1000 1504 1047 1531 per

258 1549 351 1576 opera,
369 1541 467 1568 merito
482 1545 509 1568 et
521 1541 649 1567 vixerunt
658 1544 685 1567 ct
698 1545 850 1575 regnarunt
861 1548 923 1568 cum
937 1541 1047 1569 Christo

259 1593 347 1621 usque
365 1585 398 1612 ad
419 1585 685 1612 consummationem
705 1584 810 1613 saeculi.
832 1584 900 1611 Nam
922 1585 994 1613 sicut
1008 1586 1047 1611 vi-

258 1633 366 1662 demus,
377 1630 429 1657 snb
439 1629 551 1665 regibus
561 1636 672 1664 quoque
688 1629 816 1657 ﬁdelibus
833 1637 865 1656 ac
879 1630 1048 1664 principibus

260 1677 286 1702 hi
303 1677 350 1710 qui
367 1675 494 1707 adorant,
507 1674 591 1701 etiam
607 1674 740 1701 adversus
754 1681 862 1701 omnem
878 1675 1046 1709 corporalem

259 1721 475 1749 imbecillitatem
488 1725 516 1747 et
529 1720 726 1747 daemoniacam
743 1720 943 1754 operationem,
958 1725 1048 1747 osten-

257 1767 327 1795 dunt
342 1768 433 1794 datam
459 1774 473 1793 a
495 1765 551 1792 Deo
565 1765 692 1799 gratiam.
707 1764 855 1797 Quoniam,
871 1765 970 1799 inquit,
993 1773 1046 1792 non

256 1814 441 1839 adoraverunt
455 1811 571 1838 bestiam
598 1815 626 1837 et
647 1811 793 1844 imaginem
814 1810 885 1845 ejus,
906 1816 1046 1846 propterea
1067 1846 1074 1848 ἡ

257 1858 340 1884 etiam
358 1857 496 1889 vixerunt,
513 1855 565 1882 hoc
578 1859 620 1882 est
630 1874 637 1886 ,
652 1855 801 1883 viventium
817 1863 901 1891 opera
917 1864 1048 1884 exercue-

257 1909 333 1933 runt,
347 1902 542 1929 miraculorum
558 1901 688 1929 videlicet
702 1901 885 1936 operationes.
900 1902 986 1929 Porro
999 1903 1045 1929 bc-

246 1948 338 1982 .stiam
351 1952 379 1975 et
394 1947 540 1982 imaginem
556 1947 652 1974 bestiae
665 1950 693 1973 et
705 1947 853 1975 draconem
868 1947 934 1974 dicit
949 1947 1045 1975 diabo-

257 1995 312 2020 lum
328 1997 356 2021 et
368 1993 566 2020 Antichristum
586 2000 618 2020 ac
635 1993 912 2028 pseudoprophetam.

538 2038 654 2066 CAPUT
680 2039 760 2067 LXII.

277 2097 343 2131 Qua:
360 2098 395 2125 sit
414 2097 501 2132 prima
518 2098 685 2130 resurrectio,
700 2102 724 2124 et
741 2105 799 2132 qua:
813 2097 927 2125 secunda
945 2106 1015 2125 mors

288 2185 347 2219 XX,
368 2186 394 2219 5,
410 2185 436 2213 6.
453 2185 549 2213 ϐαδιενί
568 2194 626 2213 vero
646 2186 744 2212 mortui
761 2194 811 2213 non
827 2187 947 2213 vixerunt
963 2189 1044 2214 donec

1106 275 1154 300 καὶ
1165 274 1280 308 βέλτιον,
1294 274 1319 300 οἱ
1334 274 1372 309 τῷ
1387 275 1489 309 χείρονι
1503 274 1670 309 ὲνεχόμενοι,
1686 274 1717 301 οὐ
1740 275 1789 310 τῆς
1801 276 1897 310 τυχού-

1107 326 1156 353 σης
1176 318 1245 351 ἄξιοι
1263 319 1409 354 τιμωρίας,
1426 320 1466 346 ὅτι
1485 319 1523 354 μὴ
1536 320 1593 350 τοῖς
1608 320 1767 354 ὸμογενέσιν
1788 321 1898 355 ὲναμιλ-

1106 362 1206 389 λῶνται
1220 364 1438 398 κατωρθοκότες.
1456 364 1551 399 Κρῖμα
1567 364 1656 390 τοίνυν
1672 364 1782 400 δοθῆναι
1804 366 1896 397 αὐτοῖς

1106 407 1167 434 ἀντὶ
1184 407 1231 434 τοῦ
1248 408 1435 444 κατακρίνειν,
1450 408 1487 440 ὡς
1502 408 1540 444 μὴ
1557 409 1637 443 μόνον
1655 409 1840 444 ἐθελήσαντας
1857 411 1896 446 τῷ

1107 453 1238 489 εὐεργέτῃ
1252 453 1362 489 Χριστῷ
1374 454 1557 489 ἀκολουθῆσαι
1572 454 1627 486 τοῖς
1639 456 1819 490 προφητικοίς
1832 456 1896 483 ἐπό-

1108 506 1183 533 μενοι
1208 501 1354 534 χρησμοῖς,
1378 499 1434 526 ἀλλ’
1450 500 1500 535 ἢδη
1532 500 1580 526 καὶ
1604 500 1769 532 ἁπεναντίας
1794 501 1897 527 τούτων

1106 542 1241 577 χωρῆσαι.
1265 543 1470 579 Κατακριθῆναι
1499 544 1527 571 δὲ
1554 545 1601 571 καὶ
1615 544 1658 571 διὰ
1677 544 1726 576 τὰς
1739 545 1828 580 ψυχὰς
1843 546 1897 572 τῶν

1107 587 1347 622 πεπελεκισμένων
1368 589 1412 616 διὰ
1428 589 1478 625 τὴν
1503 589 1657 625 μαρτυρίαν
1682 591 1769 622 Ἰησοῦ
1793 591 1839 617 καὶ
1853 591 1896 618 διὰ

1105 633 1152 659 τὸν
1167 633 1245 667 λόγον
1263 634 1311 660 τοῦ
1335 634 1414 668 Θεοῦ,
1430 636 1563 674 τουτέστι,
1578 636 1623 662 διὰ
1638 636 1687 670 τὴν
1701 637 1740 668 είς
1757 637 1823 663 Θεὸν
1850 638 1896 663 πί-

1107 686 1176 710 στιν,
1188 679 1286 711 οἵτινες
1298 680 1344 706 τδν
1357 680 1402 707 διὰ
1417 681 1529 716 σιδήρου
1545 681 1704 717 ὑπήνεγκαν
1718 682 1844 715 θάνατον.
1862 683 1895 709 Ἦ

1106 724 1153 750 καὶ
1177 726 1316 759 τροπικῶς
1330 726 1360 752 τὺ
1382 726 1613 760 ¹κεειῑελεκισθῆναι
1631 726 1696 761 περὶ
1714 727 1769 754 τῶν
1794 735 1896 763 νεκρω-

1106 771 1211 798 σάντων
1225 771 1259 798 τὰ
1274 771 1342 807 μέλη
1358 772 1462 799 ἑαυτῶν
1476 772 1512 799 τὰ
1525 772 1572 799 ἐπὶ
1587 773 1636 807 τῆς
1651 772 1714 807 γῆς.
1735 800 1737 802 ,

1141 858 1196 884 Και
1208 866 1263 885 ουκ
1275 857 1386 885 ἔλαϐον
1399 859 1432 886 τὸ
1452 859 1599 894 χάραγμα.
1617 858 1654 886 Τὸ
1668 859 1810 896 χάραγμα,
1824 860 1896 895 γνώο

1107 903 1194 938 ρισμά
1208 912 1283 939 φησι.
1308 904 1384 931 Καθδ
1400 905 1446 931 καὶ
1459 906 1506 931 επὶ
1520 905 1567 932 τοῦ
1583 905 1703 941 Χριστοῦ
1728 906 1837 941 είρηται
1854 907 1895 939 τὸ,

1109 959 1118 975 ε
1142 949 1314 984 Ἐσημειώθη
1329 950 1371 985 ἐφ’
1385 951 1460 986 ἡμᾶς
1472 950 1503 977 τὺ
1519 951 1577 985 φῶς
1592 952 1639 978 τοῦ
1662 952 1809 987 προσώπου
1827 961 1875 979 σου
1886 972 1894 985 ,

1105 996 1201 1030 Κύριε.
1222 1004 1232 1021 ι
1260 996 1305 1027 Ὧς
1320 996 1375 1032 γὰρ
1392 997 1451 1023 ἐκεῖ
1467 998 1513 1023 ἐπὶ
1538 998 1569 1024 τὸ
1593 997 1739 1032 πρόσωπον
1769 998 1827 1032 φῶς
1855 1000 1895 1029 είς

1105 1040 1250 1075 γνώρισμα
1268 1041 1322 1068 τῶν
1345 1041 1477 1076 θεοφιλῶν
1501 1043 1710 1077 ἐνσημαίνεται.
1737 1043 1825 1074 οὕτως
1850 1044 1896 1070 ἐπὶ

1104 1086 1158 1113 τῶν
1174 1087 1280 1114 ἀσεϐῶν
1302 1088 1426 1114 ἀναίδεια
1449 1088 1496 1114 ἐπὶ
1522 1088 1576 1114 τῶν
1601 1088 1735 1122 μετώπων
1758 1089 1895 1124 ἐγχαράτ-

1103 1139 1191 1163 τεται,
1212 1131 1454 1166 ἀπαρακαλύπτως
1466 1132 1514 1159 καὶ
1532 1133 1721 1165 ἀνυποστόλως
1742 1133 1894 1167 ὲμφανιζο-

1105 1176 1194 1210 μένων
1214 1175 1301 1201 ὁποῖοί
1317 1175 1390 1207 τινές
1413 1177 1492 1203 είσιν.
1518 1176 1573 1202 Καὶ
1593 1176 1636 1202 ἵνα
1655 1176 1735 1203 τοῦτο
1759 1177 1894 1211 ἐμφαντι-

1104 1219 1223 1255 κώτερον
1236 1218 1264 1256 ᾗ,
1293 1220 1351 1251 ταῖς
1378 1219 1489 1252 ἀτόποις
1515 1220 1567 1246 τῶν
1587 1219 1693 1246 ἑαυτῶν
1712 1220 1840 1254 πράξεων
1864 1219 1894 1246 τὸ

1102 1266 1246 1300 γνώρισμα
1255 1266 1424 1293 ἐϐεϐαίωσαν
1434 1273 1441 1281 ·
1458 1266 1475 1300 ἠ
1489 1265 1549 1301 χεὶρ
1560 1265 1614 1302 γὰρ
1626 1265 1676 1301 τὴν
1690 1265 1790 1300 πρᾶξιν
1806 1266 1893 1293 αἰνίτ-

1102 1320 1189 1342 τεται,
1206 1311 1300 1346 ὥσπερ
1313 1311 1360 1338 καὶ
1374 1312 1388 1338 ὸ
1403 1310 1470 1342 ποῦς
1484 1311 1531 1338 τὸν
1542 1311 1668 1346 ὁρισμὸν,
1687 1311 1754 1337 καθὸ
1766 1312 1892 1346 εἴρηται·

1105 1366 1115 1383 ‹
1133 1357 1178 1392 Μὴ
1192 1357 1292 1383 ἐλθέτω
1305 1365 1350 1391 μοι
1367 1356 1434 1389 ποῦς
1446 1356 1647 1392 ὑπερηφανίας,
1660 1357 1706 1383 καὶ
1721 1357 1782 1391 χεὶρ
1798 1357 1892 1391 ἀμαρ-

1101 1402 1187 1428 τωλοῦ
1212 1402 1249 1437 μὴ
1273 1401 1397 1428 σαλεύσει
1419 1411 1464 1436 με.
1484 1412 1493 1428 ι
1517 1401 1594 1429 Ἐπεὶ
1619 1401 1665 1428 οὖν
1690 1402 1739 1437 οὑχ
1768 1402 1893 1429 ἑάλωσαν

1101 1445 1184 1480 οὗτοι,
1201 1447 1262 1474 οὔτε
1283 1448 1316 1474 δι1
1337 1447 1474 1479 ἀναιδείας
1494 1447 1689 1483 ἐντυπούμενοι
1705 1447 1745 1482 τῷ
1762 1448 1892 1483 πονηρῴκ

1100 1494 1162 1521 οὕτε
1176 1495 1209 1521 δι’
1224 1495 1323 1529 ἔργων,
1341 1494 1455 1525 εἰκότως
1469 1494 1518 1521 καὶ
1534 1494 1634 1529 ἔζησαν
1648 1494 1696 1521 καὶ
1710 1494 1893 1521 ἐϐασίλευσαν

1103 1540 1171 1574 μετὰ
1184 1540 1314 1576 Χριστοῦ,
1330 1540 1394 1576 ἄχρι
1411 1540 1567 1571 συντελείας
1580 1539 1627 1566 τοῦ
1645 1539 1753 1572 αἰῶνος.
1776 1539 1823 1572 Ὡς
1837 1541 1892 1575 γὰρ

1099 1586 1217 1620 ὁρῶμεν,
1241 1586 1288 1612 καὶ
1310 1586 1362 1613 ὑπὸ
1386 1585 1519 1620 βασιλέων
1545 1585 1650 1612 πιστῶν
1676 1586 1724 1612 καὶ
1749 1586 1893 1621 ἀρχόντων

1099 1630 1342 1666 προσκυνούμενοι,
1365 1630 1502 1664 καὶκατὰ
1525 1631 1616 1666 πάσης
1634 1631 1794 1666 σωματικῆς
1808 1631 1892 1658 ἀσθε-

1098 1676 1171 1707 νείας
1185 1677 1234 1702 καὶ
1247 1676 1407 1712 δαιμονικῆς
1428 1676 1567 1711 ἐνεργείας
1590 1675 1640 1711 τὴν
1656 1676 1794 1703 θεόσδοτον
1810 1677 1893 1712 χάριν

1099 1721 1309 1748 ἐπιδείκνυνται.
1330 1722 1406 1747 Ἐπεὶ
1422 1721 1488 1756 γὰρ.
1512 1721 1606 1757 φησὶν,
1624 1720 1655 1747 οὐ
1679 1722 1892 1757 προσεκύνησαν

1098 1767 1136 1802 τῷ
1148 1768 1234 1803 θηρίῳ
1247 1769 1295 1795 καὶ
1309 1770 1342 1804 τῇ
1356 1769 1441 1796 εἰκόνι
1454 1769 1549 1802 αὐτοῦ,
1563 1768 1608 1795 διὰ
1622 1769 1702 1795 τοῦτο
1715 1770 1762 1796 καὶ⁵
1774 1770 1890 1805 ἔζησαν,

1097 1814 1231 1845 τουτέστι,
1251 1813 1361 1846 ζώντων
1379 1814 1448 1849 ἔργα
1464 1815 1632 1850 ἐνήργησαν,
1648 1815 1698 1846 τὰς
1713 1815 1891 1850 θαυματουρ-

1098 1858 1161 1892 γίας
1176 1857 1309 1892 δηλονότι.
1332 1858 1432 1893 Θηρίον
1446 1858 1476 1885 δὲ
1498 1859 1545 1885 καὶ
1560 1859 1653 1885 εἰκόνα
1668 1858 1715 1885 τοῦ
1729 1858 1826 1894 θηρίου
1841 1858 1892 1885 καὶ

1096 1903 1231 1938 δράκοντα
1255 1903 1300 1937 τὸν
1323 1903 1446 1930 διάϐολόν
1470 1913 1538 1940 φησι
1558 1904 1605 1931 καὶ
1620 1904 1666 1931 τὸν
1690 1904 1889 1940 ’Δντίχριστον,

1098 1949 1145 1975 καὶ
1159 1949 1205 1975 τδν
1219 1948 1456 1984 ψευδοπροφήτην.

1383 2038 1509 2065 ΚΕΦΔΔ.
1531 2037 1590 2065 ΞΒ’.

1099 2094 1131 2121 Τί
1140 2094 1225 2122 ἐστιν
1240 2096 1260 2129 ἡ
1281 2095 1381 2129 πρώτη
1396 2095 1576 2156 digammo,
1591 2094 1641 2122 καί
1656 2096 1700 2129 τίς
1714 2095 1730 2123 ὀ
1746 2095 1891 2130 δεύτερος

1459 2138 1559 2156 γατοιι.

1459 2138 1559 2163 γατος.

1132 2186 1184 2212 Καὶ
1200 2186 1226 2211 nl
1244 2185 1341 2211 λοιποὶ
1356 2184 1416 2211 τῶν
1429 2185 1542 2219 νεκρῶν
1563 2186 1619 2212 οὐκ
1633 2185 1745 2218 ἔζησαν
1759 2186 1833 2220 ἆχρι
1845 2195 1880 2213 τε

251 2235 467 2259 consummentur
479 2230 550 2257 mille
559 2231 634 2258 anni.
645 2230 708 2257 llaec
721 2236 759 2257 est
773 2232 929 2258 resurrectio
942 2233 1039 2266 prima.
1054 2226 1059 2256 Ἰ

1103 2232 1189 2265 ίεσθῇ
1208 2232 1242 2258 τὰ
1255 2232 1337 2266 χίλια
1351 2231 1413 2263 ἐτη.
1428 2232 1508 2265 Αῦτη
1525 2231 1543 2265 ἠ
1558 2231 1727 2264 ἀνάστασις
1741 2232 1764 2265 ἠ
1777 2231 1894 2266 πρώτή.

241 2277 351 2303 ‘Beatus
365 2282 388 2303 et
405 2281 513 2303 sanctus
531 2276 576 2310 qui
594 2276 670 2302 habet
683 2281 786 2310 partem
803 2277 828 2302 in
851 2278 1042 2305 resurrectione

1103 2278 1242 2311 Μακάριος
1259 2278 1306 2304 καί
1323 2278 1407 2312 ἅγιος
1424 2279 1439 2304 ό
1455 2278 1533 2312 ἔχων
1544 2279 1635 2312 μέρος
1649 2278 1684 2305 ἐν
1697 2277 1736 2313 τῇ

251 2322 349 2356 prima.
366 2320 397 2347 In
420 2320 460 2347 his
478 2319 593 2347 secunda
611 2328 681 2346 more
704 2328 754 2346 non
769 2319 847 2347 [labet
864 2325 1041 2355 potestatem:

1103 2332 1139 2349 re:
1156 2323 1193 2357 τῇ
1216 2323 1326 2357 πρώτῃ.
1349 2323 1412 2350 Ἐπὶ
1429 2324 1543 2350 τούτων
1558 2325 1574 2350 ὀ
1588 2323 1728 2358 δεύτερος

250 2366 296 2394 sed
318 2370 395 2393 erunt
423 2365 571 2392 sacerdote:
592 2364 638 2392 Dei
662 2369 686 2392 et
709 2363 826 2399 Christi,
855 2371 880 2393 et
898 2367 1041 2402 regnabant

1103 2373 1145 2398 vim
1159 2372 1221 2404 ἔχει
1239 2371 1395 2402 ἐξουσίαν,
1411 2370 1479 2398 ἀλλ’
1493 2371 1616 2399 ἔσονται

249 2420 310 2440 cum
326 2412 372 2439 illa
386 2410 458 2438 mille
474 2410 562 2438 annis.

1103 2417 1140 2443 :al
1161 2417 1213 2443 τοῦ
1237 2416 1377 2450 Χριστοῦ,
1399 2415 1448 2443 καί
1463 2408 1758 2458 ,ϐασιλεύσοᾷξω

1093 2463 1176 2497 χίλια
1195 2462 1256 2495 ἔτη.
1551 2457 1554 2459 Δ
1616 2459 1622 2463 ”

1128 2508 1251 2543 Νεκροῦς
1276 2508 1305 2534 δὲ
1329 2507 1407 2534 καλεῖ
1433 2504 1496 2538 τοὺς
1511 2507 1541 2534 ιν

1092 2553 1184 2583 κότας.
1194 2552 1299 2586 Ὠσπερ
1311 2552 1365 2586 γὰρ
1379 2551 1425 2578 δύο
1441 2542 1616 2586 metu.“

1090 2599 1174 2633 ἤγουν
1190 2597 1338 2632 νεκρώσεις
1360 2599 1393 2624 ὲκ
1407 2596 1457 2631 τῆς

1091 2642 1185 2668 Ἔστιν
1209 2639 1256 2668 οὖν
1271 2642 1287 2676 ὴ
1306 2642 1356 2676 μὲν
1372 2641 1448 2676 πρῶ]

1088 2688 1168 2722 τολῆς
1180 2687 1337 2722 παράϐασιν
1350 2686 1416 2722 πρός

1076 2735 1138 2768 “ti-pl
1172 2734 1251 2761 θείων
1292 2732 1384 2768 ἔντολῇ

1089 2781 1207 2812 αἰώνιος.
1225 2779 1280 2807 Καὶ
1295 2779 1361 2812 θύῃ

1723 2287 1734 2313 π
1752 2286 1909 2427 εἴηῆ.
1915 2303 1953 2427 i

1622 2427 2040 2487 ἐξ-υἱ

1571 2487 2040 2514 ,λειω-ω

1384 2740 1945 2786 ,ι-

282 2503 406 2531 Mortuos
416 2507 506 2537 vocat,
520 2503 603 2538 quiin
616 2503 806 2532 incredulitate
816 2510 1036 2540 permanserunt.

247 2548 483 2582 Quemadmodum
498 2548 571 2575 enim
592 2548 661 2577 duas
686 2556 748 2577 esse
763 2550 844 2581 vitas.
868 2550 906 2577 ita
926 2555 953 2578 et
969 2551 1037 2579 duas

247 2599 350 2622 mortes
368 2595 425 2621 sive
438 2594 666 2622 mortiﬁcationcs
679 2603 711 2622 ex
729 2595 819 2622 divina
837 2595 978 2632 Scriptura
994 2597 1040 2624 do-

246 2648 352 2667 cemur.
371 2639 419 2667 Est
438 2639 523 2675 igitur
538 2640 613 2676 prior
628 2641 683 2668 vita
698 2641 858 2676 temporalis
871 2649 903 2670 ac
917 2642 1038 2670 carnalis

245 2690 308 2721 post
337 2685 466 2721 praecepti
491 2687 760 2722 transgressionem,
783 2685 867 2723 814
893 2695 955 2722 qua;
972 2696 1037 2715 vero

236 2735 307 2768 .post
329 2731 547 2759 observationem
566 2737 765 2767 praeceptorum
784 2733 962 2767 promittitur,
979 2734 1034 2761 vita

247 2782 348 2804 aeterna
363 2782 415 2805 cst.
438 2777 511 2805 llors
527 2786 638 2814 quoque
656 2779 780 2806 similiter
795 2783 836 2806 cst
852 2779 949 2815 duplex
966 2789 973 2807 :
1000 2780 1039 2807 al-

280 2855 304 2872 "
319 2854 392 2883 Psal.
410 2863 445 2890 tv,
462 2857 488 2885 7.
528 2858 550 2873 "
567 2856 641 2886 Psal.
659 2866 739 2891 xxxv,
761 2859 801 2885 1‘2.
