2092 3157
243 166 298 196 735

658 164 819 195 ΑΠΕΤΙΗΕ
840 164 1029 194 ΟίΕὸΑΒΕίΕ
1049 165 1289 196 CAPPADOCI/E
1306 165 1473 195 EPISCOPI

1820 164 1873 195 736

242 226 312 247 vuas
330 228 362 247 ex
380 220 488 247 navium
505 219 673 254 profectione
690 220 778 247 solum
798 219 916 250 ditescit.
936 225 1033 255 [πίοιεν

1089 221 1185 248 πλοίων
1200 221 1314 256 πορείας
1329 221 1410 256 μόνον
1434 219 1563 252 πλουτεῖ,
1579 220 1603 246 ει
1621 219 1659 255 μὴ
1674 222 1753 254 μόνος
1766 215 1844 251 οὗτος
1859 220 1873 245 ὸ

244 267 332 293 solum
355 267 427 292 hunc
455 266 598 293 mundum.
628 265 780 300 Alli-gorice
812 273 932 299 namque
960 266 1031 293 veris

243 313 352 339 diteSCit
373 312 476 338 divitiis
494 319 541 345 per
559 311 665 338 animas
687 312 840 342 hominum.
857 312 903 345 qui
923 313 949 339 in
973 319 1032 339 mo-

244 357 308 383 dum
341 356 451 383 navium
477 356 584 382 acerba:
610 355 795 383 immersionis
822 360 962 389 expertes,
986 363 1034 390 per

245 403 411 429 mundanum
425 401 511 428 salum
526 406 681 433 cnatarunt,
696 406 722 428 et
733 401 834 428 dictant
849 401 1032 428 abundantem

243 448 391 480 civitatem,
407 446 537 474 mundum
553 447 690 479 videlicet,
708 447 887 481 pretiosarum
902 447 1033 474 mercium

243 494 426 528 negotiatione
452 494 643 521 instituerunt.
668 494 749 528 802
778 494 839 521 Ideo
862 502 924 521 cum
951 494 1033 521 veluti

244 540 375 575 prmdium
396 539 493 567 fuisset
514 546 541 566 et
556 540 757 566 ﬁrmamentum
780 540 888 570 salutis.
905 540 977 567 unde
997 540 1035 567 la-

244 590 341 615 torum
357 588 507 615 mercedem
524 588 698 620 invenerant,
711 587 933 614 lamentationem
950 587 1033 615 colle-

243 639 354 669 gerunt,
370 635 493 662 ridentes
507 635 578 669 quod
595 635 679 662 missa
696 639 769 662 esset
784 635 811 660 in
829 634 980 662 interitum.

279 689 477 721 Χνιιι,2‹)-2ι.
497 689 608 716 Exsulta
625 697 702 724 super
717 698 786 722 cani,
801 690 893 717 caelum
905 696 930 718 et
949 692 1035 719 sancti

245 735 359 770 apostoli
374 740 398 761 et
417 735 565 770 prophetas,
581 736 706 769 quoniam
719 735 851 769 judicavit
869 735 940 763 Deus
957 736 1034 770 judi-

245 784 315 809 cium
336 787 449 809 rastrum
464 782 495 808 de
509 781 568 808 illa.
587 781 620 808 Et
637 781 745 808 sustulit
762 790 828 808 unus
851 782 961 817 angelus
977 783 1034 817 [or—

245 830 279 856 lis
306 829 419 863 lapidem
444 828 521 862 quasi
542 827 668 854 molarem
688 836 825 862 magnum,
841 833 865 855 et
881 828 992 862 projecit
1008 829 1034 856 iu

246 885 328 910 mare,
355 877 442 903 dicens
461 884 470 902 :

246 923 323 958 bylon
340 931 434 957 magna
453 922 499 948 illa
516 922 608 948 civitas
619 942 626 954 ,
641 926 666 948 et
688 922 760 948 ultra
772 921 832 955 jam
852 929 903 948 non
919 923 1033 949 invenia-

245 975 289 996 tur
304 973 350 996 :et
366 977 415 995 v0.1:
430 968 633 995 cilltarmdorum
648 972 672 994 et
694 968 864 1001 musicorum,
879 972 904 994 et
924 968 989 994 tibia
1004 976 1036 995 ac

245 1016 306 1042 tuba
335 1015 484 1041 canentium
504 1022 556 1040 non
590 1013 719 1040 audiatur
744 1014 772 1040 in
806 1020 830 1040 te
860 1013 987 1048 amplius,
1010 1019 1035 1040 et

245 1060 330 1086 onmis
357 1060 455 1094 artifex
474 1060 654 1094 cujuscunque
665 1060 729 1086 artis
743 1068 794 1085 nou
806 1060 954 1086 inveniatur
969 1060 996 1086 in
1012 1065 1037 1087 te

245 1106 370 1140 amplius,
388 1110 412 1132 et
425 1112 474 1132 v0.1:
491 1104 566 1131 molw
580 1112 629 1130 non
646 1105 774 1131 audiatur
788 1105 814 1131 in
830 1109 854 1131 te
869 1104 995 1139 amplius.
1010 1109 1035 1132 et

246 1152 293 1178 tua;
316 1151 431 1178 lucerna:
454 1159 505 1177 non
526 1155 652 1184 appareat
677 1150 704 1177 in
736 1156 760 1177 te
780 1151 912 1184 amplius,
936 1157 960 1177 et
985 1159 1036 1178 vox

246 1197 335 1230 sponsi
348 1202 371 1223 et
390 1203 492 1229 sponste
516 1205 568 1222 non
590 1195 719 1222 audiatur
733 1196 760 1222 in
784 1200 809 1222 te
823 1196 947 1229 amplius.
966 1196 1036 1228 Quia

248 1248 405 1269 mercatores
422 1242 461 1268 ιιιί
474 1246 550 1268 erant
567 1241 697 1276 principes
714 1245 806 1273 terra,
819 1242 882 1276 quia
896 1241 922 1268 in
941 1241 1036 1276 veneﬁ-

247 1287 295 1313 ciis
312 1287 364 1313 tuis
372 1290 525 1313 erraverunt
537 1293 624 1312 omnes
637 1290 725 1320 gente:
735 1291 759 1312 et
773 1286 799 1312 in
812 1294 843 1313 ea
856 1287 964 1321 sanguis
975 1295 1036 1321 pro-

247 1333 385 1365 phetarum
405 1337 429 1358 et
448 1336 602 1358 sanctorum
616 1332 734 1358 iuventus
748 1336 798 1365 est,
814 1336 837 1358 et
856 1332 973 1358 omnium
991 1331 1038 1366 qui

247 1378 380 1412 interfecti
393 1383 454 1405 sunt
471 1377 498 1404 in
515 1382 596 1405 terra.

284 1475 370 1503 Etiam
387 1484 419 1504 ex
443 1477 495 1505 hoc
510 1478 708 1506 conlirmamur
734 1478 807 1512 quod
824 1478 858 1506 de
877 1478 980 1506 mundo
1002 1479 1038 1506 sit

247 1523 402 1552 oraculum.
418 1527 444 1550 et
459 1531 512 1551 non
526 1523 559 1551 de
577 1532 630 1551 una
644 1524 764 1551 civitate.
779 1524 856 1557 Quod
871 1529 961 1551 autem
978 1529 1039 1559 post

498 875 661 910 llajusmodi
686 876 783 909 impetu
804 876 960 910 projicietur
981 876 1033 903 Ba—
1049 893 1072 923 Β

1085 267 1198 301 κόσμος.
1234 266 1434 302 ’Λλληγορικῶς
1457 266 1512 300 γὰρ
1540 265 1651 292 πλουτεῖ
1677 265 1722 292 τὸν
1749 265 1789 300 τῷ
1817 265 1873 291 ὄντι

1084 312 1198 339 πλοῦτον
1211 311 1349 347 διαψύχων
1362 311 1524 346 ἀνθρώπων,
1537 311 1562 337 οἳ
1574 310 1700 345 καθάπερ
1718 311 1762 337 διὰ
1775 311 1874 337 πλοίων

1084 357 1225 392 ἀμετόχως
1243 358 1368 392 ἁλμυρᾶς
1384 356 1549 389 ὲπικλύσεως
1575 356 1621 383 τὴν
1638 356 1770 391 κοσμικδν
1793 355 1874 382 σάλον

1085 402 1246 433 διαπλέοντες,
1263 401 1373 437 ἀνενδεῆ
1388 401 1490 437 ταύτην
1510 401 1560 436 τὴν
1578 401 1709 436 ῥηθεῖσαν
1733 401 1810 428 πόλιν
1828 401 1874 428 τὸν

1085 449 1187 482 κόσμον
1204 449 1407 483 κατεστήσαντο
1432 449 1480 483 τῆς
1506 448 1560 474 ἀπὸ
1586 448 1640 474 τῶν
1655 447 1775 483 ἐντίμων
1792 448 1874 482 ἐμπο-

1087 495 1158 530 ρίας.
1174 495 1220 521 Διὸ
1250 495 1297 521 καὶ
1314 495 1352 526 ὡς
1377 495 1478 530 χωρίου
1503 495 1690 529 ὑπάρχουσαν,
1712 494 1760 521 καὶ
1777 494 1873 528 ἔδαφος

1086 540 1223 576 σωτηρίας
1242 540 1290 575 ἀφ’
1312 537 1343 567 οὗ
1370 539 1416 566 καὶ
1435 539 1552 573 ἀμοιὸὰς
1575 539 1685 574 εὕροντο
1702 539 1757 565 τῶν
1773 539 1872 571 πόνων,

1086 587 1184 622 θρῆνον
1201 587 1402 622 συνεκρότησαν
1425 587 1591 622 θεασάμενοι
1611 585 1759 621 ἀφανισμῷ
1783 594 1874 621 παρα-

1086 633 1270 668 πεμφθεῖσαν.

1123 690 1294 725 Εὐφραίνου
1310 690 1357 717 ἐπ’
1374 689 1461 724 αὐτῇ,
1481 689 1601 723 οὐριινὲ,
1615 689 1663 716 καὶ
1679 691 1705 717 οἱ
1724 690 1812 724 ἅγιοι,
1824 690 1873 717 καὶ

1085 737 1114 763 οἱ
1135 736 1379 769 ἀπόστολοι,καὶ
1405 738 1433 763 οι
1459 736 1620 770 προφῆται,
1646 736 1691 762 ὅτι
1717 736 1836 769 ἔκρινεν
1859 737 1875 762 ὀ

1087 782 1159 815 Θεὸς
1189 782 1222 809 τὸ
1245 782 1334 816 κρῖμα
1362 781 1446 816 ὑμῶν
1469 782 1502 813 ἐξ
1528 781 1634 815 αὐτῆς,
1658 781 1712 808 Καὶ
1735 779 1807 815 ἦρεν
1831 778 1875 813 εἷς

1086 828 1212 862 ἄγγελος
1242 827 1366 863 ισχυρὸς
1391 828 1480 855 λίθον
1499 828 1539 860 ὡς
1561 828 1662 861 μῦλον
1689 827 1805 862 μέγαν,
1826 827 1876 854 καὶ

1086 873 1194 900 ἔϐαλεν
1207 874 1251 906 εις
1267 873 1324 907 τὴν
1342 873 1514 904 θάλασσαν,
1529 873 1627 908 λέγων
1639 881 1647 889 ι
1669 872 1770 905 Οὕτως
1785 871 1876 906 ὁρμή-

1084 918 1353 954 ματιβληθήσεται
1368 919 1513 947 Βαϐυλὼν
1534 919 1554 952 ὴ
1575 918 1692 953 perdta
1714 918 1815 951 πόλις,
1828 917 1876 944 καί

1086 966 1121 992 οὐ
1135 964 1178 999 μὴ
1191 964 1299 999 εὑρεθῇ
1313 965 1366 992 ἔτι.
1384 965 1438 992 Καὶ
1454 963 1539 999 φωνὴ
1555 963 1727 998 κιθαρῳδῶν
1741 963 1791 990 καὶ
1805 972 1878 997 μου·

1086 1010 1182 1038 συιῶν
1196 1010 1244 1037 καὶ
1264 1009 1406 1044 αὐλητῶν
1420 1010 1470 1037 καὶ
1482 1010 1663 1037 σαλπιστῶν
1679 1011 1715 1036 οὺ
1727 1010 1770 1044 μὴ
1788 1009 1877 1036 ἀκου-

1086 1057 1146 1092 σθῇ
1167 1057 1201 1083 ἐν
1213 1056 1262 1083 σοι
1279 1056 1333 1088 ἔτι,
1350 1056 1399 1082 καὶ
1423 1055 1483 1089 πᾶς
1495 1056 1635 1090 τεχνίτης
1650 1055 1754 1089 πάσης
1768 1055 1877 1089 τέχνης

1087 1103 1122 1130 οὺ
1142 1103 1182 1136 μὴ
1198 1102 1354 1136 εὑρεθῇηὲν
1364 1101 1414 1128 σοὶ
1429 1102 1483 1133 ἔτι,
1499 1102 1548 1128 καί
1561 1101 1646 1136 φωνὴ
1656 1101 1758 1135 μύλου
1782 1101 1819 1128 οὺ
1833 1100 1877 1134 μὴ

1087 1150 1168 1184 φανῇ
1179 1149 1214 1176 ἐν
1228 1149 1277 1176 σοὶ
1291 1149 1346 1181 ἔτι,
1365 1149 1413 1175 καὶ
1431 1147 1493 1182 φῶς
1505 1148 1622 1182 λύχνου
1640 1148 1676 1174 οὐ
1689 1147 1732 1181 μὴ
1750 1146 1832 1181 φανῇ
1843 1146 1878 1173 ἐν

1087 1195 1138 1223 σοὶ
1160 1195 1215 1227 ἔτι,
1243 1195 1292 1221 καὶ
1310 1194 1396 1229 φωνὴ
1412 1194 1544 1228 νυμφίου
1568 1193 1617 1220 καὶ
1645 1193 1765 1227 νύμφης
1781 1194 1818 1219 οὺ
1833 1191 1877 1227 μὴ

1087 1240 1226 1275 ἀκουσθῇ
1244 1241 1278 1267 ἐν
1291 1240 1341 1267 σοι
1356 1240 1410 1267 ἔτι·
1428 1239 1513 1274 ὅτιέοὶ
1535 1239 1659 1273 ἔμποροί
1673 1246 1731 1265 σου
1747 1236 1829 1273 ἦσαν
1851 1240 1879 1264 οι

1086 1287 1265 1322 μεγιστᾶνες
1277 1285 1332 1320 τῆς
1352 1286 1409 1320 τῆς
1421 1294 1429 1301 ”
1445 1285 1490 1312 ὅτι
1512 1285 1547 1312 ἐν
1562 1284 1599 1319 τῇ
1625 1284 1793 1319 φαρμακείᾳ
1819 1291 1878 1311 σου

1087 1332 1306 1366 ἐπλανήθησαν
1317 1332 1415 1359 πάντα
1428 1331 1464 1358 τὰ
1472 1331 1555 1365 ἔθνη,
1571 1330 1620 1357 καὶ
1631 1331 1666 1357 ὲν
1677 1329 1754 1364 αὐτῇ
1770 1330 1880 1365 αἵματα

1088 1378 1249 1413 προφητῶν
1276 1379 1325 1405 καὶ
1349 1378 1442 1412 ἁγίων
1460 1377 1568 1411 εὑρέθη
1582 1397 1590 1410 ,
1612 1376 1663 1403 καὶ
1682 1375 1805 1403 πάντων
1820 1375 1880 1402 τῶν

1088 1425 1286 1459 ἐσφαγμένων
1299 1424 1348 1451 ἐπὶ
1368 1423 1423 1458 τῆς
1442 1423 1505 1458 γῆς.

1125 1481 1180 1508 Καὶ
1195 1481 1247 1508 ἀπὸ
1264 1481 1361 1507 τούτου
1386 1480 1416 1507 τὸ
1430 1480 1493 1514 περὶ
1509 1479 1555 1505 τοῦ
1574 1479 1679 1514 κόσμου
1706 1478 1752 1505 τὸν
1768 1486 1879 1514 χρημα-

1089 1529 1185 1564 τισμὸν
1201 1527 1331 1562 εἶναι,ἶοῦ
1347 1527 1411 1562 περὶ
1424 1527 1489 1560 μιᾶς
1505 1525 1622 1558 πόλεως,
1638 1524 1834 1560 βεϐαιούμεθα.
1844 1523 1881 1549 Τὸ

248 1567 350 1594 luctum
371 1568 515 1595 conversio
543 1567 613 1596 facta
643 1569 679 1596 sit
703 1569 735 1595 ad
764 1569 901 1600 lmtitiam.
923 1576 977 1595 non
998 1573 1040 1596 cst

1089 1575 1120 1601 δὲ
1134 1574 1203 1609 μετά
1214 1573 1259 1600 τὸν
1273 1573 1374 1608 θρῆνον
1384 1573 1423 1604 εἰς
1439 1571 1609 1607 εὐφροσύνην
1621 1570 1771 1606 τραπῆναι,
1783 1570 1813 1596 οὐ
1827 1570 1881 1597 τῶν

247 1617 345 1639 cautus
373 1621 468 1640 eorum
485 1614 532 1648 qui
562 1613 589 1640 in
613 1619 683 1641 terra
712 1620 786 1646 sunt,
808 1614 854 1642 sed
873 1615 1038 1647 emit-stium,

248 1659 323 1693 quod
348 1659 439 1686 ιιι-Ιοῑο
451 1659 508 1694 jam
530 1660 589 1687 loco
603 1661 628 1688 in
646 1668 701 1695 quo
723 1666 828 1688 certare
844 1669 892 1688 eos
907 1661 1039 1695 oportuit,

249 1705 295 1739 qui
317 1706 342 1731 in
360 1710 422 1739 typo
441 1707 565 1733 coronati
584 1706 691 1733 fuerant
706 1707 828 1733 victoria:
841 1714 955 1739 corona,
982 1707 1040 1734 sive

250 1750 389 1784 prophetae
422 1751 486 1783 sint,
514 1751 571 1778 sive
601 1751 735 1786 apostoli,
759 1752 816 1779 sive
835 1752 922 1779 sancti
950 1752 1040 1786 ponti-

251 1797 325 1827 liccs,
341 1800 367 1822 et
386 1796 408 1823 si
424 1804 478 1830 qua
495 1801 536 1824 est
549 1797 601 1824 alia
617 1799 793 1833 congregatio
809 1806 902 1825 eorum
922 1799 967 1833 qui
985 1798 1040 1825 Deo

251 1842 422 1875 p‘acuerunt,
441 1842 588 1870 incessanti
609 1844 709 1878 gaudio
738 1844 801 1871 facti
828 1844 884 1871 sint
902 1844 1040 1879 deinceps

251 1888 413 1921 participes,
430 1892 541 1922 accepta
560 1888 696 1915 indefessa
713 1889 915 1924 tranquillaque
937 1890 990 1917 vita
1005 1890 1040 1917 ab

251 1941 283 1960 en
298 1935 345 1968 qui
361 1935 434 1961 novit
449 1935 530 1969 digne
546 1935 681 1970 judicare,
700 1936 750 1963 hoc
764 1940 817 1967 est,
831 1935 955 1962 laborum
971 1943 1040 1971 pra:-

252 1980 305 2006 mia
319 1981 477 2015 rependere.

284 2038 318 2063 Et
333 2037 442 2064 sustulit
457 2045 525 2064 uatis
539 2037 646 2072 angelus
667 2037 744 2072 fortis
758 2038 873 2072 lapidem
891 2037 968 2072 quasi
983 2045 1040 2063 ma-

251 2083 334 2110 larem
357 2091 491 2117 magnum.
513 2083 602 2111 Variis
626 2084 783 2119 lropologiis
806 2088 947 2118 comparat
971 2091 1038 2110 con-

252 2129 462 2156 summationem
478 2129 571 2156 mutuli
584 2130 781 2165 corruptibilis.
794 2129 857 2157 Ideo
869 2129 902 2156 ad
917 2137 963 2157 eas
979 2137 1040 2164 qua:

251 2175 329 2202 dicta:
349 2180 414 2202 sunt
431 2175 513 2202 etiam
541 2176 611 2203 hanc
634 2176 723 2207 aﬂ‘ert,
740 2176 836 2203 molari
851 2175 940 2211 ipsum
964 2183 1040 2203 com-

252 2228 351 2255 parans
371 2228 433 2247 cum
452 2221 554 2255 impetu
574 2221 600 2248 in
624 2229 699 2249 mare
714 2222 841 2250 demerso
866 2231 873 2249 :
891 2222 927 2249 ita
946 2227 1037 2249 autem

252 2267 319 2294 dicit
339 2267 384 2293 tali
405 2268 507 2301 impetu
528 2273 639 2302 repente
652 2269 783 2304 demergi,
804 2273 834 2296 ut
851 2276 901 2296 nec
919 2269 1040 2303 reliquia:

253 2314 339 2347 ipsius
354 2314 560 2349 conspiciantur
576 2316 694 2350 amplius
711 2325 718 2343 :
740 2321 767 2343 ct
783 2316 880 2344 eodem
906 2316 988 2343 modo
1004 2316 1042 2343 ait

253 2360 384 2386 mundum
408 2360 480 2387 hunc
507 2359 534 2386 in
555 2361 742 2388 omnimodam
766 2361 884 2388 transire
907 2361 1042 2389 obscura-

254 2405 366 2432 ti'mem.
387 2403 420 2431 Et
435 2408 466 2431 ut
491 2405 538 2432 liat
555 2405 606 2432 hoc
625 2405 808 2438 manifestius,
827 2405 908 2440 803
927 2405 1002 2432 addit
1017 2411 1043 2432 et

253 2458 284 2478 ea
300 2459 360 2485 quae
373 2459 387 2478 a
405 2452 505 2479 saeculo
523 2452 790 2480 administrabantur
806 2452 832 2479 in
844 2452 915 2487 ipso,
929 2451 1043 2480 delicias

254 2505 286 2525 ac
301 2498 440 2525 lasciviam
458 2499 645 2533 provocantia,
659 2507 720 2534 qua:
737 2499 843 2526 turbam
855 2499 994 2526 attraham
1010 2506 1043 2526 ac

254 2544 362 2572 irriteut

289 2602 360 2634 Quia
382 2607 538 2629 mercatores
564 2603 614 2629 tui.
648 2602 803 2637 Ἐμπόρους
829 2601 895 2629 dicit
920 2609 967 2629 eos
996 2602 1044 2636 qui

254 2648 439 2676 mmdiuarum
459 2657 565 2676 merces
585 2654 611 2676 ct
629 2648 785 2683 plausibilia
807 2648 910 2683 qumvis
926 2649 953 2675 in
973 2653 1045 2675 terra

255 2695 397 2729 colligunt,
414 2695 474 2722 ideo
497 2696 578 2722 etiam
606 2695 671 2722 dicit
684 2695 843 2730 principes:
863 2702 950 2728 neque
972 2694 1044 2721 enim

256 2748 404 2774 pauperum
421 2746 463 2768 est
487 2741 548 2768 vitae
573 2741 727 2768 mollities:
754 2747 843 2774 neque
863 2739 945 2766 unius
969 2743 1046 2774 pote-

259 2786 356 2818 statis,
379 2787 464 2813 variis
495 2786 642 2821 prmstigiis
660 2791 788 2820 tanquam
814 2784 926 2812 venenis
950 2791 1047 2812 omnes

263 2835 354 2863 gentes.
369 2832 535 2865 dcmentarc,
552 2837 599 2859 aut
615 2831 717 2866 potenti
733 2831 832 2857 virtute
846 2831 872 2857 in
888 2830 1046 2857 servitutem

265 2876 346 2911 redigt
359 2885 398 2911 rc,
415 2883 460 2905 aut
476 2879 618 2914 tyrannica
632 2878 758 2906 violentTa
777 2876 810 2904 dc
828 2877 916 2904 medio
933 2876 1025 2904 tollere
1039 2885 1045 2902 :

1093 1621 1122 1647 ὲν
1133 1621 1228 1655 κόσμῳ
1243 1619 1274 1646 τὸ
1289 1620 1391 1655 δράμα,
1407 1618 1474 1646 ἀλλὰ
1490 1618 1546 1644 τῶν
1561 1617 1705 1653 οὐρανίων,
1720 1617 1757 1648 ὡς
1769 1617 1818 1652 ἤδη
1834 1616 1880 1643 τοῦ

1093 1666 1242 1700 ἐναγωνίου
1261 1665 1346 1692 τόπου
1373 1664 1581 1699 ἀφανισθέντος,
1598 1663 1624 1690 οἳ
1640 1664 1669 1690 ὲν
1684 1663 1764 1698 τύπῳ
1779 1662 1825 1689 τὸν
1839 1671 1881 1689 Vt—

1093 1713 1224 1748 κητὴριον
1240 1711 1442 1746 ἀναδησάμενοι
1452 1710 1586 1745 στέφανον
1599 1709 1661 1736 ὅσον
1675 1709 1703 1735 ὲν
1716 1709 1880 1744 προφήταις,

1092 1759 1155 1785 ὅσον
1170 1759 1199 1785 ὲν
1212 1757 1386 1790 ἀποστόλοις,
1401 1758 1429 1784 ὲν
1439 1756 1534 1788 ὁσίοις,
1553 1757 1582 1783 ὲν
1596 1755 1749 1790 ιεράρχαις,
1765 1754 1813 1781 καὶ
1821 1754 1847 1780 εἴ
1855 1762 1881 1780 τι

1093 1804 1185 1831 λοιπὸν
1198 1803 1324 1838 σύστημα
1343 1802 1398 1829 τῶν
1425 1802 1672 1837 εὐαρεστησάντων
1693 1800 1764 1836 Θεῷ,
1793 1800 1882 1835 χαρᾶς

1093 1851 1225 1886 ἀλήκτου,
1249 1849 1280 1875 τὸ
1309 1848 1362 1875 ἀπὸ
1392 1847 1469 1875 τοῦδε
1493 1847 1676 1882 μετάσχοιεν,
1701 1846 1807 1873 ἀκόπου
1834 1845 1882 1872 καὶ

1093 1894 1327 1930 ἀπραγματεύτου
1343 1893 1414 1928 ζωῆς
1424 1892 1584 1927 ἠξιωμένοι,
1600 1892 1669 1927 πρὸς
1677 1891 1725 1918 τοῦ
1737 1891 1882 1924 κατ’ἀξίαν

1093 1940 1193 1971 εἰδότος
1218 1941 1322 1975 κρῖναι,
1337 1939 1482 1972 τουτέστι,
1508 1937 1653 1974 βραϐεύειν
1677 1938 1732 1964 τῶν
1745 1937 1834 1964 πόνων
1848 1936 1883 1963 τὰ

1093 1986 1208 2013 ἔπαθλα.

1129 2043 1184 2070 Καὶ
1197 2041 1269 2078 ἦρεν
1285 2052 1328 2076 εις
1342 2043 1471 2078 ἅγγελος
1490 2042 1619 2077 ἰσχυρὸς
1633 2041 1722 2068 λίθον
1732 2041 1769 2073 ὼς
1783 2040 1884 2074 μῦλον

1091 2090 1197 2125 μέγαν.
1210 2090 1355 2124 Διαφόροις
1374 2089 1566 2123 τροπολογίαις
1585 2087 1733 2114 ὑποϐάλλει
1763 2086 1813 2121 τὴν
1834 2084 1882 2112 τοῦ

1095 2135 1214 2170 φθαρτοῦ
1242 2135 1347 2169 κόσμου
1375 2133 1543 2161 συντέλειαν.
1565 2133 1611 2159 Διὸ
1627 2133 1695 2167 πρὸς
1727 2133 1788 2163 ταῖς
1812 2131 1885 2166 εἰρη-

1095 2178 1190 2212 μέναις
1205 2178 1252 2204 καὶ
1275 2178 1379 2213 ταύτην
1407 2177 1597 2212 συνεπιφέρει,
1621 2177 1697 2212 μύλῳ
1726 2175 1885 2208 ἀπεικάζων

1093 2225 1174 2251 αὑτὸν
1188 2224 1364 2251 καταδύνοντι
1376 2224 1519 2259 ὁρμήματι
1531 2224 1570 2255 εις
1584 2223 1671 2258 ὑγρὰν
1688 2223 1791 2250 οὐσίαν.
1805 2221 1884 2249 οὕτω

1091 2271 1119 2298 δέ
1137 2280 1204 2306 φησι
1216 2271 1261 2297 τὸν
1276 2270 1398 2297 τοιοῦτον
1413 2270 1575 2296 καταδύνειν
1585 2269 1694 2304 ἀθρόον,
1721 2269 1760 2300 ὡς
1785 2269 1884 2304 μηκέτι

1091 2317 1216 2352 λείψανον
1245 2317 1328 2343 αὐτοῦ
1353 2316 1515 2351 ἐνορᾶσθαι·
1533 2316 1579 2342 καὶ
1602 2315 1649 2342 τὸν
1672 2315 1754 2342 αὑτὸν
1770 2315 1884 2350 τρόπον,

1092 2363 1139 2389 καὶ
1152 2363 1247 2389 τοῦτον
1264 2363 1304 2394 εἰς
1330 2362 1451 2397 παντελῆ
1475 2361 1587 2397 ἀδηλίαν
1602 2362 1735 2396 χωρῆσαι.
1762 2361 1817 2387 Καὶ
1840 2361 1885 2387 ἵνα

1092 2409 1171 2436 τοῦτο
1188 2408 1366 2444 ἐκδηλότερον
1409 2428 1416 2439 ,
1430 2408 1594 2444 προστίθησι
1613 2409 1660 2435 καὶ
1674 2408 1708 2434 τὰ
1722 2408 1751 2434 ὲν
1763 2407 1839 2443 αὺτῷ
1855 2406 1885 2439 ἐξ

1093 2455 1189 2485 αἰῶνος
1216 2454 1448 2489 ὲμπολιτευθέντα
1474 2454 1581 2489 τρυφῆς
1601 2453 1736 2489 παραίτια
1753 2453 1800 2480 καὶ⁸
1811 2453 1884 2479 ἀσω-

1093 2501 1153 2533 τίας
1169 2500 1246 2536 ὄχλον
1260 2500 1466 2535 ἀνερεθίζοντα.

1131 2600 1192 2626 Ὅτι
1204 2601 1230 2627 al
1241 2599 1365 2634 ἔμποροί
1375 2606 1443 2626 σου.
1466 2599 1619 2634 Ἐμπόρους
1628 2599 1690 2630 τοὺς
1703 2599 1886 2633 συγκροτοῦν-

1094 2654 1143 2678 τας
1170 2646 1200 2671 τὸ
1217 2646 1262 2672 ἐπὶ
1288 2646 1340 2680 γῆς
1370 2645 1450 2672 τοῦτο
1473 2646 1548 2678 λέγει
1569 2645 1754 2680 πανηγύριον,
1775 2645 1814 2671 διὸ
1839 2645 1886 2671 χαὶ

1098 2691 1263 2727 μεγιστᾶνας
1276 2700 1370 2726 φησιν.
1386 2691 1424 2717 Οὐ
1441 2691 1496 2726 γὰρ
1509 2691 1634 2726 πενήτων
1653 2690 1682 2717 τὺ
1702 2690 1885 2726 ἁϐροδίαιτον,

1096 2731 1376 2772 οὐδεμιᾶςέξουσίας
1394 2736 1425 2763 τὸ
1454 2736 1594 2771 διαφόροις
1620 2736 1761 2770 γοητείαις
1792 2735 1887 2770 ὥσπερ

1097 2783 1254 2817 φαρμάκοις
1268 2781 1397 2809 πάντατὰ
1413 2781 1476 2816 ἔθνη
1491 2781 1675 2816 φαρμάσσειν,
1686 2781 1702 2816 ἦ
1713 2780 1884 2812 δυναστείαις

1097 2829 1375 2863 καταδουλουμένους,
1390 2828 1405 2862 ἠ
1424 2829 1573 2863 τυραννικῇ
1595 2827 1639 2862 βίᾳ
1654 2827 1886 2862 ἀφανιζομένους,

1099 2873 1144 2908 ἀφ’
1159 2872 1191 2908 ἧς
1205 2874 1250 2900 καὶ
1269 2874 1373 2908 αἵματα
1388 2873 1442 2899 τῶν
1456 2872 1644 2907 ἀνακειμένων
1657 2872 1715 2908 Θεῷ
1731 2871 1886 2907 χειμάρρου
