2092 3157
267 182 322 216 739

685 181 848 212 ARETII/E
864 181 1053 212 CESARE/E
1072 182 1311 213 CAPPADOCI/E
1327 183 1497 214 EPISCOPI

1847 183 1899 215 740

265 240 372 276 byssina
388 238 524 274 splendido
539 243 563 266 et
580 245 646 272 puro
666 245 675 264 :
697 245 757 264 nam
773 237 908 271 byssinum
921 237 1057 271 justi/ica'

1108 238 1158 265 ἵνα
1173 238 1367 272 περιϐάληται
1378 239 1534 271 βύσσινον
1544 239 1683 273 λαμπρὸν
1697 238 1746 266 καὶ
1757 240 1898 273 καθαρόν.

267 286 350 312 tiones
366 290 426 312 sunt
446 290 609 311 sanctorum.
631 282 663 309 Et
688 283 727 309 ait
744 283 808 309 mihi
823 290 831 308 :
848 281 959 309 Scribe:
979 282 1056 310 Beati

265 332 311 365 qui
328 331 361 357 ad
384 337 484 356 canam
501 329 654 362 nuptiarum
668 328 730 363 agni
744 327 831 354 vocali
846 332 918 354 sunt.
943 327 976 354 Et
989 328 1054 354 dicit

267 377 332 404 mihi
351 385 360 404 .'
383 375 419 402 lli
445 383 576 402 sermones
605 374 651 402 Dei
673 375 726 402 ueri
753 379 823 401 sunt.
847 373 881 400 Et
901 374 1004 408 proeidi
1021 375 1056 400 ad

265 423 342 456 pelles
357 421 414 456 ejus
434 426 462 447 ut
476 423 616 447 adorarem
635 428 705 448 eum.
722 419 755 446 Et
772 420 810 446 ait
831 420 894 446 milli
913 428 922 446 :
950 419 1013 446 Vide
1026 428 1057 446 ne

265 465 357 502 feceris
373 474 382 493 :
398 474 534 493 conservus
550 471 611 494 tuus
626 474 695 498 sum,
711 470 736 492 et
752 466 866 499 fratrum
885 469 991 492 tuorum
1009 466 1057 492 Ila-

266 512 380 539 bentium
405 513 585 539 testimonium
602 511 669 539 Iesu
686 519 695 538 .'
714 511 794 537 Deum
809 510 906 537 adora.
928 510 1056 538 Testimo-

267 559 340 585 nium
352 559 421 585 enim
434 557 501 584 Filii
515 563 554 585 est
570 558 680 592 spiritus
694 557 847 591 prop/retice.

1112 285 1146 310 Τὸ
1160 284 1215 318 τὰρ
1225 284 1390 317 βύσσινον,
1405 285 1441 311 τὰ
1453 284 1634 318 δικαιώματα
1646 283 1706 310 τῶν
1715 284 1807 319 ἁγίων
1820 285 1899 312 ἐστι.

1109 330 1163 356 Kal
1178 329 1259 364 λέγει
1264 338 1326 363 μοι·
1337 331 1471 364 Γράψον·
1481 330 1625 364 Μακάριοι
1637 331 1664 357 οι
1674 331 1718 363 είς
1730 329 1763 357 τὸ
1777 329 1900 357 δεῖπνον

1106 375 1159 401 τοῦ
1171 374 1267 408 γάμου
1281 375 1333 402 τοῦ
1348 375 1455 409 ἀρνίου
1468 374 1658 409 κεκλημένοι.
1677 375 1733 402 Kal
1747 375 1829 410 ,λέγει
1837 383 1899 409 μοι·

1108 417 1196 447 οὗτοι
1208 421 1235 446 οι
1246 420 1330 454 λόγοι
1345 421 1483 454 ἀληθινοὶ
1495 421 1549 448 τοῦ
1567 421 1640 448 Θεοῦ
1656 422 1725 449 εισι.
1753 421 1810 448 Kal
1832 421 1900 447 ἕπε-

1105 473 1163 492 σον
1174 465 1344 499 ἔμπροσθε-ν
1358 466 1417 493 τῶν
1435 467 1537 494 ποδῶν
1557 466 1662 499 αὑτοῦ,
1685 466 1900 500 προσκυνῆσαι

1106 510 1196 543 αὐτῷ,
1208 511 1256 538 καὶ
1270 511 1351 546 λέγει
1366 521 1418 546 μοι
1431 520 1438 528 ⁸
1457 513 1542 546 "Opts,
1558 513 1611 547 μή.
1643 512 1817 544 Σύνδουλός
1840 512 1899 539 σού

1105 557 1173 591 ειμι,
1195 557 1244 584 καὶ
1263 557 1323 584 τῶν
1343 557 1484 592 ἀδελφῶν
1508 565 1567 585 σου
1589 558 1649 585 τῶν
1680 557 1813 591 ἑχόντων
1840 557 1900 591 τὴν

263 604 431 638 μαρτυρίαν
446 603 549 637 Ἰησοῦ
561 611 568 617 ·
583 602 623 634 τῷ
642 602 702 634 Θεῷ
718 602 950 636 προσκύνησον·
962 601 982 635 ἡ
1015 601 1070 636 γὰρ
1084 602 1236 636 ,μαρτυρία
1254 602 1308 629 τοῦ
1327 603 1394 630 Υίσῦ
1406 603 1472 630 ἐστι
1508 603 1542 630 τὸ
1567 603 1685 637 πνεῦμα
1708 603 1764 638 τῆς
1781 610 1900 637 προφη-

266 660 358 684 τείας.

302 695 465 731 Spirituales
488 693 595 721 Domini
611 694 711 728 nupti:c
727 693 754 720 in
777 693 905 728 praesenti
920 694 974 720 vita
991 696 1055 721 sunt

267 742 303 770 ob
325 740 567 775 desponsalionem
590 747 653 766 cum
669 739 804 771 Ecclesia,
822 744 850 766 et
872 739 909 766 ita
930 738 1056 773 perfectae

268 788 380 822 nuptiae.
397 787 486 820 Atque
503 786 555 812 hoc
571 785 660 812 innuit
677 785 758 812 divus
774 785 921 820 Apostolus
934 784 1056 811 scribens

267 835 301 862 anl
314 833 471 861 Corinthios
487 841 494 859 :
517 841 526 858 ι
546 831 642 866 Aptavi
663 831 736 858 enim
750 839 799 858 vos
819 832 865 858 uni
884 832 942 858 viro
959 835 988 857 ut
1004 829 1058 856 vir-

268 880 357 915 ginem
374 883 477 906 castam
494 877 651 904 exhiberem
666 876 821 904 Christo".
840 886 850 902 ι

306 925 340 952 Et
363 932 430 951 uxor
451 924 544 957 ipsius.
577 922 697 950 Uxorem
718 922 853 957 allegOriue
875 922 957 957 805
978 927 1056 956 tropo

267 975 345 997 vocat
358 969 520 1000 Ecclesiam,
538 969 599 995 ideo
613 973 641 995 et
658 968 704 994 ﬁlii
723 968 823 1002 nuptia-
837 968 1015 1000 inducuutur,
1030 973 1057 994 et

267 1016 387 1050 virgines
414 1019 479 1042 sunt
506 1021 566 1049 qum
583 1013 675 1040 ierunt
697 1013 853 1048 lampades,
874 1021 992 1048 quarum
1016 1014 1056 1040 hae

266 1069 328 1096 qua:
352 1060 498 1088 suﬂicienti
514 1067 570 1087 usa!
587 1063 651 1086 sunt
675 1059 745 1090 oleo,
769 1059 858 1094 dignae
875 1059 974 1086 habitae
988 1063 1057 1092 sunt

268 1110 298 1133 ut
320 1106 353 1133 ad
379 1112 510 1140 sponsum
535 1103 767 1139 ingrederentur:
791 1111 852 1138 quae
866 1111 930 1130 vero
950 1103 976 1130 in
997 1103 1057 1138 ejus

267 1153 359 1186 inopia
386 1156 451 1179 sunt
470 1150 658 1185 deprehensae,
675 1149 863 1177 condemnata:
883 1153 947 1176 sunt
962 1156 996 1176 ne
1015 1149 1058 1176 in-

268 1196 448 1232 grederentur
466 1203 473 1222 :
499 1194 729 1229 quemadmodum
746 1201 812 1221 sane
824 1198 851 1221 et
872 1194 895 1221 is
920 1194 966 1228 qui
982 1199 1058 1222 veste

268 1249 322 1269 non
351 1241 401 1268 fuit
420 1241 533 1268 indutus
556 1240 683 1275 nuptiali,
708 1244 836 1267 ostensus
860 1244 901 1267 est
926 1247 942 1267 a
963 1247 1057 1268 mensa

268 1288 382 1323 nuptiali
407 1287 554 1314 excidisse.
570 1287 616 1313 Ait
632 1291 722 1313 autem
740 1286 833 1313 datum
858 1286 944 1314 fuisse
967 1286 1056 1318 uxori,

268 1333 295 1360 id
315 1337 356 1360 est
378 1331 517 1364 Ecclesiae,
546 1336 576 1359 ut
599 1331 714 1366 byssino
731 1331 905 1364 indueretur,
922 1331 973 1358 hoc
995 1335 1056 1362 est,

268 1379 421 1414 splendore.
450 1377 517 1405 Nam
537 1377 696 1413 huiusmodi
722 1381 764 1404 est
788 1381 815 1404 et
842 1377 941 1412 byssus
963 1381 1057 1404 cortex

267 1425 375 1453 arboris
397 1423 506 1456 Indicae.
524 1431 586 1458 quae
604 1423 637 1450 ad
652 1423 738 1450 linum
761 1427 942 1458 praaparatur.
961 1422 1057 1458 Splen-

266 1470 333 1498 dore
350 1470 433 1506 igitur
455 1463 504 1504 per
522 1467 664 1504 hyssinum
681 1468 836 1503 signitican
852 1468 861 1503 (
877 1468 950 1503 quod
967 1468 1056 1503 ipsum

267 1523 389 1551 praesens
422 1521 533 1550 quoque
571 1514 702 1542 revelatio
740 1515 927 1546 demonstrat,
962 1514 1056 1542 dicens

1156 694 1176 718 0
1187 693 1216 719 ἒν
1229 692 1268 728 τῷ
1282 692 1396 727 παρόντι
1419 693 1602 726 πνευματικὸς
1618 693 1707 729 γάμος
1731 694 1778 721 τοῦ
1795 695 1897 730 Κυρίου

1106 737 1152 762 ἐπὶ
1167 738 1200 772 τῇ
1214 737 1282 772 πρὸς
1295 738 1344 773 τὴν
1361 737 1525 772 Ἐκκλησίαν
1541 739 1674 775 μνηστείᾳ
1685 739 1755 771 ἐστὶ,
1768 740 1816 768 καὶ
1826 741 1898 767 οὕτω

1106 782 1208 813 τέλειος
1225 782 1323 817 γάμος.
1339 783 1394 809 Καὶ
1411 782 1491 809 τοῦτο
1505 783 1650 810 αἰνίττεται
1663 784 1677 810 ὸ
1691 784 1761 816 θεῖος
1770 785 1899 812 ’Δπόστο-

1106 828 1151 859 λος
1167 827 1321 862 Κορινθίοις
1329 828 1453 862 γράφων·
1477 837 1487 854 ι
1508 828 1688 864 Ἦρμοσάμην
1699 830 1754 864 γὰρ
1772 831 1842 865 ὑμᾶς
1858 832 1899 858 ἑνὶ

1075 892 1095 920 Β
1109 873 1187 908 ἀνδρὶ
1202 873 1337 907 παρθένον
1351 873 1436 908 ἁγνὴν
1452 874 1626 910 παραστῆσαι
1643 874 1683 910 τῷ
1693 875 1814 911 Χριστῷ.
1834 886 1843 902 s

1145 919 1199 946 Kal
1213 920 1231 953 ἠ
1241 919 1317 954 γυνὴ
1327 920 1430 947 αὐτοῦ.
1448 921 1567 947 Γυναῖκα
1578 921 1628 956 τὴν
1643 921 1807 957 Ἐκκλησίαν
1815 923 1899 958 ἀλλη-

1109 965 1206 1000 γορίας
1223 966 1316 1001 τρόπῳ
1326 967 1414 999 καλεῖ,
1437 966 1477 993 διὸ
1494 967 1542 993 καὶ
1564 967 1653 1002 γάμος
1668 968 1810 1002 εἰσάγεται
1823 968 1897 1002 Υἱοῦ,

1110 1011 1157 1037 καὶ
1172 1011 1302 1047 παρθένοι
1313 1011 1530 1047 λαμπαδοφόροι,
1545 1009 1583 1039 ὧν
1596 1013 1623 1039 αί
1646 1013 1696 1047 μὲν
1714 1013 1820 1049 διαρκεῖ
1832 1023 1900 1050 χρη-

1110 1057 1228 1091 σάμεναι
1253 1057 1293 1092 τῷ
1317 1058 1411 1094 ἐλαίῳ,
1437 1059 1486 1094 τῆς
1507 1059 1547 1091 εις
1572 1059 1618 1085 τὸν
1639 1059 1771 1094 νυμφῶνα
1794 1061 1897 1088 εἰσόδου

1109 1101 1249 1136 ἠξίωνται,
1262 1102 1330 1130 αἰδὲ
1348 1104 1439 1140 σπάνῃ
1458 1103 1555 1130 τούτου
1581 1104 1743 1138 λειφθεῖσαι,
1754 1105 1898 1140 θυραυλεῖν

1110 1148 1324 1183 κατεκρίθησαν,
1348 1148 1444 1184 ὥσπερ
1460 1149 1556 1184 ἀμέλει
1572 1150 1620 1176 καὶ¹
1634 1149 1648 1176 ὁ
1663 1151 1700 1185 μὴ
1716 1150 1807 1186 γάμου
1824 1151 1898 1177 ἐνδυ-

1111 1201 1150 1228 μα
1164 1193 1364 1228 ἠμφιεσμένος,
1388 1194 1529 1226 Εκπτωτος
1550 1195 1601 1230 τῆς
1615 1196 1738 1230 γαμικῆς
1753 1197 1899 1233 ἀπεφάνθη

1109 1239 1258 1272 τραπέζης.
1277 1239 1406 1266 Δεδόσθαι
1430 1239 1459 1265 δέ
1477 1248 1545 1274 φησι
1571 1242 1605 1276 τῇ
1623 1241 1743 1275 γυναικὶ,
1761 1242 1896 1273 τουτέστι,

1109 1284 1143 1318 τῇ
1173 1283 1340 1319 Ἐκκλησίᾳ,
1367 1285 1398 1311 τὺ
1426 1284 1552 1319 βύσσινον
1576 1285 1759 1319 ἐνδύσασθαι,
1777 1287 1898 1314 οιονεὶτδ

1110 1328 1245 1364 λαμπρόν.
1261 1329 1283 1355 Τ
1283 1329 1387 1356 οιοῦτον
1400 1330 1511 1365 γὰρκαὶ
1526 1331 1544 1366 ἡ
1561 1330 1670 1366 βύσσος,
1687 1332 1779 1367 φλοιὸν
1789 1333 1897 1369 δένδρου

1119 1373 1240 1406 Ἰνδικοῦ,
1268 1375 1309 1406 εις
1332 1375 1404 1402 λίνον
1432 1377 1666 1412 κατειργασμένη.
1694 1378 1749 1404 Τοῦ
1768 1378 1896 1413 λαμπροῦ

1110 1419 1200 1446 τοίνυν
1215 1419 1260 1447 διὰ
1280 1420 1327 1447 τοῦ
1357 1420 1484 1455 βυσσίνου
1501 1422 1669 1456 δηλωθέντος
1680 1444 1688 1457 ,
1701 1423 1715 1450 δ
1731 1424 1778 1451 καὶ
1799 1425 1866 1452 αὐτὸ
1880 1426 1897 1460 ἡ

1110 1465 1278 1500 προκειμένη
1300 1467 1473 1502 ἀποκάλυψις
1500 1470 1632 1504 παριστᾷ,
1655 1469 1685 1495 τὸ
1712 1470 1838 1505 λαμπρὸν
1858 1472 1898 1497 εί-

1111 1510 1199 1537 ποῦσα
1210 1511 1256 1537 καὶ
1269 1511 1401 1548 καθαρὸν,
1420 1513 1445 1539 τί
1456 1513 1490 1540 ἂν
1504 1513 1569 1541 ἄλλο
1583 1514 1735 1550 ἐννοηθείη,
1751 1515 1767 1550 ἢ
1783 1517 1811 1542 αἱ
1829 1517 1896 1550 αρε-

267 1561 440 1596 splendidum
455 1564 483 1589 et
496 1560 606 1596 purum)
620 1561 683 1595 quid
700 1560 774 1588 aliud
796 1560 963 1595 intelligetur
975 1567 1057 1595 quam

1109 1556 1167 1588 ταὶ,
1190 1553 1235 1588 αἷς
1260 1558 1290 1584 τὸ
1308 1557 1435 1594 λαμπρὸν
1452 1559 1500 1586 καὶ
1521 1559 1630 1594 λεπτὸν,
1647 1562 1704 1592 τοῖς
1719 1561 1897 1598 διανοήμασιν

267 1607 402 1638 virtutes,
429 1613 445 1633 ο
471 1606 573 1641 quibus
593 1605 723 1641 splendor
749 1613 781 1633 ac
798 1606 938 1634 subtilitas
956 1606 1056 1633 texitur

267 1651 534 1680 considerationibus
553 1651 707 1679 divinarum
723 1651 974 1686 justiticalionumg?

304 1696 379 1724 Beati
398 1697 443 1731 qui
459 1696 493 1723 ad
510 1704 610 1723 canam
631 1697 784 1731 nuptiarum
802 1697 864 1732 agni
878 1697 963 1724 uocati
983 1701 1055 1724 sunt.

269 1741 380 1776 Utique,
398 1742 421 1769 si
434 1742 516 1769 etiam
531 1742 703 1769 vocationem
720 1746 873 1777 sequantur
885 1747 914 1769 ut
928 1745 1056 1777 oportet:

269 1787 370 1815 multos
386 1794 505 1822 namque
518 1787 544 1814 in
567 1787 714 1823 Evangelio
729 1788 831 1816 scimus
854 1796 916 1816 esse
936 1792 1056 1820 vocatos,

269 1840 374 1868 paucos
382 1840 447 1860 vero
462 1834 574 1861 electos.
586 1833 679 1869 Neque
691 1834 766 1861 enim
779 1834 878 1862 sumcit
890 1834 1006 1862 allectus
1020 1834 1055 1861 ad

268 1878 452 1912 vocationem,
481 1878 535 1906 nisi
554 1879 637 1907 etiam
653 1879 687 1908 ad
716 1880 888 1916 propositum
925 1884 1057 1916 sequatur

268 1923 349 1957 agilis
363 1923 508 1958 impulsus.

311 1968 375 1996 Vide
389 1977 420 1996 ne
442 1969 546 2004 feceris.
561 1968 602 1997 Ne
622 1977 666 1997 me
691 1969 800 2003 adores,
818 1970 906 2005 inquit
932 1971 1056 2007 angelus,
1100 1972 1102 1974 ’

269 2018 400 2048 tanquam
425 2014 515 2042 iutura
531 2014 724 2050 praedicentem
741 2024 747 2042 :
765 2023 854 2050 neque
875 2016 948 2044 enim
965 2024 1055 2044 meum

269 2064 312 2087 est
326 2060 378 2087 hoc
393 2061 545 2096 prophetia;
560 2060 703 2094 indicium.
723 2061 771 2089 sed
793 2061 978 2090 confessionis
992 2071 1056 2098 pro-

269 2109 329 2139 pter
348 2104 489 2132 Christum
515 2112 713 2134 conservorum
738 2114 861 2134 meorum
881 2115 889 2135 :
915 2115 978 2135 nam
999 2108 1057 2136 haec

267 2155 310 2177 cst
327 2157 387 2184 qua;
403 2151 530 2185 spiritum
544 2151 734 2186 propheticum
748 2152 888 2180 conciliat.

305 2194 494 2223 Testimonium
520 2197 590 2223 enim
613 2196 678 2224 Filii
707 2202 746 2225 est
771 2198 881 2232 spiritus
902 2199 1053 2233 prophetia.

1109 1601 1281 1636 ὲξυφαίνεται
1292 1603 1346 1630 τῶν
1363 1603 1442 1631 θείων
1453 1604 1663 1640 δικαιωμάτωυ;

1143 1692 1287 1726 Μακάριοι
1301 1694 1330 1720 οἱ
1339 1695 1382 1728 εις
1397 1695 1429 1722 τὸ
1443 1695 1569 1722 δεῖπνον
1584 1696 1638 1723 τοῦ
1650 1697 1746 1732 γάμου
1761 1697 1815 1725 τοῦ
1841 1698 1895 1733 ἀρ-

1108 1737 1176 1765 νίου
1193 1740 1384 1774 κεκλημένοι.
1406 1741 1460 1768 Καὶ
1471 1742 1502 1777 δή
1518 1750 1550 1775 γε
1565 1743 1612 1769 καὶ
1626 1743 1695 1777 μετὰ
1721 1743 1772 1779 τὴν
1796 1745 1896 1779 κλῆσιν

1108 1784 1244 1817 ἀπιόντες,
1260 1785 1298 1816 ὡς
1311 1785 1361 1813 δεῖ.
1380 1787 1498 1819 Πολλοὺς
1516 1786 1572 1823 γὰρ
1599 1789 1679 1824 ἴσμεν
1689 1790 1720 1816 ἐν
1734 1789 1780 1825 τῷ·
1803 1791 1894 1825 Εὐαγ-

1107 1829 1189 1864 γελίῳ
1204 1831 1400 1866 κεκλημένους,
1417 1833 1523 1867 ὀλίγους
1536 1833 1564 1860 δὲ
1586 1834 1649 1866 τοὺς
1676 1835 1831 1867 ἐκλεκτούς.
1851 1836 1890 1862 Οὐ

1107 1875 1161 1911 γὰρ
1174 1877 1191 1911 ἡ
1207 1877 1274 1911 πρὸς
1286 1877 1336 1912 τὴν
1348 1878 1445 1912 κλῆσιν
1456 1879 1529 1914 ὁρμὴ
1543 1879 1665 1915 ἐξαρκεῖ.
1681 1881 1714 1908 ἂν
1732 1881 1770 1917 μὴ
1786 1882 1832 1908 καὶ
1845 1890 1895 1917 με-

1107 1922 1265 1957 ταχείρησις
1280 1922 1411 1959 εὖδρομος
1457 1926 1490 1960 τῇ
1506 1926 1646 1961 προθέσει.

1145 1965 1234 1995 Οὗτοι
1262 1969 1290 1995 οὶ
1317 1969 1402 2005 λόγοι
1428 1971 1579 2004 ἀληθινοί.
1613 1972 1660 2007 Μὴ
1675 1973 1823 2008 προσκύνει
1847 1981 1895 2008 με.

1107 2013 1189 2048 φησὶν
1203 2013 1218 2039 ὁ
1233 2014 1356 2048 ἄγγελος,
1372 2015 1410 2047 ὡς
1428 2016 1462 2043 ’τὰ
1492 2017 1622 2052 μέλλοντα
1655 2019 1831 2053 προλέγοντα.
1856 2020 1893 2047 οὐ

1107 2059 1161 2094 γὰρ
1176 2059 1242 2094 ἐμὸν
1255 2060 1333 2087 τοῦτο
1344 2062 1393 2096 τῆς
1410 2063 1577 2097 προφητείας
1590 2063 1620 2090 τὸ
1643 2064 1798 2099 γνώρισμα,
1823 2066 1891 2092 ἀλλὰ

1106 2106 1155 2138 τῆς
1170 2106 1214 2133 διὰ
1224 2107 1269 2133 τὸν
1281 2108 1399 2143 Χριστὸν
1416 2109 1562 2144 ὁμολογίας
1583 2110 1637 2137 τῶν
1653 2110 1809 2138 συνδούλων
1829 2120 1891 2146 μου.

1106 2151 1180 2186 Αὕτη
1195 2152 1249 2187 γάρ
1267 2153 1324 2180 ἐστι
1335 2154 1453 2189 χορηγὸς
1466 2155 1513 2182 τοῦ
1529 2156 1701 2192 πῳφητικοῠ
1726 2158 1892 2194 πνεύματος.

1150 2197 1180 2226 Ἡ
1191 2197 1244 2233 γὰρ
1256 2200 1405 2234 μαρτυρία
1420 2201 1473 2228 τοῦ
1493 2201 1561 2228 Υιοὗ
1575 2202 1641 2229 ἐστι
1659 2203 1692 2230 τὸ
1707 2204 1827 2238 πνεῦμα
1838 2204 1894 2239 τῆς

269 2238 326 2266 Hoc
347 2245 401 2272 est,
425 2241 572 2269 retributio
586 2243 734 2270 testimonii
756 2230 819 2272 iacti
833 2230 1001 2279 proChristo
1015 2251 1059 2273 est

1109 2230 1305 2278 Hpoy'izrs‘lltg:
1326 2230 1399 2272 Ἀντὶ
1418 2245 1467 2280 τῆς
1497 2246 1617 2282 ἀμοιὸἦς
1642 2248 1692 2283 τῆς
1712 2248 1756 2276 διὰ

270 2285 373 2312 donum
390 2286 590 2325 propheticum,
607 2288 680 2316 sicut
698 2293 741 2316 est
761 2289 844 2316 etiam
859 2290 946 2317 eidem
959 2290 1058 2324 simile,

271 2329 362 2364 inquit
373 2330 499 2365 angelus.
512 2330 654 2366 Siquidem
669 2333 832 2368 prophetare
845 2333 912 2361 mihi
928 2335 1057 2362 traditum

268 2380 309 2403 est
327 2380 438 2411 propter
454 2383 601 2406 conservos
618 2386 695 2406 meos
713 2383 857 2414 Iliartyres.

545 2462 660 2490 CAPUT
681 2463 774 2491 LVlll.

268 2515 406 2556 Quomodo
421 2516 514 2544 uiderit
531 2517 700 2556 Evangelista
711 2519 844 2548 Christum
858 2529 922 2556 equo
937 2522 1054 2550 insiden-

302 2555 436 2612 tem‘cum
464 2554 638 2587 potestatibus
664 2555 790 2590 angelicis
823 2554 949 2584 terrorem
978 2558 1052 2585 incu-

302 2592 354 2612 tum
367 2594 419 2612 em.

301 2592 419 2613 (tentem.

299 2640 373 2673 XIX,
396 2643 488 2671 H-M.
515 2643 550 2671 Et
575 2644 630 2672 vidi
656 2646 749 2673 cretum
781 2651 922 2682 apertum:
946 2654 969 2675 et
995 2656 1054 2675 ecce

263 2695 344 2722 equus
359 2688 446 2721 albus,
464 2696 488 2717 et
503 2691 548 2725 qui
564 2692 670 2719 sedebat
684 2701 762 2727 super
778 2701 837 2720 eum
851 2695 939 2729 ﬁdelis
951 2700 1008 2722 erat
1026 2701 1051 2723 et

263 2741 353 2765 verum,
369 2739 394 2760 et
410 2735 437 2760 in
450 2735 557 2769 justilia
571 2737 678 2771 judicat
698 2743 722 2765 et
736 2744 848 2774 pugnat.
865 2739 942 2767 Oculi
962 2745 1051 2768 autem

262 2779 345 2812 ipsius
364 2780 449 2815 806
464 2787 590 2816 tanquam
607 2783 716 2818 [lemma
730 2786 798 2820 ignis
814 2793 823 2812 :
839 2790 863 2812 et
878 2794 956 2820 super
971 2792 1049 2820 caput

298 2868 322 2886 ⁹²
338 2870 358 2896 ll
377 2871 439 2898 Cor.
459 2881 489 2905 ll,
505 2876 532 2901 ἲ.

1107 2290 1272 2325 μαρτυρίας,
1300 2290 1331 2317 τὺ
1359 2292 1529 2326 ττροφητιιιὸν
1551 2293 1609 2319 δστι
1621 2295 1754 2330 χάρισμα,
1772 2296 1810 2327 ὡς
1835 2296 1894 2323 ἔστι

1106 2336 1152 2360 καὶ
1170 2335 1262 2369 ὅμοιον
1278 2337 1311 2371 τῇ
1341 2337 1419 2372 αὐτῇ,
1436 2338 1520 2373 φησὶν
1542 2339 1556 2365 ὁ
1585 2339 1712 2374 ἄγγελος.
1731 2342 1768 2369 Τὸ
1782 2351 1891 2378 προφη-

1104 2380 1192 2407 τεύειν
1212 2381 1267 2416 γὰρ
1280 2382 1324 2408 διὰ
1336 2382 1397 2414 τοὺς
1422 2383 1579 2416 συνδούλους
1602 2394 1653 2420 μου
1668 2387 1731 2419 τοὺς
1750 2387 1893 2424 μάρτυρας

1105 2425 1273 2461 παρεσχέθη.

1385 2474 1509 2502 ΚΕΦΔΛ.
1537 2475 1604 2504 NH'.

1102 2525 1175 2571 Πῶςδ
1184 2527 1238 2571 τὸν
1248 2528 1379 2571 Χριστρν
1392 2532 1654 2571 όΔΕἲζαγπειίιστὴς
1665 2535 1799 2569 ἔφιππον
1815 2536 1892 2571 μετὰ

1156 2561 1315 2597 δυνάμεὶυν
1330 2561 1500 2600 ἀπελικῶνί
1513 2561 1660 2596 Medeae?)
1671 2561 1838 2606 Ehem;

1137 2650 1192 2678 Kal
1210 2649 1292 2679 εἶδον
1303 2653 1357 2680 τὸν
1372 2654 1502 2688 οὐρανὸν
1524 2655 1725 2691 ἀνεῳγμένον.
1747 2658 1801 2685 Καὶ
1825 2658 1890 2686 ἰδοὺ

1103 2697 1195 2730 ἵππος
1209 2698 1329 2732 λευκὸς,
1342 2700 1391 2727 καὶ
1403 2702 1419 2727 ό
1432 2701 1600 2736 καθήμενος
1611 2703 1657 2729 ἐπ’
1666 2703 1770 2736 αὑτὸν,
1783 2705 1891 2738 πιστὸς

1102 2743 1150 2770 καὶ
1168 2743 1321 2778 ἀληθινὸς,
1340 2746 1389 2772 καὶ
1408 2747 1443 2773 ἐν
1453 2747 1635 2782 δικαιοσύνῃ
1650 2749 1744 2783 κρίνει
1758 2750 1808 2776 καὶ
1833 2758 1887 2777 πο-

1101 2787 1194 2822 λεμεῖ.
1211 2790 1243 2816 οι
1263 2789 1297 2816 δὲ
1316 2790 1463 2826 ὀφθαλμοὶ
1489 2793 1594 2827 αὐτοῦ,
1623 2794 1664 2827 ὡς
1677 2794 1758 2829 φλὸξ
1782 2795 1887 2829 πυρός.
