2092 3157
250 181 304 214 743

657 176 818 207 ARETILE
839 176 1028 206 CAESARE/13
1046 177 1289 208 CAPPADOCLE
1308 178 1477 209 El’lSCOI’I

1821 177 1874 208 7-H

253 245 377 267 nostrum
405 237 518 265 verbum
550 243 582 263 ex
615 240 706 262 mente
727 234 873 269 procodit:
902 239 950 262 aut
969 235 1040 270 quod

1093 236 1181 269 τοῦτο,
1199 236 1324 273 καθάπερ
1337 237 1351 263 ό
1363 236 1497 272 ἡμέτερος
1512 236 1589 271 λόγος
1606 237 1638 262 ὲκ
1651 236 1697 263 τοῦ
1715 236 1761 263 νοῦ
1782 237 1875 272 πρόει-

252 284 375 311 oumium
393 289 533 310 sermones
552 281 578 308 in
595 288 625 308 se
641 281 791 307 contineat.

290 328 322 355 Et
343 328 472 355 exercitus
489 326 533 360 qui
557 329 618 351 sunt
639 325 667 351 in
690 325 754 352 ca'lo
772 325 949 360 sequebantur
968 335 1038 355 eum.

252 375 318 402 Cum
365 366 508 407 supremus
545 371 582 398 sit
609 371 661 397 dux
700 371 853 398 caelestium
895 371 1039 405 virtutum,

256 417 486 454 quemadmodum
514 416 572 449 ipse
591 416 698 442 dixerat
728 415 792 442 Jesu
825 415 909 449 Nave,
942 416 1040 444 merito

253 467 436 491 asscctatores
470 461 567 488 habuit
584 461 630 495 qui
653 461 686 488 ad
715 461 841 488 militiam
872 462 1039 496 complerent

252 509 376 540 ordines,
394 515 440 534 eos
455 507 630 542 potissimum
648 507 695 541 qui
711 514 783 534 nunc
797 507 831 534 ad
850 507 972 542 praelium
1001 508 1038 535 ir-

255 558 369 581 ruerent
397 553 530 580 adversus
565 552 676 587 impios.
707 551 770 579 llaec
803 557 893 580 autem
918 554 1039 580 humano

253 607 330 626 more
362 599 498 634 disposita
518 603 583 625 sunt
607 598 634 624 in
666 598 841 630 revelatione,
861 599 925 634 quia
951 607 1040 633 neque

252 647 307 673 alio
328 645 408 672 modo
424 644 573 678 signiﬁcari
596 644 759 678 potuissent.
777 643 889 678 Equites
911 652 976 671 vero
991 645 1039 672 dc-

253 690 401 725 signantur
415 693 442 716 et
457 688 504 723 qui
520 689 600 722 equis
611 689 679 716 albis
696 688 814 716 insident
828 697 835 715 :
851 694 881 715 ut
896 689 959 724 equi
973 696 1040 716 sane

253 736 387 762 adventus
404 734 576 761 velocitatem
593 734 754 768 designent;
773 734 869 761 albedo
881 742 945 762 vero
956 742 1039 769 equo—

254 790 314 810 rum
331 781 421 808 taliter
437 781 550 808 adornet
571 781 698 808 emlesles
713 780 834 808 ordines.
852 781 885 808 Et
899 785 974 808 certe
989 780 1038 815 ipsi

254 834 366 862 quoque
389 833 552 853 ascensorcs
576 825 759 852 ostenduntur
779 826 865 852 induti
891 826 952 853 alba
969 826 1037 853 stola

255 874 378 909 byssina.
398 872 469 905 Quid
497 873 569 899 enim
595 871 666 899 inter
697 872 850 899 malerialia
876 879 908 899 ac
931 876 1037 899 terrena

255 920 347 955 aptius
361 919 466 947 cmlesti
483 926 515 946 ac
528 918 621 946 divino
635 918 718 946 cintui
737 918 858 953 conspici
878 917 983 953 potest?

288 1001 360 1038 XIX,
375 1005 417 1037 15,
432 1004 475 1032 16.
492 1004 525 1031 Et
541 1005 573 1031 de
584 1011 628 1031 ore
641 1003 697 1038 ejus
710 1004 826 1039 procedit
842 1004 947 1040 gladius
957 1005 1041 1031 utriu-

253 1060 302 1083 oue
322 1056 427 1083 acutus,
443 1055 471 1077 ut
486 1059 516 1078 eo
533 1051 664 1085 percutiat
679 1055 787 1085 gentes:
805 1055 829 1077 et
840 1051 894 1085 ipse
911 1057 978 1085 reget
997 1058 1042 1077 eas

253 1098 325 1132 virga
346 1097 442 1131 ferrea.
469 1095 502 1122 Et
520 1096 574 1129 ipse
598 1095 685 1122 calcat
707 1095 826 1122 torcular
853 1096 907 1122 vini
941 1095 1041 1130 furoris

253 1144 302 1170 irw
317 1142 364 1170 Dei
392 1142 590 1176 omnipotentis.
613 1140 645 1168 Et
666 1141 743 1167 habet
762 1148 839 1174 super
862 1141 1042 1168 vestimentum

253 1195 277 1216 et
295 1197 373 1224 super
388 1189 476 1225 femur
490 1196 567 1215 suum
587 1195 681 1214 nomen
694 1187 822 1222 scriptum
839 1194 849 1214 :
874 1186 928 1214 Rex
954 1194 1042 1222 regum

254 1239 278 1261 et
297 1234 424 1261 Dominus
439 1232 647 1259 dominantium.

291 1382 403 1410 Gladius
418 1389 452 1409 ex
479 1388 527 1408 ore
553 1380 706 1416 procedens
731 1380 869 1416 signiﬁcat
895 1381 986 1416 impiis
1011 1389 1044 1410 ac

255 1427 446 1463 peccatoribus
462 1426 555 1453 induci
572 1425 737 1461 supplicium
751 1425 830 1460 jussu
848 1426 932 1454 divini
951 1426 1043 1454 numi-

257 1474 311 1500 nis.
334 1471 469 1507 Utrinque
485 1463 550 1499 vero
575 1471 672 1499 incidit
689 1471 807 1506 gladius,
830 1479 863 1499 eo
887 1472 961 1507 quod
985 1477 1041 1499 tam

254 1527 288 1546 ex
307 1519 346 1546 ira
362 1526 445 1552 quam
465 1525 497 1544 ex
519 1517 712 1544 misericordia
728 1525 743 1544 a
759 1517 814 1545 Deo
832 1518 980 1552 procedant
1000 1526 1043 1545 re-

255 1564 404 1598 proborum
420 1562 554 1598 supplicia
566 1571 574 1597 ;
590 1567 687 1590 acutus
701 1567 803 1596 autem,
819 1563 885 1598 quia
897 1563 952 1590 cito
965 1562 1043 1591 atIert
1057 1577 1078 1607 ο

255 1617 333 1637 suam
353 1608 511 1637 eﬂicaciam.

296 1655 378 1690 Virga
394 1655 488 1690 ferrea.
509 1653 607 1680 Ferrea
626 1660 700 1688 virga
717 1661 770 1680 non
786 1654 870 1681 estad
884 1654 1044 1689 regendum,

257 1701 305 1729 sed
325 1701 358 1728 ad
375 1698 602 1733 eonl'ringendum
617 1706 665 1726 eos
682 1699 767 1733 quiin
784 1700 837 1726 vita
854 1700 919 1726 lutei
936 1705 1001 1727 sunt
1018 1705 1045 1728 et

257 1744 344 1780 parati
359 1748 388 1770 ut
402 1747 593 1770 conterantur.
624 1742 711 1776 Quam
727 1743 762 1770 ob
777 1751 889 1771 causam
904 1752 969 1780 ergo
991 1744 1043 1780 ipsi

255 1790 417 1817 attributum
441 1792 484 1815 est
499 1787 610 1822 regere?
626 1786 684 1814 Non
708 1788 919 1821 inconsiderate,
939 1794 969 1816 ut
984 1789 1044 1825 opi-

257 1844 319 1869 nor,
335 1836 383 1863 sed
398 1834 463 1870 quia
482 1833 623 1869 probabile
636 1838 678 1860 est
693 1834 766 1868 quod
789 1835 908 1870 regendo
922 1842 1045 1870 pugnan-

257 1882 324 1909 dum
339 1881 375 1908 sit
391 1880 524 1907 adversus
549 1877 653 1905 ferinos
680 1878 817 1909 homines.
846 1883 874 1906 et
901 1884 1044 1914 propterea

255 1934 366 1963 quoque
381 1925 457 1960 virga
474 1931 543 1959 opus
564 1929 617 1957 est,
633 1931 693 1959 qua:
708 1923 874 1952 adversariis
887 1924 961 1960 juste
985 1934 1046 1960 per-

255 1973 387 2001 ditionem
401 1972 508 1999 atl'eral.
523 1971 592 2004 Quis
609 1976 700 1999 autem
724 1971 796 1999 alius
817 1980 900 2007 quam
918 1973 1046 2002 Christus

254 2018 344 2045 calcat
369 2017 489 2045 torcular
509 2017 564 2044 vini
594 2017 698 2044 furoris
728 2017 776 2044 irae
797 2018 863 2045 Dei?
887 2018 947 2054 Ipse
970 2020 1043 2047 enim

256 2070 304 2097 per
320 2062 455 2097 judicium
479 2061 563 2097 808
579 2069 611 2089 ac
637 2061 848 2090 retributionem
876 2063 1044 2092 voluntatem

255 2109 346 2144 explet
361 2113 513 2144 paternam.

293 2153 328 2179 Et
343 2154 420 2192 habet
435 2161 513 2188 super
524 2153 706 2181 uestimentum
722 2159 747 2182 et
762 2164 841 2190 super
855 2156 941 2191 femur
954 2165 1043 2185 suum.

259 2198 457 2226 Vestimentum
480 2198 624 2234 designare
641 2200 697 2227 vult
726 2208 849 2228 carnem.
877 2201 929 2229 Per
954 2202 1044 2230 femur

1091 290 1145 313 σιν,
1158 281 1174 317 ἢ
1187 282 1225 316 τῷ
1238 282 1347 309 πάντων
1361 284 1423 313 τοὶς
1449 283 1542 316 λόγους
1556 284 1584 309 ὲν
1597 282 1685 317 ἑλυτῷ
1700 282 1804 317 φέρειν.

1127 328 1181 354 Καὶ
1198 327 1232 354 τὰ
1251 328 1458 362 στρατεύματα
1474 328 1510 354 τὰ
1528 328 1564 354 ἐν
1591 328 1631 361 τῷ
1658 329 1774 362 οἰφανῷ
1805 330 1877 363 ἡκο-

1090 371 1191 397 λούθει
1205 371 1296 403 αὐτῷ.
1314 372 1545 407 Ἀρχιστράτηγος
1563 373 1600 399 ὦν
1609 372 1663 399 τῶν
1681 373 1814 408 οὐρανίων
1829 374 1876 400 δυ-

1091 416 1210 451 νάμεων,
1224 416 1261 447 ὡς
1273 416 1352 448 αὐτὸς
1373 417 1461 451 Ἰησοῦ
1471 417 1510 452 τῷ
1519 416 1566 443 τοῦ
1583 416 1661 452 Ναυῆ
1679 418 1876 452 ἐχρημάτισεν,

1090 461 1203 493 είκότως
1215 462 1331 494 ὀπαδοὺς
1342 462 1414 489 κατὰ
1427 464 1476 497 τὴν
1492 463 1661 498 στρατηγίαν
1676 463 1877 498 συμπληροῦν-

1091 515 1139 536 τας
1155 506 1190 532 τὰ
1204 507 1335 541 τάγματα
1360 507 1459 542 ἔσχηκε
1479 507 1513 534 τὰ
1527 507 1574 533 νῦν
1591 508 1709 542 μάλιστα
1722 509 1769 534 ἐπὶ
1795 509 1876 534 πόλε-

1093 560 1143 586 μον
1157 551 1209 578 τῶν
1225 551 1333 578 ἁσεὸὦν
1357 552 1516 586 ὁρμώμενα.
1532 551 1624 578 Ταῦτα
1652 552 1681 578 δὲ
1697 552 1877 587 ἀνθρωπίνως

1090 595 1280 622 διεσκεύασται
1303 596 1332 622 ὲν
1359 597 1392 631 τῇ
1419 596 1600 630 ἀποκαλύψει,
1625 597 1666 623 ὅτι
1695 597 1762 632 μηδὲ
1788 597 1876 629 ἄλλως

1089 639 1123 676 ἦν
1138 641 1289 676 δηλωθῆναι
1304 641 1401 670 ταῦτα.
1425 642 1547 668 Ἱππόται
1561 642 1589 669 δὲ
1605 643 1651 668 καὶ
1668 642 1761 674 ἵπποις
1778 642 1872 678 ἐποχοι

1090 687 1197 719 λευκοῖς
1226 687 1418 722 παρίστανται,
1451 688 1504 714 τῶν
1535 688 1625 715 ἵππων
1643 688 1692 724 μὲν
1706 689 1736 714 τὸ
1758 688 1806 721 ὀξὺ
1824 689 1874 723 τῆς

1091 733 1258 765 ἑπελεύσεως
1273 734 1480 769 αίνισσομένων,
1492 734 1538 761 τοῦ
1553 734 1581 760 δὲ
1597 734 1694 761 λευκοῦ
1711 735 1759 760 τοῦ
1779 735 1808 761 ἐν
1820 736 1876 766 τοῖς

1091 779 1183 812 επποις
1198 780 1228 807 τὸ
1239 781 1367 812 τοιούτοις
1378 780 1585 814 ὲναγλαῑξεσθαι
1597 781 1632 807 τὰ
1644 781 1757 816 οὐράνια
1767 781 1877 815 τάγμα-

1090 835 1133 853 τα.
1145 826 1238 861 Καὶ.δή
1246 834 1277 861 γε
1289 827 1336 853 καὶ
1352 827 1429 853 αὐτοὶ
1447 827 1471 853 οι
1491 826 1625 854 ἀναϐάται
1641 826 1739 862 λευκὴν
1757 826 1879 860 ἀμπεχό-

1093 881 1168 907 μενοι
1191 873 1240 908 τὴν
1259 873 1313 900 ἀπὸ
1329 872 1429 908 βύσσου
1447 872 1543 908 στολὴν
1553 872 1763 899 ἐπιδείκνυνται.
1779 872 1812 898 Τί
1824 873 1879 907 γὰρ

1092 921 1125 954 τῇ
1146 919 1265 954 οὐρανίῳ
1295 920 1342 946 καὶ
1363 919 1424 954 Θείᾳ
1452 919 1573 954 φρατρίᾳ
1587 919 1641 945 τῶν
1657 918 1758 945 Μόλων
1785 926 1816 945 τε
1831 918 1879 944 καὶ

1092 965 1193 999 γηΐνων
1220 964 1402 1000 ὲνθεωρηθείη
1429 964 1462 991 ἂν
1476 964 1691 999 ἀρμοὸιώτερονς

1128 1009 1182 1036 Καὶ
1199 1009 1234 1036 ἐκ
1248 1009 1301 1036 τοῦ
1316 1009 1465 1043 στόματος
1479 1008 1573 1036 αὑτοῦ
1593 1008 1786 1042 ἐκπορεύεται
1806 1009 1880 1043 ῥομ-

1093 1057 1167 1092 φαία
1180 1057 1322 1092 δίστομος
1349 1057 1441 1090 ὀξεῖα,
1468 1057 1519 1083 ἵνα
1541 1057 1576 1083 ὲν
1589 1055 1668 1090 αὐτῇ
1698 1057 1818 1089 πατάξῃ
1842 1057 1880 1083 τὰ

1093 1102 1178 1136 ἔθνη,
1193 1102 1241 1129 καὶ
1259 1103 1350 1136 αὐτὸς
1362 1102 1503 1137 ποιμανεῖ
1514 1102 1626 1136 αὐτοὺς
1641 1103 1676 1128 ἐν
1683 1102 1784 1136 ῥάϐδῳ
1798 1102 1881 1136 mqu-

1089 1149 1141 1185 ρᾷ.
1161 1151 1215 1176 Kal
1227 1150 1319 1182 αὐτὸς
1333 1148 1420 1176 πατεῖ
1433 1149 1490 1182 τὴν
1516 1149 1612 1182 ληνὸν
1639 1147 1691 1174 τοῦ
1716 1148 1801 1174 οἴνου
1827 1148 1880 1175 τοῦ

1094 1194 1188 1229 θυμοῦ
1204 1193 1258 1228 τῆς
1272 1193 1364 1228 ὀργῆς
1379 1194 1433 1220 τοῦ
1458 1192 1532 1220 Θεοῦ
1547 1192 1601 1219 τοῦ
1624 1191 1878 1225 παντοκράτορος.

1095 1241 1147 1269 Καὶ
1162 1241 1224 1275 ἔχει
1235 1240 1285 1267 ἐπὶ
1298 1240 1331 1266 τὸ
1346 1239 1462 1274 ιμάτιον
1470 1239 1519 1266 καί
1536 1238 1587 1265 ἐπὶ
1600 1238 1653 1265 τὸν
1666 1238 1765 1272 μηρὸν
1787 1237 1880 1264 αὐτοῦ

1095 1286 1187 1321 ὄνομα
1221 1285 1433 1320 γεγραμμένον,
1471 1284 1622 1317 Βασιλεὺς
1644 1282 1800 1316 ,βασιλέων
1829 1283 1879 1311 καὶ

1094 1334 1202 1366 Κύριος
1213 1334 1335 1366 κυρίων.

1136 1380 1184 1406 Ἐκ
1202 1379 1248 1405 τοῦ
1266 1380 1400 1414 στόματος
1427 1380 1444 1414 ἡ
1458 1381 1581 1415 ρομφαια
1607 1379 1753 1407 διάττουσα
1778 1388 1809 1406 τι,
1836 1379 1880 1406 διὰ

1095 1426 1309 1462 προστάγματος
1326 1425 1398 1452 Θείου
1413 1426 1490 1461 δηλοῖ
1502 1427 1558 1458 τοῖς
1575 1426 1685 1453 ἀσεϐέσι
1711 1426 1759 1453 καὶ
1788 1426 1879 1462 ἀμαρ-

1094 1472 1190 1504 τωλοῖς
1202 1471 1355 1507 ἐπαχθῆναι
1367 1471 1416 1507 τὴν
1444 1471 1565 1498 κόλασιν.
1586 1472 1772 1506 ’Ᾱμφίστομον
1784 1471 1812 1497 δὲ
1827 1471 1879 1506 τὴν

1096 1518 1233 1554 ῥομφαίαν
1245 1518 1288 1544 διὰ
1303 1517 1333 1544 τὸ
1347 1517 1519 1552 ἑκατέρωθεν
1531 1512 1614 1553 ὀργῆς
1629 1518 1676 1544 καὶ
1690 1517 1766 1544 ἐλέου
1779 1517 1880 1552 χωρεῖν

1095 1564 1144 1595 τὰς
1173 1563 1227 1590 ἀπὸ
1255 1562 1302 1589 τοῦ
1325 1562 1398 1589 θείου
1419 1562 1473 1589 τῶν
1490 1562 1706 1598 καταφρονητῶν
1720 1562 1856 1597 τιμωρίας
1870 1571 1877 1578 ·

1095 1609 1188 1642 ὀξεῖαν
1201 1608 1240 1641 δὲ,
1257 1607 1301 1634 διὰ
1313 1607 1343 1634 τὸ
1354 1607 1473 1642 ἀμελητὶ
1490 1608 1520 1634 τὸ
1534 1607 1696 1643 δραστήριον
1708 1607 1860 1643 ἐπιφέρειν.

1138 1653 1294 1688 Ἐνρἀδῳ
1310 1651 1430 1686 σιδηρᾷ.
1456 1653 1488 1679 'H
1515 1653 1612 1689 σιδηρᾶ
1639 1653 1735 1688 ράὃδος
1760 1653 1790 1679 οὺ
1818 1661 1880 1678 ποι-

1097 1700 1231 1734 μαντικὴ,
1248 1699 1316 1725 ἀλλὰ
1344 1698 1458 1733 θραῦσιν
1487 1699 1586 1733 ἔχουσα
1614 1699 1668 1725 τῶν
1685 1699 1806 1733 πηλίνων
1836 1699 1882 1724 τὸν

1096 1743 1153 1778 βίον
1171 1743 1217 1770 καὶ
1229 1744 1296 1779 πρὸς
1310 1744 1457 1779 συντριὸὴν
1470 1744 1596 1780 ἑτοίμων.
1622 1745 1654 1772 Τί
1686 1743 1733 1771 οὖν
1763 1745 1880 1772 ἐνταῦθα

1094 1789 1125 1815 τὸ
1143 1789 1323 1823 ποιμαντικὺν
1337 1789 1407 1824 αὐτῇ
1422 1789 1544 1823 δέδοται;
1562 1791 1619 1816 Οὺκ
1642 1790 1781 1822 ἀσκόπως,
1792 1789 1879 1825 οἶμαι,

1096 1834 1154 1861 ἀλλ’
1170 1833 1263 1870 ὅτιτῷ
1288 1835 1443 1870 ποιμαίνειν
1469 1836 1516 1861 καὶ
1544 1835 1650 1871 Θηρίοις
1676 1836 1881 1871 προσπολεμεῖν

1096 1880 1276 1916 περιγίνεται.
1288 1881 1344 1907 Καὶ
1356 1881 1399 1907 διὰ
1410 1880 1489 1907 τοῦτο
1498 1881 1545 1907 καὶ
1555 1881 1668 1916 σιδηρᾶς
1680 1881 1778 1916 ῥάϐδου
1789 1881 1878 1916 χρεία,

1096 1927 1152 1957 τοῖς
1169 1926 1378 1961 ἀνθισταμένοις
1396 1926 1480 1959 ἀξίως
1495 1927 1542 1954 τὸν
1555 1927 1666 1962 ὄλεθρον
1682 1926 1878 1962 ἐπιφερούσης.

1097 1972 1181 1999 Πατεῑ
1195 1972 1224 1999 δὲ
1239 1973 1288 2008 τὴν
1303 1973 1383 2008 ληνὸν
1398 1972 1445 1999 τοῦ
1461 1973 1534 1999 οῐνου
1548 1971 1596 1998 τοῦ
1612 1971 1699 2007 θυμοῦ
1725 1972 1774 2007 τῆς
1796 1972 1880 2007 ὀργῆς

1098 2018 1142 2043 τοῦ
1153 2017 1221 2044 Θεοῦ
1236 2018 1278 2050 τίς
1292 2017 1396 2053 ἕτερος,
1412 2017 1469 2044 ἀλλ’
1487 2018 1503 2053 ἢ
1519 2019 1534 2045 ὁ
1552 2018 1668 2054 Χριστός
1681 2026 1689 2051 ;
1707 2018 1794 2050 Αὐτὸς
1822 2019 1882 2053 γὰρ·

1095 2063 1139 2089 διὰ
1166 2063 1216 2098 τῆς
1240 2063 1357 2098 κρίσεως
1384 2064 1431 2091 καὶ
1460 2063 1666 2096 ἀνταποδόσεως
1688 2064 1719 2090 τὸ
1746 2065 1881 2099 πατρικὸν

1096 2108 1184 2144 ἐκπλη
1189 2109 1229 2143 poi
1244 2108 1307 2143 θέλη
1312 2118 1361 2144 μα.

1131 2154 1184 2180 Καὶ
1199 2153 1320 2189 ἐχείέπί
1330 2155 1363 2181 τὸ
1372 2154 1489 2189 ἱμάτιον
1497 2155 1546 2181 καὶ
1554 2154 1604 2181 ἐπὶ
1612 2155 1666 2182 τὸν
1669 2155 1767 2190 μηρὸν
1775 2155 1879 2183 αὐτοῦ.

1100 2199 1137 2225 Τὸ
1154 2199 1262 2233 ἱμάτιον
1279 2200 1328 2234 τὴν
1342 2199 1431 2234 σάρκα
1448 2199 1613 2226 αἰνίττεσθαι
1629 2199 1766 2235 βούλεται.
1783 2200 1832 2226 Διά
1853 2200 1882 2227 δὲ

255 2252 346 2273 autent
365 2250 491 2272 naturam
512 2245 617 2278 carnis,
632 2247 703 2281 quod
721 2254 784 2274 vere
799 2247 919 2275 humana
930 2248 966 2276 sit
982 2249 1041 2283 ipsa

1095 2245 1141 2271 τοῦ
1152 2245 1251 2280 μηροῦ,
1263 2245 1311 2280 τὴν
1323 2245 1405 2280 φύσιν
1419 2246 1468 2281 τῆς
1481 2246 1592 2281 σαρκὸς,
1605 2246 1643 2277 ὡς
1652 2246 1759 2281 ἀληθῶς
1773 2246 1878 2281 ἀνθρω-

255 2297 350 2318 etnon
372 2290 555 2326 phantastica.
575 2290 643 2318 Nam
667 2292 700 2319 ad
717 2293 799 2328 hujus
825 2294 1043 2328 designationem

255 2337 392 2371 accipitur
415 2336 505 2364 femur
521 2338 592 2371 apud
618 2337 785 2372 Scripturas.
801 2339 944 2367 Sermonis
964 2340 1044 2375 igitur

255 2388 356 2416 scopus
373 2385 416 2408 est
433 2388 481 2415 per
498 2381 550 2408 hoc
568 2381 725 2417 signiﬁcare
743 2384 816 2418 quod
828 2383 946 2411 Verbum
959 2385 1044 2420 hypo-

255 2426 355 2453 stalice
380 2426 415 2454 sit
440 2427 546 2454 unitum
576 2432 680 2455 naturae
697 2428 833 2461 humanae,
855 2433 882 2457 et
906 2431 1043 2458 carnalem

256 2471 410 2507 susceperit
427 2472 598 2500 nativitatem
614 2481 647 2500 ex
667 2474 744 2500 bcala
759 2473 884 2510 Virgine.
901 2476 1042 2504 nihilomi—

255 2526 307 2546 nus
326 2518 522 2554 omnipotens,
555 2524 649 2554 utpote
675 2521 830 2548 cwlestium
862 2523 990 2558 princeps
1017 2527 1045 2551 et

255 2564 427 2592 terrestrium
448 2571 479 2591 ac
491 2564 734 2592 subterraneorum
749 2567 796 2602 qui
821 2568 964 2603 imperium
993 2569 1043 2596 ha-

255 2611 374 2638 buerunt
402 2611 533 2638 adversus
558 2611 725 2644 all'cctiones,
749 2618 777 2641 et
804 2616 994 2643 auctoritatem
1011 2623 1044 2644 ac

256 2657 341 2683 robur
363 2655 462 2683 habent
479 2655 612 2685 adversus
627 2663 768 2693 peccatum
783 2668 814 2686 ex
838 2660 925 2695 ipsius
942 2661 1043 2688 Christi

255 2710 269 2728 a
281 2702 404 2736 ijutm-io.

294 2748 364 2781 XIX,
382 2750 474 2778 l7-l9.
506 2750 538 2777 Et
565 2751 619 2777 ridi
634 2759 715 2777 unum
736 2752 858 2786 angelum
885 2757 999 2780 stantem
1017 2754 1043 2780 in

258 2794 323 2827 sole,
344 2799 368 2820 et
385 2794 509 2822 dormivit
526 2803 587 2822 race
607 2804 715 2830 magna,
731 2798 822 2823 dicens
850 2799 952 2824 cunctis
970 2799 1043 2826 uoln-

256 2839 344 2866 cribus
357 2848 414 2874 quia
428 2840 551 2868 volabant
567 2849 612 2876 per
626 2841 741 2869 medium
758 2842 815 2869 mli
831 2850 840 2869 :
861 2843 959 2876 Venite,
979 2852 1043 2870 con-

257 2885 388 2919 regamini
406 2886 440 2912 ad
456 2894 512 2913 casn
520 2895 563 2914 am
576 2896 699 2923 magnam
716 2888 773 2922 Dei,
788 2894 815 2915 ut
825 2889 968 2916 comedetis
984 2898 1043 2916 car-

1095 2292 1175 2326 πίνης
1188 2292 1272 2327 οῦσης
1283 2292 1369 2327 αὐτῆς
1385 2293 1432 2319 καὶ
1446 2292 1477 2318 οῦ
1491 2294 1562 2319 κατὰ
1582 2292 1733 2326 φαντασίαν
1744 2300 1752 2307 ο
1771 2292 1811 2323 εὶς
1825 2292 1880 2326 γὰρ

1094 2338 1265 2372 παράστασιν
1280 2338 1375 2364 τούτου
1385 2337 1555 2373 λαμσάνεται
1581 2339 1657 2373 παρά
1687 2339 1720 2373 τῇ
1748 2337 1843 2373 Γραφῇ
1867 2338 1881 2364 ό

1095 2383 1192 2417 μηρός.
1210 2382 1313 2417 Δηλοῦν
1327 2380 1373 2410 οῦν
1390 2383 1434 2409 διὰ
1444 2383 1538 2410 τούτου
1550 2383 1588 2419 τῷ
1603 2383 1674 2418 λόγῳ
1687 2384 1798 2415 σκοπὸς,
1815 2384 1856 2410 ὅτι
1867 2384 1881 2409 ό

1094 2429 1154 2455 καθ’
1171 2428 1320 2455 ὑπόστασιν
1335 2428 1446 2460 ἑνωθεὶς
1458 2429 1543 2462 Λόγος
1558 2429 1712 2464 ἀνθρώπων
1729 2429 1820 2463 φύσει,
1833 2429 1881 2455 καὶ

1095 2473 1232 2508 σαρκικὴν
1245 2474 1396 2509 ὑπομείνας
1421 2475 1548 2510 γέννησιν
1562 2475 1595 2501 ὲκ
1613 2475 1662 2510 τῆς
1677 2475 1757 2509 ἁγίας
1773 2474 1882 2510 Παρθέ-

1094 2527 1151 2550 νου,
1161 2519 1237 2546 οὑδὲν
1253 2517 1334 2554 ἦττον
1346 2521 1546 2557 παντοκράτωρ
1571 2520 1609 2552 ὡς
1625 2521 1761 2556 οὐρανίων
1789 2521 1881 2556 ἀρχων

1093 2566 1141 2592 καὶ
1160 2566 1290 2599 ἐπιγείων
1306 2568 1354 2592 καὶ
1379 2567 1578 2602 καταχθονίων,
1591 2567 1645 2595 τῶν
1661 2567 1881 2602 βασιλευσάντων

1094 2611 1165 2638 κατά
1179 2612 1283 2645 παθῶν,
1298 2612 1353 2639 τῶν
1368 2614 1397 2640 τὸ
1415 2613 1498 2649 κῦρος
1514 2614 1560 2640 καὶ
1586 2613 1618 2640 τὸ
1633 2614 1734 2649 κράτος
1764 2615 1881 2649 ἐχόντων

1094 2658 1164 2684 κατὰ
1181 2658 1230 2694 τῆς
1250 2659 1389 2694 ἁμαρτίας
1405 2660 1439 2695 τῇ
1454 2659 1501 2686 τοῦ
1514 2659 1597 2687 αὑτοῦ
1613 2659 1732 2695 Χριστοῦ
1750 2669 1877 2687 συναντι-

1093 2704 1160 2740 λήψε
1165 2713 1182 2731 ι.

1129 2751 1181 2778 Καὶ
1196 2749 1278 2778 εἶδον
1292 2751 1346 2778 ἕνα
1356 2751 1485 2786 ἄγγελον
1499 2752 1613 2779 ἑστῶτα
1628 2753 1663 2779 ἐν
1678 2752 1717 2785 τῷ
1731 2753 1817 2786 ἡλίῳ.
1831 2752 1880 2778 καὶ

1094 2797 1201 2832 supatis
1217 2797 1302 2832 φωνῇ
1314 2798 1430 2832 μεγάλῃ
1440 2818 1447 2830 ,
1463 2798 1560 2833 λέγων
1575 2798 1651 2826 πᾶσι
1677 2800 1739 2831 τοῖς
1766 2798 1882 2833 ὀρνέοις

1094 2843 1156 2875 τοῖς
1172 2843 1346 2878 πετομένοις
1360 2845 1395 2870 ἐν
1409 2845 1669 2879 μεσουρανήματι·
1687 2844 1788 2876 Δεῦτε,
1803 2852 1880 2871 συν·

1094 2889 1205 2923 ἀχθητε
1217 2891 1260 2922 εὶς
1275 2890 1328 2917 τὸν
1339 2889 1464 2917 δεῖπνον
1478 2890 1532 2917 τὸν
1545 2890 1641 2925 μέγαν
1665 2890 1717 2917 τοῦ
1733 2890 1817 2922 Θεοῦ,
1830 2891 1880 2916 ira
