  <div class='ocr_page' id='page_1' title='image "/cluster/home/n/w/nwhite01/storage/ocr_20150623/106/njp.32101077772901/433.png"; bbox 0 0 2092 3157; ppageno 0'>
   <div class='ocr_carea' id='block_1_1' title="bbox 233 157 281 190">
    <p class='ocr_par' dir='ltr' id='par_1_1' title="bbox 233 157 281 190">
     <span class='ocr_line' id='line_1_1' title="bbox 233 157 281 190; baseline -0.042 0"><span class='ocrx_word' id='word_1_1' title='bbox 233 157 281 190; x_wconf 71' lang='grc'><strong>751</strong></span> 
     </span>
    </p>
   </div>
   <div class='ocr_carea' id='block_1_2' title="bbox 653 154 1470 187">
    <p class='ocr_par' dir='ltr' id='par_1_2' title="bbox 653 154 1470 187">
     <span class='ocr_line' id='line_1_2' title="bbox 653 154 1470 187; baseline 0.002 -3"><span class='ocrx_word' id='word_1_2' title='bbox 653 154 816 184; x_wconf 73' lang='grc' dir='ltr'><strong>ΑΒΕΤΠιΕ</strong></span> <span class='ocrx_word' id='word_1_3' title='bbox 836 155 1026 184; x_wconf 62' lang='grc' dir='ltr'><strong>(ΞῘΕΞΑΠΕᾸΞ</strong></span> <span class='ocrx_word' id='word_1_4' title='bbox 1042 156 1283 186; x_wconf 77' lang='lat' dir='ltr'><strong>CAPPADOCUE</strong></span> <span class='ocrx_word' id='word_1_5' title='bbox 1301 156 1470 187; x_wconf 82' lang='lat' dir='ltr'><strong>EPISCOPI</strong></span> 
     </span>
    </p>
   </div>
   <div class='ocr_carea' id='block_1_3' title="bbox 1807 156 1862 188">
    <p class='ocr_par' dir='ltr' id='par_1_3' title="bbox 1807 156 1862 188">
     <span class='ocr_line' id='line_1_3' title="bbox 1807 156 1862 188; baseline 0.018 -1"><span class='ocrx_word' id='word_1_6' title='bbox 1807 156 1862 188; x_wconf 74' lang='lat'><strong>75&#39;2</strong></span> 
     </span>
    </p>
   </div>
   <div class='ocr_carea' id='block_1_4' title="bbox 232 210 1021 250">
    <p class='ocr_par' dir='ltr' id='par_1_4' title="bbox 232 210 1017 250">
     <span class='ocr_line' id='line_1_4' title="bbox 232 210 1017 250; baseline -0.008 -8"><span class='ocrx_word' id='word_1_7' title='bbox 232 213 343 250; x_wconf 72' lang='lat' dir='ltr'><strong>quantulo</strong></span> <span class='ocrx_word' id='word_1_8' title='bbox 362 211 507 240; x_wconf 68' lang='lat' dir='ltr'><strong>diversitas</strong></span> <span class='ocrx_word' id='word_1_9' title='bbox 535 211 562 238; x_wconf 93' lang='lat' dir='ltr'><strong>in</strong></span> <span class='ocrx_word' id='word_1_10' title='bbox 590 210 657 244; x_wconf 83' lang='lat' dir='ltr'><strong>ipsis</strong></span> <span class='ocrx_word' id='word_1_11' title='bbox 674 210 844 244; x_wconf 85' lang='lat' dir='ltr'><strong>conspicitur</strong></span> <span class='ocrx_word' id='word_1_12' title='bbox 868 211 1017 237; x_wconf 84' lang='lat' dir='ltr'><strong>secundum</strong></span> 
     </span>
    </p>
   </div>
   <div class='ocr_carea' id='block_1_5' title="bbox 1064 210 1861 250">
    <p class='ocr_par' dir='ltr' id='par_1_5' title="bbox 1072 211 1861 249">
     <span class='ocr_line' id='line_1_5' title="bbox 1072 211 1861 249; baseline 0.004 -12"><span class='ocrx_word' id='word_1_13' title='bbox 1072 212 1169 245; x_wconf 79' lang='grc' dir='ltr'>γενῶν,</span> <span class='ocrx_word' id='word_1_14' title='bbox 1180 212 1245 238; x_wconf 75' lang='grc' dir='ltr'>ὅταν</span> <span class='ocrx_word' id='word_1_15' title='bbox 1260 212 1377 246; x_wconf 79' lang='grc' dir='ltr'>διαφορά</span> <span class='ocrx_word' id='word_1_16' title='bbox 1391 213 1420 238; x_wconf 79' lang='grc' dir='ltr'>ἐν</span> <span class='ocrx_word' id='word_1_17' title='bbox 1434 212 1526 244; x_wconf 82' lang='grc' dir='ltr'>αὐτοῖς</span> <span class='ocrx_word' id='word_1_18' title='bbox 1536 211 1634 246; x_wconf 77' lang='grc' dir='ltr'>ὁρᾶται</span> <span class='ocrx_word' id='word_1_19' title='bbox 1647 212 1718 239; x_wconf 74' lang='grc' dir='ltr'>κατὰ</span> <span class='ocrx_word' id='word_1_20' title='bbox 1727 213 1757 238; x_wconf 78' lang='grc' dir='ltr'><strong>τὸ</strong></span> <span class='ocrx_word' id='word_1_21' title='bbox 1771 214 1861 249; x_wconf 82' lang='grc' dir='ltr'>χεῖρον</span> 
     </span>
    </p>
   </div>
   <div class='ocr_carea' id='block_1_6' title="bbox 233 255 1018 296">
    <p class='ocr_par' dir='ltr' id='par_1_6' title="bbox 233 255 1018 296">
     <span class='ocr_line' id='line_1_6' title="bbox 233 255 1018 296; baseline -0.008 -8"><span class='ocrx_word' id='word_1_22' title='bbox 233 261 310 296; x_wconf 83' lang='lat' dir='ltr'><strong>pejus</strong></span> <span class='ocrx_word' id='word_1_23' title='bbox 326 267 358 287; x_wconf 82' lang='lat' dir='ltr'><strong>ac</strong></span> <span class='ocrx_word' id='word_1_24' title='bbox 381 258 487 289; x_wconf 86' lang='lat' dir='ltr'><strong>melius,</strong></span> <span class='ocrx_word' id='word_1_25' title='bbox 507 257 553 290; x_wconf 88' lang='lat' dir='ltr'><strong>qui</strong></span> <span class='ocrx_word' id='word_1_26' title='bbox 570 255 656 290; x_wconf 85' lang='lat' dir='ltr'><strong>pejori</strong></span> <span class='ocrx_word' id='word_1_27' title='bbox 679 255 871 288; x_wconf 71' lang='lat' dir='ltr'><strong>adhaeserunt,</strong></span> <span class='ocrx_word' id='word_1_28' title='bbox 888 264 940 283; x_wconf 91' lang='lat' dir='ltr'><strong>non</strong></span> <span class='ocrx_word' id='word_1_29' title='bbox 958 257 1018 282; x_wconf 87' lang='lat' dir='ltr'><strong>vul-</strong></span> 
     </span>
    </p>
   </div>
   <div class='ocr_carea' id='block_1_7' title="bbox 233 301 1019 342">
    <p class='ocr_par' dir='ltr' id='par_1_7' title="bbox 233 301 1019 342">
     <span class='ocr_line' id='line_1_7' title="bbox 233 301 1019 342; baseline -0.006 -8"><span class='ocrx_word' id='word_1_30' title='bbox 233 307 289 342; x_wconf 73' lang='lat' dir='ltr'><strong>gari</strong></span> <span class='ocrx_word' id='word_1_31' title='bbox 305 305 378 340; x_wconf 79' lang='lat' dir='ltr'><strong>digni</strong></span> <span class='ocrx_word' id='word_1_32' title='bbox 393 308 455 331; x_wconf 89' lang='lat' dir='ltr'><strong>sunt</strong></span> <span class='ocrx_word' id='word_1_33' title='bbox 468 302 615 336; x_wconf 83' lang='lat' dir='ltr'><strong>supplicio,</strong></span> <span class='ocrx_word' id='word_1_34' title='bbox 632 301 695 335; x_wconf 87' lang='lat' dir='ltr'><strong>quia</strong></span> <span class='ocrx_word' id='word_1_35' title='bbox 711 301 753 328; x_wconf 90' lang='lat' dir='ltr'><strong>sui</strong></span> <span class='ocrx_word' id='word_1_36' title='bbox 768 303 876 336; x_wconf 73' lang='lat' dir='ltr'><strong>generis</strong></span> <span class='ocrx_word' id='word_1_37' title='bbox 895 302 1019 329; x_wconf 80' lang='lat' dir='ltr'><strong>homines</strong></span> 
     </span>
    </p>
   </div>
   <div class='ocr_carea' id='block_1_8' title="bbox 233 346 1020 381">
    <p class='ocr_par' dir='ltr' id='par_1_8' title="bbox 233 346 1020 381">
     <span class='ocr_line' id='line_1_8' title="bbox 233 346 1020 381; baseline -0.006 -2"><span class='ocrx_word' id='word_1_38' title='bbox 233 360 286 379; x_wconf 88' lang='lat' dir='ltr'><strong>non</strong></span> <span class='ocrx_word' id='word_1_39' title='bbox 307 355 370 378; x_wconf 88' lang='lat' dir='ltr'><strong>sunt</strong></span> <span class='ocrx_word' id='word_1_40' title='bbox 386 348 504 376; x_wconf 60' lang='lat' dir='ltr'><strong>aemulati</strong></span> <span class='ocrx_word' id='word_1_41' title='bbox 523 353 595 374; x_wconf 89' lang='lat' dir='ltr'><strong>recte</strong></span> <span class='ocrx_word' id='word_1_42' title='bbox 612 348 760 381; x_wconf 80' lang='lat' dir='ltr'><strong>operando.</strong></span> <span class='ocrx_word' id='word_1_43' title='bbox 778 346 914 374; x_wconf 83' lang='lat' dir='ltr'><strong>Judicium</strong></span> <span class='ocrx_word' id='word_1_44' title='bbox 939 348 1020 381; x_wconf 83' lang='lat' dir='ltr'><strong>igitur</strong></span> 
     </span>
    </p>
   </div>
   <div class='ocr_carea' id='block_1_9' title="bbox 232 393 1018 432">
    <p class='ocr_par' dir='ltr' id='par_1_9' title="bbox 232 393 1018 432">
     <span class='ocr_line' id='line_1_9' title="bbox 232 393 1018 432; baseline -0.004 -9"><span class='ocrx_word' id='word_1_45' title='bbox 232 398 299 432; x_wconf 85' lang='lat' dir='ltr'><strong>ipsis</strong></span> <span class='ocrx_word' id='word_1_46' title='bbox 321 397 413 422; x_wconf 85' lang='lat' dir='ltr'><strong>datum</strong></span> <span class='ocrx_word' id='word_1_47' title='bbox 431 401 504 424; x_wconf 88' lang='lat' dir='ltr'><strong>esse.</strong></span> <span class='ocrx_word' id='word_1_48' title='bbox 521 393 548 421; x_wconf 93' lang='lat' dir='ltr'><strong>id</strong></span> <span class='ocrx_word' id='word_1_49' title='bbox 563 397 615 424; x_wconf 85' lang='lat' dir='ltr'><strong>est,</strong></span> <span class='ocrx_word' id='word_1_50' title='bbox 634 397 664 419; x_wconf 91' lang='lat' dir='ltr'><strong>ut</strong></span> <span class='ocrx_word' id='word_1_51' title='bbox 679 394 894 420; x_wconf 88' lang='lat' dir='ltr'><strong>condemnarent</strong></span> <span class='ocrx_word' id='word_1_52' title='bbox 909 400 916 419; x_wconf 89' lang='lat'><strong>:</strong></span> <span class='ocrx_word' id='word_1_53' title='bbox 940 393 1018 427; x_wconf 86' lang='lat' dir='ltr'><strong>quasi</strong></span> 
     </span>
    </p>
   </div>
   <div class='ocr_carea' id='block_1_10' title="bbox 231 437 1020 471">
    <p class='ocr_par' dir='ltr' id='par_1_10' title="bbox 231 437 1020 471">
     <span class='ocr_line' id='line_1_10' title="bbox 231 437 1020 471; baseline -0.006 -2"><span class='ocrx_word' id='word_1_54' title='bbox 231 449 285 469; x_wconf 92' lang='lat' dir='ltr'><strong>non</strong></span> <span class='ocrx_word' id='word_1_55' title='bbox 302 441 390 468; x_wconf 89' lang='lat' dir='ltr'><strong>solum</strong></span> <span class='ocrx_word' id='word_1_56' title='bbox 405 439 529 465; x_wconf 86' lang='lat' dir='ltr'><strong>volentes</strong></span> <span class='ocrx_word' id='word_1_57' title='bbox 551 437 692 464; x_wconf 89' lang='lat' dir='ltr'><strong>Christttm</strong></span> <span class='ocrx_word' id='word_1_58' title='bbox 712 437 782 464; x_wconf 86' lang='lat' dir='ltr'><strong>bene</strong></span> <span class='ocrx_word' id='word_1_59' title='bbox 801 437 834 464; x_wconf 92' lang='lat' dir='ltr'><strong>de</strong></span> <span class='ocrx_word' id='word_1_60' title='bbox 852 437 919 471; x_wconf 87' lang='lat' dir='ltr'><strong>ipsis</strong></span> <span class='ocrx_word' id='word_1_61' title='bbox 937 437 1020 464; x_wconf 87' lang='lat' dir='ltr'><strong>meri-</strong></span> 
     </span>
    </p>
   </div>
   <div class='ocr_carea' id='block_1_11' title="bbox 231 481 1018 517">
    <p class='ocr_par' dir='ltr' id='par_1_11' title="bbox 231 481 1018 517">
     <span class='ocr_line' id='line_1_11' title="bbox 231 481 1018 517; baseline -0.006 -3"><span class='ocrx_word' id='word_1_62' title='bbox 231 492 287 514; x_wconf 93' lang='lat' dir='ltr'><strong>tum</strong></span> <span class='ocrx_word' id='word_1_63' title='bbox 302 483 414 515; x_wconf 86' lang='lat' dir='ltr'><strong>imitari,</strong></span> <span class='ocrx_word' id='word_1_64' title='bbox 431 483 591 517; x_wconf 88' lang='lat' dir='ltr'><strong>prophetica</strong></span> <span class='ocrx_word' id='word_1_65' title='bbox 610 481 748 516; x_wconf 82' lang='lat' dir='ltr'><strong>sequendo</strong></span> <span class='ocrx_word' id='word_1_66' title='bbox 762 482 885 514; x_wconf 85' lang='lat' dir='ltr'><strong>oracula,</strong></span> <span class='ocrx_word' id='word_1_67' title='bbox 900 483 947 510; x_wconf 86' lang='lat' dir='ltr'><strong>sed</strong></span> <span class='ocrx_word' id='word_1_68' title='bbox 962 482 1018 517; x_wconf 88' lang='lat' dir='ltr'><strong>jam</strong></span> 
     </span>
    </p>
   </div>
   <div class='ocr_carea' id='block_1_12' title="bbox 230 527 1019 563">
    <p class='ocr_par' dir='ltr' id='par_1_12' title="bbox 230 527 1019 563">
     <span class='ocr_line' id='line_1_12' title="bbox 230 527 1019 563; baseline -0.004 -4"><span class='ocrx_word' id='word_1_69' title='bbox 230 532 363 559; x_wconf 87' lang='lat' dir='ltr'><strong>adversus</strong></span> <span class='ocrx_word' id='word_1_70' title='bbox 374 530 423 556; x_wconf 90' lang='lat' dir='ltr'><strong>hos</strong></span> <span class='ocrx_word' id='word_1_71' title='bbox 436 535 546 563; x_wconf 89' lang='lat' dir='ltr'><strong>quoque</strong></span> <span class='ocrx_word' id='word_1_72' title='bbox 559 527 697 562; x_wconf 76' lang='lat' dir='ltr'><strong>progredi.</strong></span> <span class='ocrx_word' id='word_1_73' title='bbox 712 528 895 555; x_wconf 81' lang='lat' dir='ltr'><strong>Contlemnari</strong></span> <span class='ocrx_word' id='word_1_74' title='bbox 911 536 1019 563; x_wconf 87' lang='lat' dir='ltr'><strong>quoque</strong></span> 
     </span>
    </p>
   </div>
   <div class='ocr_carea' id='block_1_13' title="bbox 229 573 1018 608">
    <p class='ocr_par' dir='ltr' id='par_1_13' title="bbox 229 573 1018 608">
     <span class='ocr_line' id='line_1_13' title="bbox 229 573 1018 608; baseline -0.004 -4"><span class='ocrx_word' id='word_1_75' title='bbox 229 577 296 604; x_wconf 84' lang='lat' dir='ltr'><strong>dicit</strong></span> <span class='ocrx_word' id='word_1_76' title='bbox 310 576 371 603; x_wconf 90' lang='lat' dir='ltr'><strong>illos</strong></span> <span class='ocrx_word' id='word_1_77' title='bbox 385 575 421 602; x_wconf 89' lang='lat' dir='ltr'><strong>ob</strong></span> <span class='ocrx_word' id='word_1_78' title='bbox 435 575 540 601; x_wconf 83' lang='lat' dir='ltr'><strong>animas</strong></span> <span class='ocrx_word' id='word_1_79' title='bbox 553 573 749 600; x_wconf 69' lang='lat' dir='ltr'><strong>decollatorum</strong></span> <span class='ocrx_word' id='word_1_80' title='bbox 768 579 878 608; x_wconf 78' lang='lat' dir='ltr'><strong>propter</strong></span> <span class='ocrx_word' id='word_1_81' title='bbox 893 575 1018 601; x_wconf 87' lang='lat' dir='ltr'><strong>testimo—</strong></span> 
     </span>
    </p>
   </div>
   <div class='ocr_carea' id='block_1_14' title="bbox 231 618 1018 655">
    <p class='ocr_par' dir='ltr' id='par_1_14' title="bbox 231 618 1018 655">
     <span class='ocr_line' id='line_1_14' title="bbox 231 618 1018 655; baseline -0.003 -6"><span class='ocrx_word' id='word_1_82' title='bbox 231 623 306 649; x_wconf 90' lang='lat' dir='ltr'><strong>nium</strong></span> <span class='ocrx_word' id='word_1_83' title='bbox 331 620 407 653; x_wconf 74' lang='lat' dir='ltr'><strong>Jesu,</strong></span> <span class='ocrx_word' id='word_1_84' title='bbox 424 624 451 647; x_wconf 91' lang='lat' dir='ltr'><strong>et</strong></span> <span class='ocrx_word' id='word_1_85' title='bbox 471 624 581 654; x_wconf 75' lang='lat' dir='ltr'><strong>propter</strong></span> <span class='ocrx_word' id='word_1_86' title='bbox 598 626 752 646; x_wconf 83' lang='lat' dir='ltr'><strong>sermonem</strong></span> <span class='ocrx_word' id='word_1_87' title='bbox 769 618 833 651; x_wconf 83' lang='lat' dir='ltr'><strong>Dei,</strong></span> <span class='ocrx_word' id='word_1_88' title='bbox 853 619 879 646; x_wconf 93' lang='lat' dir='ltr'><strong>id</strong></span> <span class='ocrx_word' id='word_1_89' title='bbox 895 625 953 653; x_wconf 91' lang='lat' dir='ltr'><strong>est,</strong></span> <span class='ocrx_word' id='word_1_90' title='bbox 971 621 1018 655; x_wconf 88' lang='lat' dir='ltr'><strong>qui</strong></span> 
     </span>
    </p>
   </div>
   <div class='ocr_carea' id='block_1_15' title="bbox 230 663 1019 701">
    <p class='ocr_par' dir='ltr' id='par_1_15' title="bbox 230 663 1019 701">
     <span class='ocr_line' id='line_1_15' title="bbox 230 663 1019 701; baseline -0.001 -8"><span class='ocrx_word' id='word_1_91' title='bbox 230 670 341 701; x_wconf 86' lang='lat' dir='ltr'><strong>propter</strong></span> <span class='ocrx_word' id='word_1_92' title='bbox 357 665 436 692; x_wconf 85' lang='lat' dir='ltr'><strong>iidem</strong></span> <span class='ocrx_word' id='word_1_93' title='bbox 453 663 479 690; x_wconf 92' lang='lat' dir='ltr'><strong>in</strong></span> <span class='ocrx_word' id='word_1_94' title='bbox 500 663 585 690; x_wconf 90' lang='lat' dir='ltr'><strong>Deum</strong></span> <span class='ocrx_word' id='word_1_95' title='bbox 609 663 799 691; x_wconf 88' lang='lat' dir='ltr'><strong>sustinuerunt</strong></span> <span class='ocrx_word' id='word_1_96' title='bbox 816 670 930 692; x_wconf 89' lang='lat' dir='ltr'><strong>mortem</strong></span> <span class='ocrx_word' id='word_1_97' title='bbox 947 665 1019 692; x_wconf 78' lang='lat' dir='ltr'><strong>ferro</strong></span> 
     </span>
    </p>
   </div>
   <div class='ocr_carea' id='block_1_16' title="bbox 231 709 1019 744">
    <p class='ocr_par' dir='ltr' id='par_1_16' title="bbox 231 709 1019 744">
     <span class='ocr_line' id='line_1_16' title="bbox 231 709 1019 744; baseline 0.001 -6"><span class='ocrx_word' id='word_1_98' title='bbox 231 713 346 738; x_wconf 84' lang='lat' dir='ltr'><strong>illatam.</strong></span> <span class='ocrx_word' id='word_1_99' title='bbox 360 710 414 737; x_wconf 83' lang='lat' dir='ltr'><strong>Aut</strong></span> <span class='ocrx_word' id='word_1_100' title='bbox 429 710 511 736; x_wconf 88' lang='lat' dir='ltr'><strong>etiam</strong></span> <span class='ocrx_word' id='word_1_101' title='bbox 525 709 641 744; x_wconf 73' lang='lat' dir='ltr'><strong>ligurate</strong></span> <span class='ocrx_word' id='word_1_102' title='bbox 657 710 695 736; x_wconf 85' lang='lat' dir='ltr'><strong>ait</strong></span> <span class='ocrx_word' id='word_1_103' title='bbox 706 709 855 738; x_wconf 88' lang='lat' dir='ltr'><strong>decollatos</strong></span> <span class='ocrx_word' id='word_1_104' title='bbox 871 710 967 743; x_wconf 78' lang='lat' dir='ltr'><strong>fuisse,</strong></span> <span class='ocrx_word' id='word_1_105' title='bbox 986 713 1019 739; x_wconf 79' lang='lat' dir='ltr'><strong>de</strong></span> 
     </span>
    </p>
   </div>
   <div class='ocr_carea' id='block_1_17' title="bbox 229 755 1018 791">
    <p class='ocr_par' dir='ltr' id='par_1_17' title="bbox 229 755 1018 791">
     <span class='ocr_line' id='line_1_17' title="bbox 229 755 1018 791; baseline 0 -7"><span class='ocrx_word' id='word_1_106' title='bbox 229 757 274 784; x_wconf 86' lang='lat' dir='ltr'><strong>his</strong></span> <span class='ocrx_word' id='word_1_107' title='bbox 287 757 334 791; x_wconf 83' lang='lat' dir='ltr'><strong>qui</strong></span> <span class='ocrx_word' id='word_1_108' title='bbox 349 755 581 783; x_wconf 80' lang='lat' dir='ltr'><strong>mortiﬁcaverunt</strong></span> <span class='ocrx_word' id='word_1_109' title='bbox 597 755 720 782; x_wconf 88' lang='lat' dir='ltr'><strong>membra</strong></span> <span class='ocrx_word' id='word_1_110' title='bbox 737 763 785 783; x_wconf 89' lang='lat' dir='ltr'><strong>sua</strong></span> <span class='ocrx_word' id='word_1_111' title='bbox 801 764 862 791; x_wconf 69' lang='lat' dir='ltr'><strong>qua:</strong></span> <span class='ocrx_word' id='word_1_112' title='bbox 877 761 956 784; x_wconf 83' lang='lat' dir='ltr'><strong>erant</strong></span> <span class='ocrx_word' id='word_1_113' title='bbox 970 765 1018 784; x_wconf 88' lang='lat' dir='ltr'><strong>su-</strong></span> 
     </span>
    </p>
   </div>
   <div class='ocr_carea' id='block_1_18' title="bbox 230 805 406 836">
    <p class='ocr_par' dir='ltr' id='par_1_18' title="bbox 230 805 406 836">
     <span class='ocr_line' id='line_1_18' title="bbox 230 805 406 836; baseline -0.017 -7"><span class='ocrx_word' id='word_1_114' title='bbox 230 809 279 836; x_wconf 97' lang='lat' dir='ltr'><strong>per</strong></span> <span class='ocrx_word' id='word_1_115' title='bbox 293 805 406 828; x_wconf 85' lang='lat' dir='ltr'><strong>terram.</strong></span> 
     </span>
    </p>
   </div>
   <div class='ocr_carea' id='block_1_19' title="bbox 261 845 1017 882">
    <p class='ocr_par' dir='ltr' id='par_1_19' title="bbox 261 845 1017 882">
     <span class='ocr_line' id='line_1_19' title="bbox 261 845 1017 882; baseline 0.001 -10"><span class='ocrx_word' id='word_1_116' title='bbox 261 846 301 875; x_wconf 76' lang='lat' dir='ltr'><strong>Et</strong></span> <span class='ocrx_word' id='word_1_117' title='bbox 321 854 373 872; x_wconf 83' lang='lat' dir='ltr'><strong>non</strong></span> <span class='ocrx_word' id='word_1_118' title='bbox 387 849 541 879; x_wconf 79' lang='lat' dir='ltr'><strong>acceperunt</strong></span> <span class='ocrx_word' id='word_1_119' title='bbox 559 845 750 872; x_wconf 76' lang='lat' dir='ltr'><strong>characterem.</strong></span> <span class='ocrx_word' id='word_1_120' title='bbox 771 845 919 873; x_wconf 81' lang='lat' dir='ltr'><strong>Character</strong></span> <span class='ocrx_word' id='word_1_121' title='bbox 934 847 1017 882; x_wconf 76' lang='lat'><strong>813</strong></span> 
     </span>
    </p>
   </div>
   <div class='ocr_carea' id='block_1_20' title="bbox 228 890 1017 926">
    <p class='ocr_par' dir='ltr' id='par_1_20' title="bbox 228 890 1017 926">
     <span class='ocr_line' id='line_1_20' title="bbox 228 890 1017 926; baseline 0.001 -8"><span class='ocrx_word' id='word_1_122' title='bbox 228 891 393 926; x_wconf 81' lang='lat' dir='ltr'><strong>cognitionis</strong></span> <span class='ocrx_word' id='word_1_123' title='bbox 407 890 536 918; x_wconf 86' lang='lat' dir='ltr'><strong>indicium</strong></span> <span class='ocrx_word' id='word_1_124' title='bbox 550 895 610 922; x_wconf 88' lang='lat' dir='ltr'><strong>est,</strong></span> <span class='ocrx_word' id='word_1_125' title='bbox 630 891 778 918; x_wconf 87' lang='lat' dir='ltr'><strong>secundum</strong></span> <span class='ocrx_word' id='word_1_126' title='bbox 793 891 867 925; x_wconf 88' lang='lat' dir='ltr'><strong>quod</strong></span> <span class='ocrx_word' id='word_1_127' title='bbox 882 891 963 918; x_wconf 86' lang='lat' dir='ltr'><strong>etiam</strong></span> <span class='ocrx_word' id='word_1_128' title='bbox 984 892 1017 919; x_wconf 69' lang='lat' dir='ltr'><strong>tle</strong></span> 
     </span>
    </p>
   </div>
   <div class='ocr_carea' id='block_1_21' title="bbox 228 936 1015 972">
    <p class='ocr_par' dir='ltr' id='par_1_21' title="bbox 228 936 1015 972">
     <span class='ocr_line' id='line_1_21' title="bbox 228 936 1015 972; baseline -0.001 -7"><span class='ocrx_word' id='word_1_129' title='bbox 228 938 338 965; x_wconf 84' lang='lat' dir='ltr'><strong>Christo</strong></span> <span class='ocrx_word' id='word_1_130' title='bbox 351 936 453 963; x_wconf 87' lang='lat' dir='ltr'><strong>dictum</strong></span> <span class='ocrx_word' id='word_1_131' title='bbox 467 939 509 964; x_wconf 81' lang='lat' dir='ltr'><strong>est</strong></span> <span class='ocrx_word' id='word_1_132' title='bbox 525 945 532 963; x_wconf 90' lang='lat'>:</span> <span class='ocrx_word' id='word_1_133' title='bbox 559 946 567 961; x_wconf 79' lang='grc' dir='ltr'><strong>ι</strong></span> <span class='ocrx_word' id='word_1_134' title='bbox 588 936 730 971; x_wconf 79' lang='lat' dir='ltr'><strong>Signatum</strong></span> <span class='ocrx_word' id='word_1_135' title='bbox 746 941 789 963; x_wconf 87' lang='lat' dir='ltr'><strong>est</strong></span> <span class='ocrx_word' id='word_1_136' title='bbox 803 944 886 972; x_wconf 87' lang='lat' dir='ltr'><strong>super</strong></span> <span class='ocrx_word' id='word_1_137' title='bbox 905 945 956 964; x_wconf 85' lang='lat' dir='ltr'><strong>nos</strong></span> <span class='ocrx_word' id='word_1_138' title='bbox 972 938 1015 964; x_wconf 94' lang='lat' dir='ltr'><strong>lu-</strong></span> 
     </span>
    </p>
   </div>
   <div class='ocr_carea' id='block_1_22' title="bbox 228 980 1014 1013">
    <p class='ocr_par' dir='ltr' id='par_1_22' title="bbox 228 980 1014 1013">
     <span class='ocr_line' id='line_1_22' title="bbox 228 980 1014 1013; baseline -0.001 -4"><span class='ocrx_word' id='word_1_139' title='bbox 228 988 290 1009; x_wconf 90' lang='lat' dir='ltr'><strong>men</strong></span> <span class='ocrx_word' id='word_1_140' title='bbox 305 981 397 1008; x_wconf 85' lang='lat' dir='ltr'><strong>vullus</strong></span> <span class='ocrx_word' id='word_1_141' title='bbox 411 981 461 1013; x_wconf 87' lang='lat' dir='ltr'><strong>tui,</strong></span> <span class='ocrx_word' id='word_1_142' title='bbox 479 980 592 1008; x_wconf 84' lang='lat' dir='ltr'><strong>Domine</strong></span> <span class='ocrx_word' id='word_1_143' title='bbox 604 981 637 1013; x_wconf 74' lang='grc'>³³,</span> <span class='ocrx_word' id='word_1_144' title='bbox 664 989 674 1006; x_wconf 74' lang='grc' dir='ltr'><strong>ι</strong></span> <span class='ocrx_word' id='word_1_145' title='bbox 691 980 927 1013; x_wconf 85' lang='lat' dir='ltr'><strong>Quemadmodum</strong></span> <span class='ocrx_word' id='word_1_146' title='bbox 942 982 1014 1008; x_wconf 88' lang='lat' dir='ltr'><strong>enim</strong></span> 
     </span>
    </p>
   </div>
   <div class='ocr_carea' id='block_1_23' title="bbox 222 1026 1016 1061">
    <p class='ocr_par' dir='ltr' id='par_1_23' title="bbox 222 1026 1016 1061">
     <span class='ocr_line' id='line_1_23' title="bbox 222 1026 1016 1061; baseline 0 -7"><span class='ocrx_word' id='word_1_147' title='bbox 222 1034 310 1061; x_wconf 81' lang='lat' dir='ltr'><strong>super</strong></span> <span class='ocrx_word' id='word_1_148' title='bbox 327 1026 423 1053; x_wconf 76' lang='lat' dir='ltr'><strong>faciem</strong></span> <span class='ocrx_word' id='word_1_149' title='bbox 438 1033 600 1059; x_wconf 85' lang='lat' dir='ltr'><strong>expressum</strong></span> <span class='ocrx_word' id='word_1_150' title='bbox 624 1029 666 1053; x_wconf 82' lang='lat' dir='ltr'><strong>est</strong></span> <span class='ocrx_word' id='word_1_151' title='bbox 686 1026 778 1053; x_wconf 89' lang='lat' dir='ltr'><strong>lumen</strong></span> <span class='ocrx_word' id='word_1_152' title='bbox 796 1026 823 1053; x_wconf 93' lang='lat' dir='ltr'><strong>i&#39;n</strong></span> <span class='ocrx_word' id='word_1_153' title='bbox 843 1026 952 1061; x_wconf 77' lang='lat' dir='ltr'><strong>signum</strong></span> <span class='ocrx_word' id='word_1_154' title='bbox 968 1034 1016 1054; x_wconf 87' lang='lat' dir='ltr'><strong>co-</strong></span> 
     </span>
    </p>
   </div>
   <div class='ocr_carea' id='block_1_24' title="bbox 225 1071 1014 1107">
    <p class='ocr_par' dir='ltr' id='par_1_24' title="bbox 225 1071 1014 1107">
     <span class='ocr_line' id='line_1_24' title="bbox 225 1071 1014 1107; baseline 0 -8"><span class='ocrx_word' id='word_1_155' title='bbox 225 1072 375 1107; x_wconf 78' lang='lat' dir='ltr'><strong>gnoscendi</strong></span> <span class='ocrx_word' id='word_1_156' title='bbox 396 1072 500 1099; x_wconf 86' lang='lat' dir='ltr'><strong>amicos</strong></span> <span class='ocrx_word' id='word_1_157' title='bbox 515 1072 580 1105; x_wconf 86' lang='lat' dir='ltr'><strong>Dei,</strong></span> <span class='ocrx_word' id='word_1_158' title='bbox 596 1072 634 1098; x_wconf 90' lang='lat' dir='ltr'><strong>ita</strong></span> <span class='ocrx_word' id='word_1_159' title='bbox 650 1072 676 1098; x_wconf 93' lang='lat' dir='ltr'><strong>in</strong></span> <span class='ocrx_word' id='word_1_160' title='bbox 695 1071 785 1106; x_wconf 86' lang='lat' dir='ltr'><strong>impiis</strong></span> <span class='ocrx_word' id='word_1_161' title='bbox 800 1072 968 1106; x_wconf 85' lang='lat' dir='ltr'><strong>impudentia</strong></span> <span class='ocrx_word' id='word_1_162' title='bbox 988 1074 1014 1099; x_wconf 94' lang='lat' dir='ltr'><strong>in</strong></span> 
     </span>
    </p>
   </div>
   <div class='ocr_carea' id='block_1_25' title="bbox 225 1116 1014 1151">
    <p class='ocr_par' dir='ltr' id='par_1_25' title="bbox 225 1116 1014 1151">
     <span class='ocr_line' id='line_1_25' title="bbox 225 1116 1014 1151; baseline 0.001 -7"><span class='ocrx_word' id='word_1_163' title='bbox 225 1118 364 1146; x_wconf 75' lang='lat' dir='ltr'><strong>frontibus</strong></span> <span class='ocrx_word' id='word_1_164' title='bbox 386 1116 562 1151; x_wconf 79' lang='lat' dir='ltr'><strong>imprimitur,</strong></span> <span class='ocrx_word' id='word_1_165' title='bbox 587 1117 652 1143; x_wconf 90' lang='lat' dir='ltr'><strong>dum</strong></span> <span class='ocrx_word' id='word_1_166' title='bbox 674 1116 734 1143; x_wconf 87' lang='lat' dir='ltr'><strong>sine</strong></span> <span class='ocrx_word' id='word_1_167' title='bbox 758 1116 814 1143; x_wconf 87' lang='lat' dir='ltr'><strong>ulla</strong></span> <span class='ocrx_word' id='word_1_168' title='bbox 830 1117 1014 1145; x_wconf 81' lang='lat' dir='ltr'><strong>occultatione</strong></span> 
     </span>
    </p>
   </div>
   <div class='ocr_carea' id='block_1_26' title="bbox 226 1162 1014 1198">
    <p class='ocr_par' dir='ltr' id='par_1_26' title="bbox 226 1162 1014 1198">
     <span class='ocr_line' id='line_1_26' title="bbox 226 1162 1014 1198; baseline 0.001 -8"><span class='ocrx_word' id='word_1_169' title='bbox 226 1163 269 1190; x_wconf 92' lang='lat' dir='ltr'><strong>vel</strong></span> <span class='ocrx_word' id='word_1_170' title='bbox 292 1163 394 1198; x_wconf 89' lang='lat' dir='ltr'><strong>pudore</strong></span> <span class='ocrx_word' id='word_1_171' title='bbox 427 1162 619 1189; x_wconf 83' lang='lat' dir='ltr'><strong>demonstrant</strong></span> <span class='ocrx_word' id='word_1_172' title='bbox 645 1162 806 1195; x_wconf 85' lang='lat' dir='ltr'><strong>qualesnam</strong></span> <span class='ocrx_word' id='word_1_173' title='bbox 828 1163 906 1190; x_wconf 88' lang='lat' dir='ltr'><strong>sint:</strong></span> <span class='ocrx_word' id='word_1_174' title='bbox 931 1168 1014 1198; x_wconf 89' lang='lat' dir='ltr'><strong>utque</strong></span> 
     </span>
    </p>
   </div>
   <div class='ocr_carea' id='block_1_27' title="bbox 226 1207 1011 1243">
    <p class='ocr_par' dir='ltr' id='par_1_27' title="bbox 226 1207 1011 1243">
     <span class='ocr_line' id='line_1_27' title="bbox 226 1207 1011 1243; baseline 0 -7"><span class='ocrx_word' id='word_1_175' title='bbox 226 1210 280 1236; x_wconf 89' lang='lat' dir='ltr'><strong>hoc</strong></span> <span class='ocrx_word' id='word_1_176' title='bbox 292 1208 466 1236; x_wconf 83' lang='lat' dir='ltr'><strong>manifestius</strong></span> <span class='ocrx_word' id='word_1_177' title='bbox 482 1210 527 1240; x_wconf 90' lang='lat' dir='ltr'><strong>sit,</strong></span> <span class='ocrx_word' id='word_1_178' title='bbox 542 1207 671 1235; x_wconf 85' lang='lat' dir='ltr'><strong>absurdis</strong></span> <span class='ocrx_word' id='word_1_179' title='bbox 683 1207 742 1235; x_wconf 82' lang='lat' dir='ltr'><strong>suis</strong></span> <span class='ocrx_word' id='word_1_180' title='bbox 759 1208 889 1242; x_wconf 86' lang='lat' dir='ltr'><strong>operibus</strong></span> <span class='ocrx_word' id='word_1_181' title='bbox 903 1209 1011 1243; x_wconf 78' lang='lat' dir='ltr'><strong>signum</strong></span> 
     </span>
    </p>
   </div>
   <div class='ocr_carea' id='block_1_28' title="bbox 226 1253 1011 1289">
    <p class='ocr_par' dir='ltr' id='par_1_28' title="bbox 226 1253 1011 1289">
     <span class='ocr_line' id='line_1_28' title="bbox 226 1253 1011 1289; baseline 0 -9"><span class='ocrx_word' id='word_1_182' title='bbox 226 1254 290 1281; x_wconf 91' lang='lat' dir='ltr'><strong>illud</strong></span> <span class='ocrx_word' id='word_1_183' title='bbox 305 1253 489 1280; x_wconf 78' lang='lat' dir='ltr'><strong>conﬁrmant:</strong></span> <span class='ocrx_word' id='word_1_184' title='bbox 508 1259 608 1279; x_wconf 83' lang='lat' dir='ltr'><strong>manus</strong></span> <span class='ocrx_word' id='word_1_185' title='bbox 630 1253 702 1279; x_wconf 83' lang='lat' dir='ltr'><strong>enim</strong></span> <span class='ocrx_word' id='word_1_186' title='bbox 720 1253 855 1280; x_wconf 84' lang='lat' dir='ltr'><strong>actionem</strong></span> <span class='ocrx_word' id='word_1_187' title='bbox 870 1253 1011 1289; x_wconf 77' lang='lat' dir='ltr'><strong>designat.</strong></span> 
     </span>
    </p>
   </div>
   <div class='ocr_carea' id='block_1_29' title="bbox 206 1296 1011 1332">
    <p class='ocr_par' dir='ltr' id='par_1_29' title="bbox 206 1296 1011 1332">
     <span class='ocr_line' id='line_1_29' title="bbox 206 1296 1011 1332; baseline -0.001 -7"><span class='ocrx_word' id='word_1_188' title='bbox 206 1297 452 1332; x_wconf 73' lang='lat' dir='ltr'><strong>‘quemadmodum</strong></span> <span class='ocrx_word' id='word_1_189' title='bbox 476 1301 503 1323; x_wconf 87' lang='lat' dir='ltr'><strong>et</strong></span> <span class='ocrx_word' id='word_1_190' title='bbox 523 1303 570 1330; x_wconf 87' lang='lat' dir='ltr'><strong>pes</strong></span> <span class='ocrx_word' id='word_1_191' title='bbox 584 1299 687 1322; x_wconf 87' lang='lat' dir='ltr'><strong>certam</strong></span> <span class='ocrx_word' id='word_1_192' title='bbox 710 1296 859 1323; x_wconf 74' lang='lat' dir='ltr'><strong>finitionem</strong></span> <span class='ocrx_word' id='word_1_193' title='bbox 876 1304 908 1324; x_wconf 88' lang='lat' dir='ltr'><strong>ac</strong></span> <span class='ocrx_word' id='word_1_194' title='bbox 930 1304 1011 1331; x_wconf 74' lang='lat' dir='ltr'><strong>regu-</strong></span> 
     </span>
    </p>
   </div>
   <div class='ocr_carea' id='block_1_30' title="bbox 223 1340 1013 1377">
    <p class='ocr_par' dir='ltr' id='par_1_30' title="bbox 223 1340 1013 1377">
     <span class='ocr_line' id='line_1_30' title="bbox 223 1340 1013 1377; baseline -0.001 -7"><span class='ocrx_word' id='word_1_195' title='bbox 223 1344 289 1374; x_wconf 87' lang='lat' dir='ltr'><strong>lam,</strong></span> <span class='ocrx_word' id='word_1_196' title='bbox 311 1342 390 1377; x_wconf 84' lang='lat' dir='ltr'><strong>juxta</strong></span> <span class='ocrx_word' id='word_1_197' title='bbox 408 1341 473 1369; x_wconf 85' lang='lat' dir='ltr'><strong>illud</strong></span> <span class='ocrx_word' id='word_1_198' title='bbox 490 1341 565 1376; x_wconf 88' lang='lat' dir='ltr'><strong>quod</strong></span> <span class='ocrx_word' id='word_1_199' title='bbox 591 1340 694 1368; x_wconf 86' lang='lat' dir='ltr'><strong>dictum</strong></span> <span class='ocrx_word' id='word_1_200' title='bbox 717 1344 783 1368; x_wconf 87' lang='lat' dir='ltr'><strong>est:</strong></span> <span class='ocrx_word' id='word_1_201' title='bbox 812 1350 820 1366; x_wconf 82' lang='grc' dir='ltr'><strong>ι</strong></span> <span class='ocrx_word' id='word_1_202' title='bbox 841 1340 900 1369; x_wconf 83' lang='lat' dir='ltr'><strong>Non</strong></span> <span class='ocrx_word' id='word_1_203' title='bbox 921 1343 1013 1369; x_wconf 82' lang='lat' dir='ltr'><strong>veniat</strong></span> 
     </span>
    </p>
   </div>
   <div class='ocr_carea' id='block_1_31' title="bbox 223 1387 1010 1422">
    <p class='ocr_par' dir='ltr' id='par_1_31' title="bbox 223 1387 1010 1422">
     <span class='ocr_line' id='line_1_31' title="bbox 223 1387 1010 1422; baseline 0 -7"><span class='ocrx_word' id='word_1_204' title='bbox 223 1389 289 1415; x_wconf 89' lang='lat' dir='ltr'><strong>mihi</strong></span> <span class='ocrx_word' id='word_1_205' title='bbox 308 1395 356 1422; x_wconf 86' lang='lat' dir='ltr'><strong>pes</strong></span> <span class='ocrx_word' id='word_1_206' title='bbox 377 1387 523 1422; x_wconf 76' lang='lat' dir='ltr'><strong>superbiae,</strong></span> <span class='ocrx_word' id='word_1_207' title='bbox 538 1392 566 1414; x_wconf 87' lang='lat' dir='ltr'><strong>et</strong></span> <span class='ocrx_word' id='word_1_208' title='bbox 590 1394 686 1414; x_wconf 83' lang='lat' dir='ltr'><strong>manus</strong></span> <span class='ocrx_word' id='word_1_209' title='bbox 709 1387 862 1421; x_wconf 78' lang='lat' dir='ltr'><strong>peccatoris</strong></span> <span class='ocrx_word' id='word_1_210' title='bbox 877 1395 930 1415; x_wconf 95' lang='lat' dir='ltr'><strong>non</strong></span> <span class='ocrx_word' id='word_1_211' title='bbox 953 1396 1010 1415; x_wconf 88' lang='lat' dir='ltr'><strong>mo-</strong></span> 
     </span>
    </p>
   </div>
   <div class='ocr_carea' id='block_1_32' title="bbox 222 1432 1009 1468">
    <p class='ocr_par' dir='ltr' id='par_1_32' title="bbox 222 1432 1009 1468">
     <span class='ocr_line' id='line_1_32' title="bbox 222 1432 1009 1468; baseline -0.001 -7"><span class='ocrx_word' id='word_1_212' title='bbox 222 1438 284 1462; x_wconf 71' lang='lat' dir='ltr'><strong>veat</strong></span> <span class='ocrx_word' id='word_1_213' title='bbox 306 1433 394 1460; x_wconf 81' lang='lat' dir='ltr'><strong>me“.</strong></span> <span class='ocrx_word' id='word_1_214' title='bbox 415 1442 425 1459; x_wconf 78' lang='grc' dir='ltr'><strong>ι</strong></span> <span class='ocrx_word' id='word_1_215' title='bbox 455 1432 590 1465; x_wconf 85' lang='lat' dir='ltr'><strong>Quoniam</strong></span> <span class='ocrx_word' id='word_1_216' title='bbox 617 1439 683 1466; x_wconf 78' lang='lat' dir='ltr'><strong>ergo</strong></span> <span class='ocrx_word' id='word_1_217' title='bbox 705 1432 732 1459; x_wconf 94' lang='lat' dir='ltr'><strong>hi</strong></span> <span class='ocrx_word' id='word_1_218' title='bbox 759 1439 813 1459; x_wconf 91' lang='lat' dir='ltr'><strong>non</strong></span> <span class='ocrx_word' id='word_1_219' title='bbox 831 1438 897 1460; x_wconf 89' lang='lat' dir='ltr'><strong>sunt</strong></span> <span class='ocrx_word' id='word_1_220' title='bbox 920 1434 1009 1468; x_wconf 89' lang='lat' dir='ltr'><strong>capti,</strong></span> 
     </span>
    </p>
   </div>
   <div class='ocr_carea' id='block_1_33' title="bbox 223 1477 1010 1513">
    <p class='ocr_par' dir='ltr' id='par_1_33' title="bbox 223 1477 1010 1513">
     <span class='ocr_line' id='line_1_33' title="bbox 223 1477 1010 1513; baseline 0 -7"><span class='ocrx_word' id='word_1_221' title='bbox 223 1486 312 1513; x_wconf 84' lang='lat' dir='ltr'><strong>neque</strong></span> <span class='ocrx_word' id='word_1_222' title='bbox 325 1486 372 1513; x_wconf 87' lang='lat' dir='ltr'><strong>per</strong></span> <span class='ocrx_word' id='word_1_223' title='bbox 386 1478 592 1513; x_wconf 71' lang='lat' dir='ltr'><strong>,impudentiam</strong></span> <span class='ocrx_word' id='word_1_224' title='bbox 616 1477 746 1512; x_wconf 74' lang='lat' dir='ltr'><strong>insiguati</strong></span> <span class='ocrx_word' id='word_1_225' title='bbox 763 1477 845 1511; x_wconf 87' lang='lat' dir='ltr'><strong>malo,</strong></span> <span class='ocrx_word' id='word_1_226' title='bbox 862 1485 951 1513; x_wconf 87' lang='lat' dir='ltr'><strong>neque</strong></span> <span class='ocrx_word' id='word_1_227' title='bbox 963 1486 1010 1513; x_wconf 84' lang='lat' dir='ltr'><strong>per</strong></span> 
     </span>
    </p>
   </div>
   <div class='ocr_carea' id='block_1_34' title="bbox 221 1523 1010 1558">
    <p class='ocr_par' dir='ltr' id='par_1_34' title="bbox 221 1523 1010 1558">
     <span class='ocr_line' id='line_1_34' title="bbox 221 1523 1010 1558; baseline 0 -7"><span class='ocrx_word' id='word_1_228' title='bbox 221 1532 314 1558; x_wconf 80' lang='lat' dir='ltr'><strong>opera,</strong></span> <span class='ocrx_word' id='word_1_229' title='bbox 332 1523 430 1550; x_wconf 88' lang='lat' dir='ltr'><strong>merito</strong></span> <span class='ocrx_word' id='word_1_230' title='bbox 445 1527 473 1549; x_wconf 91' lang='lat' dir='ltr'><strong>et</strong></span> <span class='ocrx_word' id='word_1_231' title='bbox 485 1523 612 1549; x_wconf 81' lang='lat' dir='ltr'><strong>vixerunt</strong></span> <span class='ocrx_word' id='word_1_232' title='bbox 622 1527 648 1549; x_wconf 88' lang='lat' dir='ltr'><strong>et</strong></span> <span class='ocrx_word' id='word_1_233' title='bbox 662 1527 814 1557; x_wconf 81' lang='lat' dir='ltr'><strong>regnarunt</strong></span> <span class='ocrx_word' id='word_1_234' title='bbox 825 1531 886 1551; x_wconf 88' lang='lat' dir='ltr'><strong>cum</strong></span> <span class='ocrx_word' id='word_1_235' title='bbox 901 1524 1010 1551; x_wconf 89' lang='lat' dir='ltr'><strong>Christo</strong></span> 
     </span>
    </p>
   </div>
   <div class='ocr_carea' id='block_1_35' title="bbox 222 1566 1011 1603">
    <p class='ocr_par' dir='ltr' id='par_1_35' title="bbox 222 1566 1011 1603">
     <span class='ocr_line' id='line_1_35' title="bbox 222 1566 1011 1603; baseline -0.004 -7"><span class='ocrx_word' id='word_1_236' title='bbox 222 1576 310 1603; x_wconf 81' lang='lat' dir='ltr'><strong>usque</strong></span> <span class='ocrx_word' id='word_1_237' title='bbox 329 1568 361 1594; x_wconf 82' lang='lat' dir='ltr'><strong>ad</strong></span> <span class='ocrx_word' id='word_1_238' title='bbox 382 1566 648 1594; x_wconf 83' lang='lat' dir='ltr'><strong>consummationem</strong></span> <span class='ocrx_word' id='word_1_239' title='bbox 668 1567 774 1595; x_wconf 82' lang='lat' dir='ltr'><strong>saeculi.</strong></span> <span class='ocrx_word' id='word_1_240' title='bbox 796 1566 863 1594; x_wconf 83' lang='lat' dir='ltr'><strong>Nam</strong></span> <span class='ocrx_word' id='word_1_241' title='bbox 886 1567 957 1594; x_wconf 85' lang='lat' dir='ltr'><strong>sicut</strong></span> <span class='ocrx_word' id='word_1_242' title='bbox 972 1569 1011 1593; x_wconf 86' lang='lat' dir='ltr'><strong>vi-</strong></span> 
     </span>
    </p>
   </div>
   <div class='ocr_carea' id='block_1_36' title="bbox 221 1611 1011 1647">
    <p class='ocr_par' dir='ltr' id='par_1_36' title="bbox 221 1611 1011 1647">
     <span class='ocr_line' id='line_1_36' title="bbox 221 1611 1011 1647; baseline -0.004 -6"><span class='ocrx_word' id='word_1_243' title='bbox 221 1615 329 1645; x_wconf 87' lang='lat' dir='ltr'><strong>demus,</strong></span> <span class='ocrx_word' id='word_1_244' title='bbox 340 1612 392 1639; x_wconf 89' lang='lat' dir='ltr'><strong>sub</strong></span> <span class='ocrx_word' id='word_1_245' title='bbox 402 1611 514 1647; x_wconf 67' lang='lat' dir='ltr'><strong>regibus</strong></span> <span class='ocrx_word' id='word_1_246' title='bbox 524 1618 635 1646; x_wconf 81' lang='lat' dir='ltr'><strong>quoque</strong></span> <span class='ocrx_word' id='word_1_247' title='bbox 652 1611 779 1639; x_wconf 81' lang='lat' dir='ltr'><strong>ﬁdelibus</strong></span> <span class='ocrx_word' id='word_1_248' title='bbox 797 1619 829 1638; x_wconf 86' lang='lat' dir='ltr'><strong>ac</strong></span> <span class='ocrx_word' id='word_1_249' title='bbox 843 1612 1011 1646; x_wconf 78' lang='lat' dir='ltr'><strong>principibus</strong></span> 
     </span>
    </p>
   </div>
   <div class='ocr_carea' id='block_1_37' title="bbox 223 1656 1009 1692">
    <p class='ocr_par' dir='ltr' id='par_1_37' title="bbox 223 1656 1009 1692">
     <span class='ocr_line' id='line_1_37' title="bbox 223 1656 1009 1692; baseline -0.001 -7"><span class='ocrx_word' id='word_1_250' title='bbox 223 1659 248 1685; x_wconf 72' lang='lat' dir='ltr'><strong>lii</strong></span> <span class='ocrx_word' id='word_1_251' title='bbox 266 1659 313 1692; x_wconf 90' lang='lat' dir='ltr'><strong>qui</strong></span> <span class='ocrx_word' id='word_1_252' title='bbox 330 1658 457 1690; x_wconf 87' lang='lat' dir='ltr'><strong>adorant,</strong></span> <span class='ocrx_word' id='word_1_253' title='bbox 470 1657 554 1683; x_wconf 89' lang='lat' dir='ltr'><strong>etiam</strong></span> <span class='ocrx_word' id='word_1_254' title='bbox 571 1656 704 1684; x_wconf 86' lang='lat' dir='ltr'><strong>adversus</strong></span> <span class='ocrx_word' id='word_1_255' title='bbox 717 1663 826 1683; x_wconf 88' lang='lat' dir='ltr'><strong>omnem</strong></span> <span class='ocrx_word' id='word_1_256' title='bbox 842 1657 1009 1691; x_wconf 80' lang='lat' dir='ltr'><strong>corporalem</strong></span> 
     </span>
    </p>
   </div>
   <div class='ocr_carea' id='block_1_38' title="bbox 222 1702 1011 1737">
    <p class='ocr_par' dir='ltr' id='par_1_38' title="bbox 222 1702 1011 1737">
     <span class='ocr_line' id='line_1_38' title="bbox 222 1702 1011 1737; baseline -0.004 -5"><span class='ocrx_word' id='word_1_257' title='bbox 222 1704 437 1732; x_wconf 81' lang='lat' dir='ltr'><strong>imbecillitatem</strong></span> <span class='ocrx_word' id='word_1_258' title='bbox 451 1707 480 1730; x_wconf 91' lang='lat' dir='ltr'><strong>et</strong></span> <span class='ocrx_word' id='word_1_259' title='bbox 493 1702 690 1730; x_wconf 68' lang='lat' dir='ltr'><strong>damoniacam</strong></span> <span class='ocrx_word' id='word_1_260' title='bbox 707 1702 906 1737; x_wconf 87' lang='lat' dir='ltr'><strong>operationem,</strong></span> <span class='ocrx_word' id='word_1_261' title='bbox 921 1707 1011 1730; x_wconf 78' lang='lat' dir='ltr'><strong>osten-</strong></span> 
     </span>
    </p>
   </div>
   <div class='ocr_carea' id='block_1_39' title="bbox 220 1747 1009 1782">
    <p class='ocr_par' dir='ltr' id='par_1_39' title="bbox 220 1747 1009 1782">
     <span class='ocr_line' id='line_1_39' title="bbox 220 1747 1009 1782; baseline -0.004 -5"><span class='ocrx_word' id='word_1_262' title='bbox 220 1750 290 1777; x_wconf 87' lang='lat' dir='ltr'><strong>dunt</strong></span> <span class='ocrx_word' id='word_1_263' title='bbox 305 1751 396 1777; x_wconf 77' lang='lat' dir='ltr'><strong>(latam</strong></span> <span class='ocrx_word' id='word_1_264' title='bbox 422 1756 436 1775; x_wconf 88' lang='lat' dir='ltr'><strong>a</strong></span> <span class='ocrx_word' id='word_1_265' title='bbox 458 1747 514 1774; x_wconf 83' lang='lat' dir='ltr'><strong>Deo</strong></span> <span class='ocrx_word' id='word_1_266' title='bbox 528 1747 655 1782; x_wconf 74' lang='lat' dir='ltr'><strong>gratiam.</strong></span> <span class='ocrx_word' id='word_1_267' title='bbox 671 1747 818 1780; x_wconf 85' lang='lat' dir='ltr'><strong>Quoniam,</strong></span> <span class='ocrx_word' id='word_1_268' title='bbox 834 1748 933 1782; x_wconf 86' lang='lat' dir='ltr'><strong>inquit,</strong></span> <span class='ocrx_word' id='word_1_269' title='bbox 957 1756 1009 1774; x_wconf 88' lang='lat' dir='ltr'><strong>non</strong></span> 
     </span>
    </p>
   </div>
   <div class='ocr_carea' id='block_1_40' title="bbox 219 1793 1010 1828">
    <p class='ocr_par' dir='ltr' id='par_1_40' title="bbox 219 1793 1010 1828">
     <span class='ocr_line' id='line_1_40' title="bbox 219 1793 1010 1828; baseline -0.001 -6"><span class='ocrx_word' id='word_1_270' title='bbox 219 1797 403 1822; x_wconf 83' lang='lat' dir='ltr'><strong>adoraverunt</strong></span> <span class='ocrx_word' id='word_1_271' title='bbox 418 1794 535 1821; x_wconf 88' lang='lat' dir='ltr'><strong>bestiatn</strong></span> <span class='ocrx_word' id='word_1_272' title='bbox 561 1797 589 1820; x_wconf 92' lang='lat' dir='ltr'><strong>et</strong></span> <span class='ocrx_word' id='word_1_273' title='bbox 611 1793 756 1827; x_wconf 84' lang='lat' dir='ltr'><strong>imaginem</strong></span> <span class='ocrx_word' id='word_1_274' title='bbox 777 1793 848 1828; x_wconf 86' lang='lat' dir='ltr'><strong>ejus,</strong></span> <span class='ocrx_word' id='word_1_275' title='bbox 870 1798 1010 1828; x_wconf 70' lang='lat' dir='ltr'><strong>propterea</strong></span> 
     </span>
    </p>
   </div>
   <div class='ocr_carea' id='block_1_41' title="bbox 221 1838 1010 1873">
    <p class='ocr_par' dir='ltr' id='par_1_41' title="bbox 221 1838 1010 1873">
     <span class='ocr_line' id='line_1_41' title="bbox 221 1838 1010 1873; baseline -0.001 -6"><span class='ocrx_word' id='word_1_276' title='bbox 221 1840 303 1867; x_wconf 85' lang='lat' dir='ltr'><strong>etiam</strong></span> <span class='ocrx_word' id='word_1_277' title='bbox 322 1840 460 1871; x_wconf 86' lang='lat' dir='ltr'><strong>vixerunt,</strong></span> <span class='ocrx_word' id='word_1_278' title='bbox 476 1838 528 1865; x_wconf 89' lang='lat' dir='ltr'><strong>hoc</strong></span> <span class='ocrx_word' id='word_1_279' title='bbox 541 1841 600 1868; x_wconf 86' lang='lat' dir='ltr'><strong>est.</strong></span> <span class='ocrx_word' id='word_1_280' title='bbox 615 1838 764 1865; x_wconf 82' lang='lat' dir='ltr'><strong>viventium</strong></span> <span class='ocrx_word' id='word_1_281' title='bbox 781 1845 864 1873; x_wconf 91' lang='lat' dir='ltr'><strong>opera</strong></span> <span class='ocrx_word' id='word_1_282' title='bbox 881 1846 1010 1866; x_wconf 78' lang='lat' dir='ltr'><strong>exercue-</strong></span> 
     </span>
    </p>
   </div>
   <div class='ocr_carea' id='block_1_42' title="bbox 221 1884 1008 1919">
    <p class='ocr_par' dir='ltr' id='par_1_42' title="bbox 221 1884 1008 1919">
     <span class='ocr_line' id='line_1_42' title="bbox 221 1884 1008 1919; baseline 0.001 -8"><span class='ocrx_word' id='word_1_283' title='bbox 221 1891 296 1916; x_wconf 86' lang='lat' dir='ltr'><strong>runt,</strong></span> <span class='ocrx_word' id='word_1_284' title='bbox 310 1884 504 1911; x_wconf 88' lang='lat' dir='ltr'><strong>miraculorum</strong></span> <span class='ocrx_word' id='word_1_285' title='bbox 522 1884 650 1911; x_wconf 86' lang='lat' dir='ltr'><strong>videlicet</strong></span> <span class='ocrx_word' id='word_1_286' title='bbox 665 1884 848 1919; x_wconf 89' lang='lat' dir='ltr'><strong>operationes.</strong></span> <span class='ocrx_word' id='word_1_287' title='bbox 864 1884 949 1911; x_wconf 85' lang='lat' dir='ltr'><strong>Porro</strong></span> <span class='ocrx_word' id='word_1_288' title='bbox 963 1885 1008 1912; x_wconf 86' lang='lat' dir='ltr'><strong>he-</strong></span> 
     </span>
    </p>
   </div>
   <div class='ocr_carea' id='block_1_43' title="bbox 209 1929 1008 1965">
    <p class='ocr_par' dir='ltr' id='par_1_43' title="bbox 209 1929 1008 1965">
     <span class='ocr_line' id='line_1_43' title="bbox 209 1929 1008 1965; baseline 0 -7"><span class='ocrx_word' id='word_1_289' title='bbox 209 1931 301 1965; x_wconf 44' lang='lat' dir='ltr'><strong>,stiam</strong></span> <span class='ocrx_word' id='word_1_290' title='bbox 314 1934 342 1958; x_wconf 88' lang='lat' dir='ltr'><strong>et</strong></span> <span class='ocrx_word' id='word_1_291' title='bbox 357 1929 504 1965; x_wconf 81' lang='lat' dir='ltr'><strong>imaginem</strong></span> <span class='ocrx_word' id='word_1_292' title='bbox 519 1929 615 1956; x_wconf 74' lang='lat' dir='ltr'><strong>bestiae</strong></span> <span class='ocrx_word' id='word_1_293' title='bbox 628 1933 656 1956; x_wconf 76' lang='lat' dir='ltr'><strong>et</strong></span> <span class='ocrx_word' id='word_1_294' title='bbox 668 1929 816 1957; x_wconf 84' lang='lat' dir='ltr'><strong>draconem</strong></span> <span class='ocrx_word' id='word_1_295' title='bbox 832 1929 898 1957; x_wconf 90' lang='lat' dir='ltr'><strong>dicit</strong></span> <span class='ocrx_word' id='word_1_296' title='bbox 912 1930 1008 1958; x_wconf 90' lang='lat' dir='ltr'><strong>diabo-</strong></span> 
     </span>
    </p>
   </div>
   <div class='ocr_carea' id='block_1_44' title="bbox 220 1976 876 2010">
    <p class='ocr_par' dir='ltr' id='par_1_44' title="bbox 220 1976 876 2010">
     <span class='ocr_line' id='line_1_44' title="bbox 220 1976 876 2010; baseline -0.002 -6"><span class='ocrx_word' id='word_1_297' title='bbox 220 1978 275 2004; x_wconf 92' lang='lat' dir='ltr'><strong>lum</strong></span> <span class='ocrx_word' id='word_1_298' title='bbox 292 1980 319 2004; x_wconf 89' lang='lat' dir='ltr'><strong>et</strong></span> <span class='ocrx_word' id='word_1_299' title='bbox 331 1976 530 2003; x_wconf 81' lang='lat' dir='ltr'><strong>Antichristum</strong></span> <span class='ocrx_word' id='word_1_300' title='bbox 549 1983 581 2003; x_wconf 82' lang='lat' dir='ltr'><strong>ac</strong></span> <span class='ocrx_word' id='word_1_301' title='bbox 597 1976 876 2010; x_wconf 86' lang='lat' dir='ltr'><strong>pseudoprophetam.</strong></span> 
     </span>
    </p>
   </div>
   <div class='ocr_carea' id='block_1_45' title="bbox 501 2021 723 2050">
    <p class='ocr_par' dir='ltr' id='par_1_45' title="bbox 501 2021 723 2050">
     <span class='ocr_line' id='line_1_45' title="bbox 501 2021 723 2050; baseline 0.009 -2"><span class='ocrx_word' id='word_1_302' title='bbox 501 2021 617 2049; x_wconf 72' lang='lat' dir='ltr'><strong>CAPUT</strong></span> <span class='ocrx_word' id='word_1_303' title='bbox 643 2022 723 2050; x_wconf 80' lang='lat' dir='ltr'><strong>LXII.</strong></span> 
     </span>
    </p>
   </div>
   <div class='ocr_carea' id='block_1_46' title="bbox 240 2079 979 2115">
    <p class='ocr_par' dir='ltr' id='par_1_46' title="bbox 240 2079 979 2115">
     <span class='ocr_line' id='line_1_46' title="bbox 240 2079 979 2115; baseline -0.001 -7"><span class='ocrx_word' id='word_1_304' title='bbox 240 2081 306 2114; x_wconf 75' lang='lat' dir='ltr'><strong>Qua:</strong></span> <span class='ocrx_word' id='word_1_305' title='bbox 324 2081 358 2108; x_wconf 78' lang='lat' dir='ltr'><strong>sit</strong></span> <span class='ocrx_word' id='word_1_306' title='bbox 378 2080 464 2115; x_wconf 81' lang='lat' dir='ltr'><strong>prima</strong></span> <span class='ocrx_word' id='word_1_307' title='bbox 481 2081 648 2113; x_wconf 66' lang='lat' dir='ltr'><strong>resurrectio,</strong></span> <span class='ocrx_word' id='word_1_308' title='bbox 663 2085 687 2107; x_wconf 76' lang='lat' dir='ltr'><strong>et</strong></span> <span class='ocrx_word' id='word_1_309' title='bbox 704 2088 762 2115; x_wconf 71' lang='lat' dir='ltr'><strong>qum</strong></span> <span class='ocrx_word' id='word_1_310' title='bbox 777 2079 890 2108; x_wconf 76' lang='lat' dir='ltr'><strong>secunda</strong></span> <span class='ocrx_word' id='word_1_311' title='bbox 908 2089 979 2108; x_wconf 71' lang='lat' dir='ltr'><strong>mars</strong></span> 
     </span>
    </p>
   </div>
   <div class='ocr_carea' id='block_1_47' title="bbox 251 2168 1007 2202">
    <p class='ocr_par' dir='ltr' id='par_1_47' title="bbox 251 2168 1007 2202">
     <span class='ocr_line' id='line_1_47' title="bbox 251 2168 1007 2202; baseline 0 -6"><span class='ocrx_word' id='word_1_312' title='bbox 251 2169 310 2202; x_wconf 76' lang='lat' dir='ltr'><strong>XX,</strong></span> <span class='ocrx_word' id='word_1_313' title='bbox 332 2169 357 2202; x_wconf 85' lang='lat'><strong>5,</strong></span> <span class='ocrx_word' id='word_1_314' title='bbox 373 2169 399 2196; x_wconf 85' lang='lat'><strong>6.</strong></span> <span class='ocrx_word' id='word_1_315' title='bbox 416 2168 512 2196; x_wconf 80' lang='lat' dir='ltr'><strong>theri</strong></span> <span class='ocrx_word' id='word_1_316' title='bbox 531 2177 589 2196; x_wconf 69' lang='lat' dir='ltr'><strong>vero</strong></span> <span class='ocrx_word' id='word_1_317' title='bbox 610 2168 708 2195; x_wconf 88' lang='lat' dir='ltr'><strong>mortui</strong></span> <span class='ocrx_word' id='word_1_318' title='bbox 725 2177 774 2195; x_wconf 87' lang='lat' dir='ltr'><strong>non</strong></span> <span class='ocrx_word' id='word_1_319' title='bbox 791 2170 910 2196; x_wconf 72' lang='lat' dir='ltr'><strong>vixerunt</strong></span> <span class='ocrx_word' id='word_1_320' title='bbox 926 2172 1007 2197; x_wconf 75' lang='lat' dir='ltr'><strong>donec</strong></span> 
     </span>
    </p>
   </div>
   <div class='ocr_carea' id='block_1_48' title="bbox 1070 256 1862 292">
    <p class='ocr_par' dir='ltr' id='par_1_48' title="bbox 1070 256 1862 292">
     <span class='ocr_line' id='line_1_48' title="bbox 1070 256 1862 292; baseline 0.001 -10"><span class='ocrx_word' id='word_1_321' title='bbox 1070 257 1118 282; x_wconf 75' lang='grc' dir='ltr'>καὶ</span> <span class='ocrx_word' id='word_1_322' title='bbox 1130 256 1244 290; x_wconf 84' lang='grc' dir='ltr'>βέλτιον,</span> <span class='ocrx_word' id='word_1_323' title='bbox 1258 257 1283 282; x_wconf 87' lang='grc' dir='ltr'>οἱ</span> <span class='ocrx_word' id='word_1_324' title='bbox 1298 256 1336 290; x_wconf 85' lang='grc' dir='ltr'>τῷ</span> <span class='ocrx_word' id='word_1_325' title='bbox 1351 257 1453 291; x_wconf 85' lang='grc' dir='ltr'><strong>χείρονι</strong></span> <span class='ocrx_word' id='word_1_326' title='bbox 1467 257 1633 291; x_wconf 75' lang='grc' dir='ltr'>ὲνεχὸμενοι,</span> <span class='ocrx_word' id='word_1_327' title='bbox 1650 257 1680 282; x_wconf 79' lang='grc' dir='ltr'><strong>οὐ</strong></span> <span class='ocrx_word' id='word_1_328' title='bbox 1704 257 1753 292; x_wconf 79' lang='grc' dir='ltr'><strong>τῆς</strong></span> <span class='ocrx_word' id='word_1_329' title='bbox 1766 258 1862 292; x_wconf 70' lang='grc' dir='ltr'>τυχοὺο</span> 
     </span>
    </p>
   </div>
   <div class='ocr_carea' id='block_1_49' title="bbox 1072 301 1862 337">
    <p class='ocr_par' dir='ltr' id='par_1_49' title="bbox 1072 301 1862 337">
     <span class='ocr_line' id='line_1_49' title="bbox 1072 301 1862 337; baseline 0.003 -11"><span class='ocrx_word' id='word_1_330' title='bbox 1072 308 1120 335; x_wconf 82' lang='grc' dir='ltr'>σης</span> <span class='ocrx_word' id='word_1_331' title='bbox 1140 301 1209 333; x_wconf 72' lang='grc' dir='ltr'>ἄξιοι</span> <span class='ocrx_word' id='word_1_332' title='bbox 1226 301 1373 336; x_wconf 82' lang='grc' dir='ltr'><strong>τιμωρίας,</strong></span> <span class='ocrx_word' id='word_1_333' title='bbox 1389 302 1431 328; x_wconf 80' lang='grc' dir='ltr'><strong>ὃτι</strong></span> <span class='ocrx_word' id='word_1_334' title='bbox 1449 301 1487 336; x_wconf 84' lang='grc' dir='ltr'><strong>μὴ</strong></span> <span class='ocrx_word' id='word_1_335' title='bbox 1500 302 1556 332; x_wconf 78' lang='grc' dir='ltr'>τοῖς</span> <span class='ocrx_word' id='word_1_336' title='bbox 1571 302 1730 336; x_wconf 77' lang='grc' dir='ltr'>ὁμογενέσιν</span> <span class='ocrx_word' id='word_1_337' title='bbox 1751 303 1862 337; x_wconf 78' lang='grc' dir='ltr'>ἑναμιλ-</span> 
     </span>
    </p>
   </div>
   <div class='ocr_carea' id='block_1_50' title="bbox 1070 344 1860 382">
    <p class='ocr_par' dir='ltr' id='par_1_50' title="bbox 1070 344 1860 382">
     <span class='ocr_line' id='line_1_50' title="bbox 1070 344 1860 382; baseline 0.005 -12"><span class='ocrx_word' id='word_1_338' title='bbox 1070 344 1170 371; x_wconf 78' lang='grc' dir='ltr'>λῶνται</span> <span class='ocrx_word' id='word_1_339' title='bbox 1184 346 1402 380; x_wconf 82' lang='grc' dir='ltr'>κατωρθοκότες.</span> <span class='ocrx_word' id='word_1_340' title='bbox 1420 347 1515 381; x_wconf 89' lang='grc' dir='ltr'>Κρῖμα</span> <span class='ocrx_word' id='word_1_341' title='bbox 1531 346 1620 373; x_wconf 86' lang='grc' dir='ltr'>τοίνυν</span> <span class='ocrx_word' id='word_1_342' title='bbox 1636 347 1746 382; x_wconf 85' lang='grc' dir='ltr'>δοθῆναι</span> <span class='ocrx_word' id='word_1_343' title='bbox 1768 348 1860 379; x_wconf 77' lang='grc' dir='ltr'>αὐτοῖς</span> 
     </span>
    </p>
   </div>
   <div class='ocr_carea' id='block_1_51' title="bbox 1070 389 1860 428">
    <p class='ocr_par' dir='ltr' id='par_1_51' title="bbox 1070 389 1860 428">
     <span class='ocr_line' id='line_1_51' title="bbox 1070 389 1860 428; baseline 0.004 -12"><span class='ocrx_word' id='word_1_344' title='bbox 1070 389 1131 416; x_wconf 75' lang='grc' dir='ltr'>ἀντὶ</span> <span class='ocrx_word' id='word_1_345' title='bbox 1149 389 1195 416; x_wconf 81' lang='grc' dir='ltr'><strong>τοῦ</strong></span> <span class='ocrx_word' id='word_1_346' title='bbox 1212 391 1399 426; x_wconf 76' lang='grc' dir='ltr'><strong>κατακρίνειν,</strong></span> <span class='ocrx_word' id='word_1_347' title='bbox 1414 390 1451 422; x_wconf 76' lang='grc' dir='ltr'><strong>ὡς</strong></span> <span class='ocrx_word' id='word_1_348' title='bbox 1466 391 1504 426; x_wconf 84' lang='grc' dir='ltr'>μὴ</span> <span class='ocrx_word' id='word_1_349' title='bbox 1521 392 1601 425; x_wconf 84' lang='grc' dir='ltr'>μόνον</span> <span class='ocrx_word' id='word_1_350' title='bbox 1619 391 1804 426; x_wconf 75' lang='grc' dir='ltr'><strong>ἐθελήσαντας</strong></span> <span class='ocrx_word' id='word_1_351' title='bbox 1821 393 1860 428; x_wconf 81' lang='grc' dir='ltr'><strong>τῷ</strong></span> 
     </span>
    </p>
   </div>
   <div class='ocr_carea' id='block_1_52' title="bbox 1071 435 1860 472">
    <p class='ocr_par' dir='ltr' id='par_1_52' title="bbox 1071 435 1860 472">
     <span class='ocr_line' id='line_1_52' title="bbox 1071 435 1860 472; baseline 0.005 -11"><span class='ocrx_word' id='word_1_352' title='bbox 1071 435 1202 470; x_wconf 80' lang='grc' dir='ltr'><strong>εὐεργέτῃ</strong></span> <span class='ocrx_word' id='word_1_353' title='bbox 1216 436 1325 471; x_wconf 82' lang='grc' dir='ltr'><strong>Χριστῷ</strong></span> <span class='ocrx_word' id='word_1_354' title='bbox 1338 436 1521 471; x_wconf 84' lang='grc' dir='ltr'>ἀκολουθῆσαι</span> <span class='ocrx_word' id='word_1_355' title='bbox 1536 437 1590 468; x_wconf 81' lang='grc' dir='ltr'>τοῖς</span> <span class='ocrx_word' id='word_1_356' title='bbox 1602 438 1782 472; x_wconf 79' lang='grc' dir='ltr'>προφητικοτς</span> <span class='ocrx_word' id='word_1_357' title='bbox 1796 439 1860 465; x_wconf 83' lang='grc' dir='ltr'><strong>ἑπό-</strong></span> 
     </span>
    </p>
   </div>
   <div class='ocr_carea' id='block_1_53' title="bbox 1072 481 1861 517">
    <p class='ocr_par' dir='ltr' id='par_1_53' title="bbox 1072 481 1861 517">
     <span class='ocr_line' id='line_1_53' title="bbox 1072 481 1861 517; baseline 0.004 -11"><span class='ocrx_word' id='word_1_358' title='bbox 1072 489 1147 514; x_wconf 86' lang='grc' dir='ltr'>μενοι</span> <span class='ocrx_word' id='word_1_359' title='bbox 1172 483 1317 516; x_wconf 81' lang='grc' dir='ltr'><strong>χρησμοῖς,</strong></span> <span class='ocrx_word' id='word_1_360' title='bbox 1341 481 1397 508; x_wconf 81' lang='grc' dir='ltr'>ἀλλ’</span> <span class='ocrx_word' id='word_1_361' title='bbox 1413 482 1464 517; x_wconf 72' lang='grc' dir='ltr'>ἠδη</span> <span class='ocrx_word' id='word_1_362' title='bbox 1496 482 1544 508; x_wconf 75' lang='grc' dir='ltr'>καὶ</span> <span class='ocrx_word' id='word_1_363' title='bbox 1568 482 1732 514; x_wconf 86' lang='grc' dir='ltr'>ἀπεναντίας</span> <span class='ocrx_word' id='word_1_364' title='bbox 1757 483 1861 510; x_wconf 87' lang='grc' dir='ltr'>τούτων</span> 
     </span>
    </p>
   </div>
   <div class='ocr_carea' id='block_1_54' title="bbox 1070 524 1861 563">
    <p class='ocr_par' dir='ltr' id='par_1_54' title="bbox 1070 524 1861 563">
     <span class='ocr_line' id='line_1_54' title="bbox 1070 524 1861 563; baseline 0.005 -13"><span class='ocrx_word' id='word_1_365' title='bbox 1070 524 1204 559; x_wconf 83' lang='grc' dir='ltr'>χωρῆσαι.</span> <span class='ocrx_word' id='word_1_366' title='bbox 1228 526 1434 562; x_wconf 84' lang='grc' dir='ltr'>Κατακριθῆναι</span> <span class='ocrx_word' id='word_1_367' title='bbox 1463 527 1491 553; x_wconf 83' lang='grc' dir='ltr'>δὲ</span> <span class='ocrx_word' id='word_1_368' title='bbox 1517 527 1564 553; x_wconf 78' lang='grc' dir='ltr'>καὶ</span> <span class='ocrx_word' id='word_1_369' title='bbox 1579 526 1622 553; x_wconf 65' lang='grc' dir='ltr'>διὰ</span> <span class='ocrx_word' id='word_1_370' title='bbox 1640 527 1689 558; x_wconf 83' lang='grc' dir='ltr'><strong>τὰς</strong></span> <span class='ocrx_word' id='word_1_371' title='bbox 1703 527 1792 563; x_wconf 76' lang='grc' dir='ltr'>ψυχὰς</span> <span class='ocrx_word' id='word_1_372' title='bbox 1807 528 1861 554; x_wconf 89' lang='grc' dir='ltr'><strong>τῶν</strong></span> 
     </span>
    </p>
   </div>
   <div class='ocr_carea' id='block_1_55' title="bbox 1071 570 1860 608">
    <p class='ocr_par' dir='ltr' id='par_1_55' title="bbox 1071 570 1860 608">
     <span class='ocr_line' id='line_1_55' title="bbox 1071 570 1860 608; baseline 0.006 -13"><span class='ocrx_word' id='word_1_373' title='bbox 1071 570 1310 604; x_wconf 77' lang='grc' dir='ltr'><strong>πεπελεκισμένων</strong></span> <span class='ocrx_word' id='word_1_374' title='bbox 1332 571 1375 598; x_wconf 77' lang='grc' dir='ltr'>διὰ</span> <span class='ocrx_word' id='word_1_375' title='bbox 1392 572 1442 607; x_wconf 86' lang='grc' dir='ltr'><strong>τὴν</strong></span> <span class='ocrx_word' id='word_1_376' title='bbox 1466 572 1621 608; x_wconf 74' lang='grc' dir='ltr'><strong>μαρτυρίαν</strong></span> <span class='ocrx_word' id='word_1_377' title='bbox 1645 573 1733 605; x_wconf 83' lang='grc' dir='ltr'><strong>Ἰησοῦ</strong></span> <span class='ocrx_word' id='word_1_378' title='bbox 1757 574 1803 599; x_wconf 78' lang='grc' dir='ltr'>καὶ</span> <span class='ocrx_word' id='word_1_379' title='bbox 1817 574 1860 601; x_wconf 73' lang='grc' dir='ltr'><strong>διά</strong></span> 
     </span>
    </p>
   </div>
   <div class='ocr_carea' id='block_1_56' title="bbox 1069 615 1860 652">
    <p class='ocr_par' dir='ltr' id='par_1_56' title="bbox 1069 615 1860 652">
     <span class='ocr_line' id='line_1_56' title="bbox 1069 615 1860 652; baseline 0.006 -11"><span class='ocrx_word' id='word_1_380' title='bbox 1069 615 1115 641; x_wconf 82' lang='grc' dir='ltr'><strong>τὸν</strong></span> <span class='ocrx_word' id='word_1_381' title='bbox 1131 616 1208 649; x_wconf 79' lang='grc' dir='ltr'>λόγον</span> <span class='ocrx_word' id='word_1_382' title='bbox 1227 616 1274 643; x_wconf 80' lang='grc' dir='ltr'>τοῦ</span> <span class='ocrx_word' id='word_1_383' title='bbox 1299 617 1377 650; x_wconf 81' lang='grc' dir='ltr'>Θεοῦ,</span> <span class='ocrx_word' id='word_1_384' title='bbox 1393 619 1527 650; x_wconf 81' lang='grc' dir='ltr'><strong>τουτέστι,</strong></span> <span class='ocrx_word' id='word_1_385' title='bbox 1542 618 1586 645; x_wconf 77' lang='grc' dir='ltr'><strong>διὰ</strong></span> <span class='ocrx_word' id='word_1_386' title='bbox 1601 618 1651 652; x_wconf 83' lang='grc' dir='ltr'>τὴν</span> <span class='ocrx_word' id='word_1_387' title='bbox 1665 619 1704 650; x_wconf 80' lang='grc' dir='ltr'>είς</span> <span class='ocrx_word' id='word_1_388' title='bbox 1721 619 1787 646; x_wconf 73' lang='grc' dir='ltr'>Θεὸν</span> <span class='ocrx_word' id='word_1_389' title='bbox 1813 620 1860 646; x_wconf 73' lang='grc' dir='ltr'>πί-</span> 
     </span>
    </p>
   </div>
   <div class='ocr_carea' id='block_1_57' title="bbox 1071 661 1859 699">
    <p class='ocr_par' dir='ltr' id='par_1_57' title="bbox 1071 661 1859 699">
     <span class='ocr_line' id='line_1_57' title="bbox 1071 661 1859 699; baseline 0.006 -13"><span class='ocrx_word' id='word_1_390' title='bbox 1071 669 1140 692; x_wconf 80' lang='grc' dir='ltr'>στιν,</span> <span class='ocrx_word' id='word_1_391' title='bbox 1152 661 1250 693; x_wconf 79' lang='grc' dir='ltr'>οἵτινες</span> <span class='ocrx_word' id='word_1_392' title='bbox 1262 662 1307 688; x_wconf 85' lang='grc' dir='ltr'><strong>τὸν</strong></span> <span class='ocrx_word' id='word_1_393' title='bbox 1320 663 1365 689; x_wconf 86' lang='grc' dir='ltr'><strong>διά</strong></span> <span class='ocrx_word' id='word_1_394' title='bbox 1381 663 1492 698; x_wconf 82' lang='grc' dir='ltr'>σιδήρου</span> <span class='ocrx_word' id='word_1_395' title='bbox 1508 664 1668 699; x_wconf 83' lang='grc' dir='ltr'>ὑπήνεγκαν</span> <span class='ocrx_word' id='word_1_396' title='bbox 1682 665 1807 697; x_wconf 68' lang='grc' dir='ltr'>θάνμτον.</span> <span class='ocrx_word' id='word_1_397' title='bbox 1825 665 1859 691; x_wconf 86' lang='grc' dir='ltr'><em>Ἢ</em></span> 
     </span>
    </p>
   </div>
   <div class='ocr_carea' id='block_1_58' title="bbox 1069 706 1860 745">
    <p class='ocr_par' dir='ltr' id='par_1_58' title="bbox 1069 706 1860 745">
     <span class='ocr_line' id='line_1_58' title="bbox 1069 706 1860 745; baseline 0.005 -13"><span class='ocrx_word' id='word_1_398' title='bbox 1069 706 1116 732; x_wconf 76' lang='grc' dir='ltr'><strong>καὶ</strong></span> <span class='ocrx_word' id='word_1_399' title='bbox 1140 708 1280 741; x_wconf 80' lang='grc' dir='ltr'><strong>τροπικῶς</strong></span> <span class='ocrx_word' id='word_1_400' title='bbox 1293 708 1323 734; x_wconf 83' lang='grc' dir='ltr'><strong>τὸ</strong></span> <span class='ocrx_word' id='word_1_401' title='bbox 1345 709 1577 742; x_wconf 65' lang='grc' dir='ltr'><strong>⁸ιιεπελεκισθεῖνιναι</strong></span> <span class='ocrx_word' id='word_1_402' title='bbox 1595 709 1660 743; x_wconf 78' lang='grc' dir='ltr'>περὶ</span> <span class='ocrx_word' id='word_1_403' title='bbox 1678 709 1732 736; x_wconf 84' lang='grc' dir='ltr'><strong>τῶν</strong></span> <span class='ocrx_word' id='word_1_404' title='bbox 1757 718 1860 745; x_wconf 77' lang='grc' dir='ltr'>νεκρω-</span> 
     </span>
    </p>
   </div>
   <div class='ocr_carea' id='block_1_59' title="bbox 1070 753 1678 790">
    <p class='ocr_par' dir='ltr' id='par_1_59' title="bbox 1070 753 1678 790">
     <span class='ocr_line' id='line_1_59' title="bbox 1070 753 1678 790; baseline 0.005 -11"><span class='ocrx_word' id='word_1_405' title='bbox 1070 753 1175 780; x_wconf 85' lang='grc' dir='ltr'>σάντων</span> <span class='ocrx_word' id='word_1_406' title='bbox 1189 753 1222 780; x_wconf 84' lang='grc' dir='ltr'>τὰ</span> <span class='ocrx_word' id='word_1_407' title='bbox 1237 753 1306 789; x_wconf 83' lang='grc' dir='ltr'><strong>μέλη</strong></span> <span class='ocrx_word' id='word_1_408' title='bbox 1322 754 1426 781; x_wconf 83' lang='grc' dir='ltr'>ὲαυτῶν</span> <span class='ocrx_word' id='word_1_409' title='bbox 1440 754 1475 781; x_wconf 84' lang='grc' dir='ltr'><strong>τὰ</strong></span> <span class='ocrx_word' id='word_1_410' title='bbox 1489 755 1536 780; x_wconf 76' lang='grc' dir='ltr'>ἐπὶ</span> <span class='ocrx_word' id='word_1_411' title='bbox 1550 755 1600 790; x_wconf 85' lang='grc' dir='ltr'><strong>τῆς</strong></span> <span class='ocrx_word' id='word_1_412' title='bbox 1614 755 1678 790; x_wconf 86' lang='grc' dir='ltr'><strong>γῆς.</strong></span> 
     </span>
    </p>
   </div>
   <div class='ocr_carea' id='block_1_60' title="bbox 1104 839 1859 878">
    <p class='ocr_par' dir='ltr' id='par_1_60' title="bbox 1104 839 1859 878">
     <span class='ocr_line' id='line_1_60' title="bbox 1104 839 1859 878; baseline 0.007 -13"><span class='ocrx_word' id='word_1_413' title='bbox 1104 840 1159 866; x_wconf 81' lang='grc' dir='ltr'>Και</span> <span class='ocrx_word' id='word_1_414' title='bbox 1171 848 1227 866; x_wconf 83' lang='grc' dir='ltr'>ουκ</span> <span class='ocrx_word' id='word_1_415' title='bbox 1239 839 1350 867; x_wconf 70' lang='grc' dir='ltr'>ἔλαϐον</span> <span class='ocrx_word' id='word_1_416' title='bbox 1363 840 1395 867; x_wconf 87' lang='grc' dir='ltr'>τὸ</span> <span class='ocrx_word' id='word_1_417' title='bbox 1416 841 1562 876; x_wconf 79' lang='grc' dir='ltr'>χάραγμα.</span> <span class='ocrx_word' id='word_1_418' title='bbox 1580 841 1618 868; x_wconf 81' lang='grc' dir='ltr'>Τὸ</span> <span class='ocrx_word' id='word_1_419' title='bbox 1631 842 1773 878; x_wconf 78' lang='grc' dir='ltr'><strong>χάραγμα,</strong></span> <span class='ocrx_word' id='word_1_420' title='bbox 1788 843 1859 877; x_wconf 79' lang='grc' dir='ltr'><strong>γνώ-</strong></span> 
     </span>
    </p>
   </div>
   <div class='ocr_carea' id='block_1_61' title="bbox 1071 885 1858 923">
    <p class='ocr_par' dir='ltr' id='par_1_61' title="bbox 1071 885 1858 923">
     <span class='ocr_line' id='line_1_61' title="bbox 1071 885 1858 923; baseline 0.006 -12"><span class='ocrx_word' id='word_1_421' title='bbox 1071 885 1158 920; x_wconf 83' lang='grc' dir='ltr'>ρισμά</span> <span class='ocrx_word' id='word_1_422' title='bbox 1172 894 1246 921; x_wconf 83' lang='grc' dir='ltr'>φησι.</span> <span class='ocrx_word' id='word_1_423' title='bbox 1272 886 1348 913; x_wconf 83' lang='grc' dir='ltr'>Καθὺ</span> <span class='ocrx_word' id='word_1_424' title='bbox 1363 887 1410 913; x_wconf 78' lang='grc' dir='ltr'><strong>καὶ</strong></span> <span class='ocrx_word' id='word_1_425' title='bbox 1423 888 1469 914; x_wconf 75' lang='grc' dir='ltr'>ἐπὶ</span> <span class='ocrx_word' id='word_1_426' title='bbox 1483 887 1531 914; x_wconf 85' lang='grc' dir='ltr'>τοῦ</span> <span class='ocrx_word' id='word_1_427' title='bbox 1547 888 1666 923; x_wconf 78' lang='grc' dir='ltr'>Χριστοῦ</span> <span class='ocrx_word' id='word_1_428' title='bbox 1691 889 1800 923; x_wconf 77' lang='grc' dir='ltr'>εἴρηται</span> <span class='ocrx_word' id='word_1_429' title='bbox 1815 889 1858 922; x_wconf 61' lang='grc' dir='ltr'><strong>το,</strong></span> 
     </span>
    </p>
   </div>
   <div class='ocr_carea' id='block_1_62' title="bbox 1072 931 1857 969">
    <p class='ocr_par' dir='ltr' id='par_1_62' title="bbox 1072 931 1857 969">
     <span class='ocr_line' id='line_1_62' title="bbox 1072 931 1857 969; baseline 0.006 -13"><span class='ocrx_word' id='word_1_430' title='bbox 1072 941 1081 956; x_wconf 72' lang='grc' dir='ltr'><strong>ε</strong></span> <span class='ocrx_word' id='word_1_431' title='bbox 1105 931 1277 966; x_wconf 83' lang='grc' dir='ltr'>Ἐσημειώθη</span> <span class='ocrx_word' id='word_1_432' title='bbox 1293 932 1334 967; x_wconf 73' lang='grc' dir='ltr'><strong>ἐφ’</strong></span> <span class='ocrx_word' id='word_1_433' title='bbox 1349 933 1423 968; x_wconf 77' lang='grc' dir='ltr'><strong>ἡμᾶς</strong></span> <span class='ocrx_word' id='word_1_434' title='bbox 1436 933 1467 960; x_wconf 80' lang='grc' dir='ltr'><strong>τὸ</strong></span> <span class='ocrx_word' id='word_1_435' title='bbox 1483 934 1541 968; x_wconf 80' lang='grc' dir='ltr'>φῶς</span> <span class='ocrx_word' id='word_1_436' title='bbox 1556 934 1603 960; x_wconf 79' lang='grc' dir='ltr'>τοῦ</span> <span class='ocrx_word' id='word_1_437' title='bbox 1625 934 1772 969; x_wconf 83' lang='grc' dir='ltr'><strong>προσώπου</strong></span> <span class='ocrx_word' id='word_1_438' title='bbox 1790 943 1837 961; x_wconf 88' lang='grc' dir='ltr'><strong>σου</strong></span> <span class='ocrx_word' id='word_1_439' title='bbox 1848 955 1857 968; x_wconf 80' lang='grc'><strong>,</strong></span> 
     </span>
    </p>
   </div>
   <div class='ocr_carea' id='block_1_63' title="bbox 1069 977 1858 1014">
    <p class='ocr_par' dir='ltr' id='par_1_63' title="bbox 1069 977 1858 1014">
     <span class='ocr_line' id='line_1_63' title="bbox 1069 977 1858 1014; baseline 0.005 -11"><span class='ocrx_word' id='word_1_440' title='bbox 1069 978 1165 1012; x_wconf 83' lang='grc' dir='ltr'>Κύριε.</span> <span class='ocrx_word' id='word_1_441' title='bbox 1186 987 1195 1003; x_wconf 72' lang='grc' dir='ltr'><strong>ι</strong></span> <span class='ocrx_word' id='word_1_442' title='bbox 1223 977 1268 1009; x_wconf 79' lang='grc' dir='ltr'><strong>Ὠς</strong></span> <span class='ocrx_word' id='word_1_443' title='bbox 1283 978 1338 1014; x_wconf 85' lang='grc' dir='ltr'><strong>γὰρ</strong></span> <span class='ocrx_word' id='word_1_444' title='bbox 1355 979 1415 1005; x_wconf 76' lang='grc' dir='ltr'>ἐκεῖ</span> <span class='ocrx_word' id='word_1_445' title='bbox 1431 979 1477 1006; x_wconf 75' lang='grc' dir='ltr'><strong>ἐπὶ</strong></span> <span class='ocrx_word' id='word_1_446' title='bbox 1502 980 1532 1005; x_wconf 70' lang='grc' dir='ltr'>τὺ</span> <span class='ocrx_word' id='word_1_447' title='bbox 1556 979 1703 1014; x_wconf 86' lang='grc' dir='ltr'>πρόσωπον</span> <span class='ocrx_word' id='word_1_448' title='bbox 1733 981 1790 1014; x_wconf 83' lang='grc' dir='ltr'>φῶς</span> <span class='ocrx_word' id='word_1_449' title='bbox 1817 982 1858 1012; x_wconf 75' lang='grc' dir='ltr'><strong>εἰς</strong></span> 
     </span>
    </p>
   </div>
   <div class='ocr_carea' id='block_1_64' title="bbox 1069 1022 1858 1059">
    <p class='ocr_par' dir='ltr' id='par_1_64' title="bbox 1069 1022 1858 1059">
     <span class='ocr_line' id='line_1_64' title="bbox 1069 1022 1858 1059; baseline 0.005 -11"><span class='ocrx_word' id='word_1_450' title='bbox 1069 1022 1213 1057; x_wconf 87' lang='grc' dir='ltr'>γνώρισμα</span> <span class='ocrx_word' id='word_1_451' title='bbox 1232 1023 1286 1049; x_wconf 86' lang='grc' dir='ltr'><strong>τῶν</strong></span> <span class='ocrx_word' id='word_1_452' title='bbox 1309 1023 1440 1058; x_wconf 85' lang='grc' dir='ltr'>θεοφιλῶν</span> <span class='ocrx_word' id='word_1_453' title='bbox 1465 1025 1674 1059; x_wconf 78' lang='grc' dir='ltr'>ἐνσημαίνεται,</span> <span class='ocrx_word' id='word_1_454' title='bbox 1701 1025 1788 1057; x_wconf 80' lang='grc' dir='ltr'>οὕτως</span> <span class='ocrx_word' id='word_1_455' title='bbox 1811 1026 1858 1052; x_wconf 77' lang='grc' dir='ltr'><strong>ἐπὶ</strong></span> 
     </span>
    </p>
   </div>
   <div class='ocr_carea' id='block_1_65' title="bbox 1067 1069 1857 1106">
    <p class='ocr_par' dir='ltr' id='par_1_65' title="bbox 1067 1069 1857 1106">
     <span class='ocr_line' id='line_1_65' title="bbox 1067 1069 1857 1106; baseline 0.004 -12"><span class='ocrx_word' id='word_1_456' title='bbox 1067 1069 1122 1095; x_wconf 82' lang='grc' dir='ltr'><strong>τῶν</strong></span> <span class='ocrx_word' id='word_1_457' title='bbox 1138 1069 1244 1096; x_wconf 73' lang='grc' dir='ltr'>ἀσεϐῶν</span> <span class='ocrx_word' id='word_1_458' title='bbox 1265 1070 1389 1096; x_wconf 77' lang='grc' dir='ltr'><strong>ἀναίδεια</strong></span> <span class='ocrx_word' id='word_1_459' title='bbox 1412 1070 1460 1096; x_wconf 75' lang='grc' dir='ltr'><strong>ἐπὶ</strong></span> <span class='ocrx_word' id='word_1_460' title='bbox 1486 1070 1540 1096; x_wconf 91' lang='grc' dir='ltr'><strong>τῶν</strong></span> <span class='ocrx_word' id='word_1_461' title='bbox 1565 1070 1699 1104; x_wconf 83' lang='grc' dir='ltr'><strong>μετώπων</strong></span> <span class='ocrx_word' id='word_1_462' title='bbox 1721 1071 1857 1106; x_wconf 80' lang='grc' dir='ltr'>ἐγχαράτ-</span> 
     </span>
    </p>
   </div>
   <div class='ocr_carea' id='block_1_66' title="bbox 1067 1113 1856 1150">
    <p class='ocr_par' dir='ltr' id='par_1_66' title="bbox 1067 1113 1856 1150">
     <span class='ocr_line' id='line_1_66' title="bbox 1067 1113 1856 1150; baseline 0.001 -10"><span class='ocrx_word' id='word_1_463' title='bbox 1067 1122 1154 1146; x_wconf 80' lang='grc' dir='ltr'>τεται,</span> <span class='ocrx_word' id='word_1_464' title='bbox 1175 1113 1417 1148; x_wconf 81' lang='grc' dir='ltr'><strong>ἀπαρακαλύπτως</strong></span> <span class='ocrx_word' id='word_1_465' title='bbox 1430 1115 1477 1141; x_wconf 79' lang='grc' dir='ltr'>καὶ</span> <span class='ocrx_word' id='word_1_466' title='bbox 1495 1115 1684 1147; x_wconf 84' lang='grc' dir='ltr'>ἀνυποστόλως</span> <span class='ocrx_word' id='word_1_467' title='bbox 1706 1115 1856 1150; x_wconf 80' lang='grc' dir='ltr'>ὲμφανιζο-</span> 
     </span>
    </p>
   </div>
   <div class='ocr_carea' id='block_1_67' title="bbox 1069 1157 1857 1193">
    <p class='ocr_par' dir='ltr' id='par_1_67' title="bbox 1069 1157 1857 1193">
     <span class='ocr_line' id='line_1_67' title="bbox 1069 1157 1857 1193; baseline 0.003 -10"><span class='ocrx_word' id='word_1_468' title='bbox 1069 1158 1158 1193; x_wconf 89' lang='grc' dir='ltr'>μένων</span> <span class='ocrx_word' id='word_1_469' title='bbox 1178 1157 1265 1184; x_wconf 77' lang='grc' dir='ltr'>ὁποῖοί</span> <span class='ocrx_word' id='word_1_470' title='bbox 1280 1158 1353 1190; x_wconf 83' lang='grc' dir='ltr'>τινές</span> <span class='ocrx_word' id='word_1_471' title='bbox 1376 1159 1455 1185; x_wconf 73' lang='grc' dir='ltr'>εἰσιν.</span> <span class='ocrx_word' id='word_1_472' title='bbox 1482 1158 1537 1184; x_wconf 79' lang='grc' dir='ltr'><strong>Καὶ</strong></span> <span class='ocrx_word' id='word_1_473' title='bbox 1557 1159 1600 1184; x_wconf 77' lang='grc' dir='ltr'>ἵνα</span> <span class='ocrx_word' id='word_1_474' title='bbox 1619 1158 1698 1185; x_wconf 80' lang='grc' dir='ltr'>τοῦτο</span> <span class='ocrx_word' id='word_1_475' title='bbox 1723 1159 1857 1193; x_wconf 71' lang='grc' dir='ltr'><strong>ἐμφαντι⁴</strong></span> 
     </span>
    </p>
   </div>
   <div class='ocr_carea' id='block_1_68' title="bbox 1068 1200 1857 1238">
    <p class='ocr_par' dir='ltr' id='par_1_68' title="bbox 1068 1200 1857 1238">
     <span class='ocr_line' id='line_1_68' title="bbox 1068 1200 1857 1238; baseline 0 -10"><span class='ocrx_word' id='word_1_476' title='bbox 1068 1202 1187 1237; x_wconf 88' lang='grc' dir='ltr'>κώτερον</span> <span class='ocrx_word' id='word_1_477' title='bbox 1199 1200 1228 1238; x_wconf 80' lang='grc' dir='ltr'>ᾗ,</span> <span class='ocrx_word' id='word_1_478' title='bbox 1256 1203 1315 1233; x_wconf 79' lang='grc' dir='ltr'>ταῖς</span> <span class='ocrx_word' id='word_1_479' title='bbox 1342 1202 1453 1234; x_wconf 83' lang='grc' dir='ltr'><strong>ἀτόποις</strong></span> <span class='ocrx_word' id='word_1_480' title='bbox 1478 1202 1531 1229; x_wconf 89' lang='grc' dir='ltr'><strong>τῶν</strong></span> <span class='ocrx_word' id='word_1_481' title='bbox 1550 1202 1656 1228; x_wconf 83' lang='grc' dir='ltr'>ἑαυτῶν</span> <span class='ocrx_word' id='word_1_482' title='bbox 1675 1202 1802 1237; x_wconf 80' lang='grc' dir='ltr'>πράξεων</span> <span class='ocrx_word' id='word_1_483' title='bbox 1825 1202 1857 1228; x_wconf 80' lang='grc' dir='ltr'>τὸ</span> 
     </span>
    </p>
   </div>
   <div class='ocr_carea' id='block_1_69' title="bbox 1066 1247 1855 1284">
    <p class='ocr_par' dir='ltr' id='par_1_69' title="bbox 1066 1247 1855 1284">
     <span class='ocr_line' id='line_1_69' title="bbox 1066 1247 1855 1284; baseline 0 -10"><span class='ocrx_word' id='word_1_484' title='bbox 1066 1248 1209 1282; x_wconf 83' lang='grc' dir='ltr'>γνώρισμα</span> <span class='ocrx_word' id='word_1_485' title='bbox 1218 1248 1387 1275; x_wconf 75' lang='grc' dir='ltr'>ἐϐεϐαίωσαν</span> <span class='ocrx_word' id='word_1_486' title='bbox 1398 1256 1404 1263; x_wconf 94' lang='grc'><strong>·</strong></span> <span class='ocrx_word' id='word_1_487' title='bbox 1421 1248 1438 1282; x_wconf 82' lang='grc' dir='ltr'><strong>ἡ</strong></span> <span class='ocrx_word' id='word_1_488' title='bbox 1453 1248 1513 1283; x_wconf 83' lang='grc' dir='ltr'><strong>χεὶρ</strong></span> <span class='ocrx_word' id='word_1_489' title='bbox 1524 1247 1577 1284; x_wconf 83' lang='grc' dir='ltr'><strong>γὰρ</strong></span> <span class='ocrx_word' id='word_1_490' title='bbox 1590 1248 1639 1284; x_wconf 83' lang='grc' dir='ltr'>τὴν</span> <span class='ocrx_word' id='word_1_491' title='bbox 1654 1247 1754 1282; x_wconf 76' lang='grc' dir='ltr'>πρᾶξιν</span> <span class='ocrx_word' id='word_1_492' title='bbox 1769 1248 1855 1275; x_wconf 75' lang='grc' dir='ltr'>αἰνίτ-</span> 
     </span>
    </p>
   </div>
   <div class='ocr_carea' id='block_1_70' title="bbox 1066 1293 1854 1329">
    <p class='ocr_par' dir='ltr' id='par_1_70' title="bbox 1066 1293 1854 1329">
     <span class='ocr_line' id='line_1_70' title="bbox 1066 1293 1854 1329; baseline -0.001 -9"><span class='ocrx_word' id='word_1_493' title='bbox 1066 1302 1153 1325; x_wconf 82' lang='grc' dir='ltr'>τεται,</span> <span class='ocrx_word' id='word_1_494' title='bbox 1169 1294 1263 1329; x_wconf 76' lang='grc' dir='ltr'>ὥσπερ</span> <span class='ocrx_word' id='word_1_495' title='bbox 1277 1294 1323 1320; x_wconf 78' lang='grc' dir='ltr'>καὶ</span> <span class='ocrx_word' id='word_1_496' title='bbox 1338 1294 1351 1320; x_wconf 81' lang='grc' dir='ltr'>ὁ</span> <span class='ocrx_word' id='word_1_497' title='bbox 1366 1293 1433 1325; x_wconf 75' lang='grc' dir='ltr'>ποῦς</span> <span class='ocrx_word' id='word_1_498' title='bbox 1447 1293 1495 1320; x_wconf 82' lang='grc' dir='ltr'><strong>τὸν</strong></span> <span class='ocrx_word' id='word_1_499' title='bbox 1505 1293 1632 1328; x_wconf 78' lang='grc' dir='ltr'>ὁρισμὸν,</span> <span class='ocrx_word' id='word_1_500' title='bbox 1651 1293 1718 1320; x_wconf 84' lang='grc' dir='ltr'>καθὸ</span> <span class='ocrx_word' id='word_1_501' title='bbox 1730 1294 1836 1328; x_wconf 78' lang='grc' dir='ltr'>εἴρηται</span> <span class='ocrx_word' id='word_1_502' title='bbox 1846 1302 1854 1309; x_wconf 69' lang='grc' dir='ltr'><strong>θ</strong></span> 
     </span>
    </p>
   </div>
   <div class='ocr_carea' id='block_1_71' title="bbox 1069 1339 1853 1374">
    <p class='ocr_par' dir='ltr' id='par_1_71' title="bbox 1069 1339 1853 1374">
     <span class='ocr_line' id='line_1_71' title="bbox 1069 1339 1853 1374; baseline 0.001 -9"><span class='ocrx_word' id='word_1_503' title='bbox 1069 1349 1078 1365; x_wconf 77' lang='grc' dir='ltr'><strong>ι</strong></span> <span class='ocrx_word' id='word_1_504' title='bbox 1097 1339 1142 1374; x_wconf 84' lang='grc' dir='ltr'><strong>Μὴ</strong></span> <span class='ocrx_word' id='word_1_505' title='bbox 1155 1339 1255 1365; x_wconf 77' lang='grc' dir='ltr'>ἐλθέτω</span> <span class='ocrx_word' id='word_1_506' title='bbox 1269 1348 1314 1373; x_wconf 90' lang='grc' dir='ltr'><strong>μοι</strong></span> <span class='ocrx_word' id='word_1_507' title='bbox 1330 1339 1398 1371; x_wconf 80' lang='grc' dir='ltr'>ποῦς</span> <span class='ocrx_word' id='word_1_508' title='bbox 1409 1339 1610 1374; x_wconf 74' lang='grc' dir='ltr'>ὑπερηφανίας,</span> <span class='ocrx_word' id='word_1_509' title='bbox 1623 1339 1670 1365; x_wconf 83' lang='grc' dir='ltr'>καὶ</span> <span class='ocrx_word' id='word_1_510' title='bbox 1685 1339 1745 1374; x_wconf 72' lang='grc' dir='ltr'>χεὶρ</span> <span class='ocrx_word' id='word_1_511' title='bbox 1761 1339 1853 1373; x_wconf 86' lang='grc' dir='ltr'>ἀμαρ-</span> 
     </span>
    </p>
   </div>
   <div class='ocr_carea' id='block_1_72' title="bbox 1065 1384 1854 1420">
    <p class='ocr_par' dir='ltr' id='par_1_72' title="bbox 1065 1384 1854 1420">
     <span class='ocr_line' id='line_1_72' title="bbox 1065 1384 1854 1420; baseline 0.001 -10"><span class='ocrx_word' id='word_1_512' title='bbox 1065 1384 1150 1410; x_wconf 86' lang='grc' dir='ltr'>τωλοῦ</span> <span class='ocrx_word' id='word_1_513' title='bbox 1175 1384 1212 1419; x_wconf 80' lang='grc' dir='ltr'>μὴ</span> <span class='ocrx_word' id='word_1_514' title='bbox 1236 1384 1361 1411; x_wconf 81' lang='grc' dir='ltr'>σαλεύσει</span> <span class='ocrx_word' id='word_1_515' title='bbox 1382 1393 1427 1419; x_wconf 88' lang='grc' dir='ltr'>με.</span> <span class='ocrx_word' id='word_1_516' title='bbox 1448 1394 1456 1410; x_wconf 77' lang='grc' dir='ltr'><strong>ι</strong></span> <span class='ocrx_word' id='word_1_517' title='bbox 1481 1384 1558 1411; x_wconf 75' lang='grc' dir='ltr'>Ἐπεὶ</span> <span class='ocrx_word' id='word_1_518' title='bbox 1582 1384 1628 1411; x_wconf 77' lang='grc' dir='ltr'><strong>οὖν</strong></span> <span class='ocrx_word' id='word_1_519' title='bbox 1654 1385 1703 1420; x_wconf 77' lang='grc' dir='ltr'>οὐχ</span> <span class='ocrx_word' id='word_1_520' title='bbox 1731 1384 1854 1412; x_wconf 77' lang='grc' dir='ltr'>ἑάλωσαν</span> 
     </span>
    </p>
   </div>
   <div class='ocr_carea' id='block_1_73' title="bbox 1064 1427 1853 1466">
    <p class='ocr_par' dir='ltr' id='par_1_73' title="bbox 1064 1427 1853 1466">
     <span class='ocr_line' id='line_1_73' title="bbox 1064 1427 1853 1466; baseline 0 -10"><span class='ocrx_word' id='word_1_521' title='bbox 1064 1427 1148 1462; x_wconf 74' lang='grc' dir='ltr'>οὗτοι,</span> <span class='ocrx_word' id='word_1_522' title='bbox 1164 1430 1225 1456; x_wconf 77' lang='grc' dir='ltr'>οὔτε</span> <span class='ocrx_word' id='word_1_523' title='bbox 1247 1430 1279 1456; x_wconf 78' lang='grc' dir='ltr'>δι’</span> <span class='ocrx_word' id='word_1_524' title='bbox 1300 1429 1437 1462; x_wconf 81' lang='grc' dir='ltr'>ἀναιδείας</span> <span class='ocrx_word' id='word_1_525' title='bbox 1457 1429 1653 1465; x_wconf 78' lang='grc' dir='ltr'>ὲντυπούμενοι</span> <span class='ocrx_word' id='word_1_526' title='bbox 1669 1429 1708 1465; x_wconf 82' lang='grc' dir='ltr'><strong>τῷ</strong></span> <span class='ocrx_word' id='word_1_527' title='bbox 1725 1431 1853 1466; x_wconf 70' lang='grc' dir='ltr'><strong>τιςονηρῷ¹Ι</strong></span> 
     </span>
    </p>
   </div>
   <div class='ocr_carea' id='block_1_74' title="bbox 1064 1476 1854 1512">
    <p class='ocr_par' dir='ltr' id='par_1_74' title="bbox 1064 1476 1854 1512">
     <span class='ocr_line' id='line_1_74' title="bbox 1064 1476 1854 1512; baseline 0 -9"><span class='ocrx_word' id='word_1_528' title='bbox 1064 1477 1125 1503; x_wconf 72' lang='grc' dir='ltr'>οὔτε</span> <span class='ocrx_word' id='word_1_529' title='bbox 1140 1477 1173 1503; x_wconf 81' lang='grc' dir='ltr'>δι’</span> <span class='ocrx_word' id='word_1_530' title='bbox 1187 1477 1287 1511; x_wconf 72' lang='grc' dir='ltr'>ἔργων,</span> <span class='ocrx_word' id='word_1_531' title='bbox 1304 1477 1418 1507; x_wconf 79' lang='grc' dir='ltr'>εἰκότως</span> <span class='ocrx_word' id='word_1_532' title='bbox 1433 1476 1481 1503; x_wconf 77' lang='grc' dir='ltr'><strong>καὶ</strong></span> <span class='ocrx_word' id='word_1_533' title='bbox 1498 1477 1598 1512; x_wconf 77' lang='grc' dir='ltr'>ἔζησαν</span> <span class='ocrx_word' id='word_1_534' title='bbox 1611 1477 1660 1503; x_wconf 77' lang='grc' dir='ltr'>καὶ</span> <span class='ocrx_word' id='word_1_535' title='bbox 1674 1476 1854 1504; x_wconf 75' lang='grc' dir='ltr'>ἐϐασίλευσαν</span> 
     </span>
    </p>
   </div>
   <div class='ocr_carea' id='block_1_75' title="bbox 1066 1521 1852 1558">
    <p class='ocr_par' dir='ltr' id='par_1_75' title="bbox 1066 1521 1852 1558">
     <span class='ocr_line' id='line_1_75' title="bbox 1066 1521 1852 1558; baseline 0 -10"><span class='ocrx_word' id='word_1_536' title='bbox 1066 1523 1134 1557; x_wconf 86' lang='grc' dir='ltr'><strong>μετά</strong></span> <span class='ocrx_word' id='word_1_537' title='bbox 1148 1523 1277 1558; x_wconf 83' lang='grc' dir='ltr'>Χριστοῦ,</span> <span class='ocrx_word' id='word_1_538' title='bbox 1293 1522 1357 1558; x_wconf 78' lang='grc' dir='ltr'>ἄχρι</span> <span class='ocrx_word' id='word_1_539' title='bbox 1375 1522 1530 1554; x_wconf 84' lang='grc' dir='ltr'>συντελείας</span> <span class='ocrx_word' id='word_1_540' title='bbox 1544 1521 1591 1549; x_wconf 85' lang='grc' dir='ltr'><strong>τοῦ</strong></span> <span class='ocrx_word' id='word_1_541' title='bbox 1609 1522 1716 1554; x_wconf 82' lang='grc' dir='ltr'>αἰῶνος.</span> <span class='ocrx_word' id='word_1_542' title='bbox 1739 1523 1784 1555; x_wconf 85' lang='grc' dir='ltr'><strong>Ὧς</strong></span> <span class='ocrx_word' id='word_1_543' title='bbox 1797 1524 1852 1558; x_wconf 72' lang='grc' dir='ltr'>γὰρ</span> 
     </span>
    </p>
   </div>
   <div class='ocr_carea' id='block_1_76' title="bbox 1062 1567 1854 1604">
    <p class='ocr_par' dir='ltr' id='par_1_76' title="bbox 1062 1567 1854 1604">
     <span class='ocr_line' id='line_1_76' title="bbox 1062 1567 1854 1604; baseline 0.003 -11"><span class='ocrx_word' id='word_1_544' title='bbox 1062 1568 1180 1602; x_wconf 81' lang='grc' dir='ltr'>ὁρῶμεν,</span> <span class='ocrx_word' id='word_1_545' title='bbox 1205 1569 1251 1595; x_wconf 81' lang='grc' dir='ltr'><strong>καὶ</strong></span> <span class='ocrx_word' id='word_1_546' title='bbox 1273 1568 1325 1595; x_wconf 81' lang='grc' dir='ltr'><strong>ὑπὸ</strong></span> <span class='ocrx_word' id='word_1_547' title='bbox 1350 1567 1482 1603; x_wconf 77' lang='grc' dir='ltr'>βασιλέων</span> <span class='ocrx_word' id='word_1_548' title='bbox 1509 1568 1613 1595; x_wconf 81' lang='grc' dir='ltr'>πιστῶν</span> <span class='ocrx_word' id='word_1_549' title='bbox 1639 1569 1688 1595; x_wconf 76' lang='grc' dir='ltr'>καὶ</span> <span class='ocrx_word' id='word_1_550' title='bbox 1712 1569 1854 1604; x_wconf 83' lang='grc' dir='ltr'>ἀρχόντων</span> 
     </span>
    </p>
   </div>
   <div class='ocr_carea' id='block_1_77' title="bbox 1062 1613 1852 1649">
    <p class='ocr_par' dir='ltr' id='par_1_77' title="bbox 1062 1613 1852 1649">
     <span class='ocr_line' id='line_1_77' title="bbox 1062 1613 1852 1649; baseline 0.003 -11"><span class='ocrx_word' id='word_1_551' title='bbox 1062 1613 1305 1648; x_wconf 83' lang='grc' dir='ltr'>προσκυνούμενοι,</span> <span class='ocrx_word' id='word_1_552' title='bbox 1329 1613 1466 1646; x_wconf 32' lang='grc' dir='ltr'>καὶηκατὰ</span> <span class='ocrx_word' id='word_1_553' title='bbox 1488 1613 1579 1648; x_wconf 82' lang='grc' dir='ltr'><strong>πάσης</strong></span> <span class='ocrx_word' id='word_1_554' title='bbox 1597 1613 1756 1649; x_wconf 85' lang='grc' dir='ltr'>σωματικῆς</span> <span class='ocrx_word' id='word_1_555' title='bbox 1770 1614 1852 1640; x_wconf 84' lang='grc' dir='ltr'>ἀσθε-</span> 
     </span>
    </p>
   </div>
   <div class='ocr_carea' id='block_1_78' title="bbox 1061 1658 1853 1694">
    <p class='ocr_par' dir='ltr' id='par_1_78' title="bbox 1061 1658 1853 1694">
     <span class='ocr_line' id='line_1_78' title="bbox 1061 1658 1853 1694; baseline 0.004 -11"><span class='ocrx_word' id='word_1_556' title='bbox 1061 1658 1134 1689; x_wconf 84' lang='grc' dir='ltr'>νείας</span> <span class='ocrx_word' id='word_1_557' title='bbox 1149 1659 1197 1685; x_wconf 74' lang='grc' dir='ltr'><strong>καὶ</strong></span> <span class='ocrx_word' id='word_1_558' title='bbox 1211 1659 1370 1694; x_wconf 63' lang='grc' dir='ltr'>δαιμονικῖπ</span> <span class='ocrx_word' id='word_1_559' title='bbox 1392 1659 1530 1694; x_wconf 75' lang='grc' dir='ltr'>ἐνεργείας</span> <span class='ocrx_word' id='word_1_560' title='bbox 1553 1658 1603 1694; x_wconf 84' lang='grc' dir='ltr'>τὴν</span> <span class='ocrx_word' id='word_1_561' title='bbox 1619 1659 1757 1685; x_wconf 83' lang='grc' dir='ltr'>θεόσδοτον</span> <span class='ocrx_word' id='word_1_562' title='bbox 1772 1660 1853 1694; x_wconf 85' lang='grc' dir='ltr'>χάριν</span> 
     </span>
    </p>
   </div>
   <div class='ocr_carea' id='block_1_79' title="bbox 1062 1703 1851 1739">
    <p class='ocr_par' dir='ltr' id='par_1_79' title="bbox 1062 1703 1851 1739">
     <span class='ocr_line' id='line_1_79' title="bbox 1062 1703 1851 1739; baseline 0.003 -11"><span class='ocrx_word' id='word_1_563' title='bbox 1062 1703 1272 1731; x_wconf 73' lang='grc' dir='ltr'>ἐπιδείκνυνται.</span> <span class='ocrx_word' id='word_1_564' title='bbox 1294 1704 1370 1730; x_wconf 76' lang='grc' dir='ltr'>Ἐπεὶ</span> <span class='ocrx_word' id='word_1_565' title='bbox 1385 1704 1451 1738; x_wconf 81' lang='grc' dir='ltr'>γὰρ,</span> <span class='ocrx_word' id='word_1_566' title='bbox 1476 1704 1569 1739; x_wconf 74' lang='grc' dir='ltr'>φησὶν,</span> <span class='ocrx_word' id='word_1_567' title='bbox 1587 1704 1618 1730; x_wconf 85' lang='grc' dir='ltr'>οὐ</span> <span class='ocrx_word' id='word_1_568' title='bbox 1643 1705 1851 1739; x_wconf 74' lang='grc' dir='ltr'>προσεκύνησαν</span> 
     </span>
    </p>
   </div>
   <div class='ocr_carea' id='block_1_80' title="bbox 1061 1750 1849 1787">
    <p class='ocr_par' dir='ltr' id='par_1_80' title="bbox 1061 1750 1849 1787">
     <span class='ocr_line' id='line_1_80' title="bbox 1061 1750 1849 1787; baseline 0.003 -11"><span class='ocrx_word' id='word_1_569' title='bbox 1061 1750 1099 1784; x_wconf 80' lang='grc' dir='ltr'>τῷ</span> <span class='ocrx_word' id='word_1_570' title='bbox 1111 1750 1197 1786; x_wconf 83' lang='grc' dir='ltr'>θηρίῳ</span> <span class='ocrx_word' id='word_1_571' title='bbox 1211 1751 1259 1777; x_wconf 83' lang='grc' dir='ltr'>καὶ</span> <span class='ocrx_word' id='word_1_572' title='bbox 1273 1753 1306 1786; x_wconf 83' lang='grc' dir='ltr'><strong>τῇ</strong></span> <span class='ocrx_word' id='word_1_573' title='bbox 1320 1752 1405 1778; x_wconf 84' lang='grc' dir='ltr'>εἰκόνι</span> <span class='ocrx_word' id='word_1_574' title='bbox 1417 1752 1512 1784; x_wconf 84' lang='grc' dir='ltr'>αὑτοῦ,</span> <span class='ocrx_word' id='word_1_575' title='bbox 1527 1751 1571 1778; x_wconf 79' lang='grc' dir='ltr'>διὰ</span> <span class='ocrx_word' id='word_1_576' title='bbox 1585 1751 1665 1778; x_wconf 79' lang='grc' dir='ltr'>τοῦτο</span> <span class='ocrx_word' id='word_1_577' title='bbox 1679 1753 1724 1779; x_wconf 76' lang='grc' dir='ltr'><strong>καὶ</strong></span> <span class='ocrx_word' id='word_1_578' title='bbox 1737 1753 1849 1787; x_wconf 79' lang='grc' dir='ltr'>ἔζησαν,</span> 
     </span>
    </p>
   </div>
   <div class='ocr_carea' id='block_1_81' title="bbox 1061 1796 1850 1833">
    <p class='ocr_par' dir='ltr' id='par_1_81' title="bbox 1061 1796 1850 1833">
     <span class='ocr_line' id='line_1_81' title="bbox 1061 1796 1850 1833; baseline 0.001 -10"><span class='ocrx_word' id='word_1_579' title='bbox 1061 1797 1194 1828; x_wconf 84' lang='grc' dir='ltr'>τουτέστι,</span> <span class='ocrx_word' id='word_1_580' title='bbox 1215 1796 1325 1828; x_wconf 83' lang='grc' dir='ltr'>ζώντων</span> <span class='ocrx_word' id='word_1_581' title='bbox 1343 1797 1411 1832; x_wconf 76' lang='grc' dir='ltr'>ἔργα</span> <span class='ocrx_word' id='word_1_582' title='bbox 1427 1798 1595 1832; x_wconf 82' lang='grc' dir='ltr'>ἐνήργησαν,</span> <span class='ocrx_word' id='word_1_583' title='bbox 1611 1798 1661 1828; x_wconf 83' lang='grc' dir='ltr'><strong>τὰς</strong></span> <span class='ocrx_word' id='word_1_584' title='bbox 1676 1797 1850 1833; x_wconf 75' lang='grc' dir='ltr'>θαυματονρο</span> 
     </span>
    </p>
   </div>
   <div class='ocr_carea' id='block_1_82' title="bbox 1061 1840 1851 1876">
    <p class='ocr_par' dir='ltr' id='par_1_82' title="bbox 1061 1840 1851 1876">
     <span class='ocr_line' id='line_1_82' title="bbox 1061 1840 1851 1876; baseline 0.003 -10"><span class='ocrx_word' id='word_1_585' title='bbox 1061 1840 1123 1874; x_wconf 85' lang='grc' dir='ltr'>γίας</span> <span class='ocrx_word' id='word_1_586' title='bbox 1139 1840 1272 1875; x_wconf 81' lang='grc' dir='ltr'>δηλονότι.</span> <span class='ocrx_word' id='word_1_587' title='bbox 1295 1841 1396 1875; x_wconf 85' lang='grc' dir='ltr'>Θηρίον</span> <span class='ocrx_word' id='word_1_588' title='bbox 1410 1841 1439 1867; x_wconf 84' lang='grc' dir='ltr'>δὲ</span> <span class='ocrx_word' id='word_1_589' title='bbox 1462 1842 1508 1868; x_wconf 83' lang='grc' dir='ltr'>καὶ</span> <span class='ocrx_word' id='word_1_590' title='bbox 1524 1841 1616 1868; x_wconf 83' lang='grc' dir='ltr'>εἰκόνα</span> <span class='ocrx_word' id='word_1_591' title='bbox 1631 1841 1678 1867; x_wconf 81' lang='grc' dir='ltr'>τοῦ</span> <span class='ocrx_word' id='word_1_592' title='bbox 1692 1841 1787 1876; x_wconf 85' lang='grc' dir='ltr'>θηρίου</span> <span class='ocrx_word' id='word_1_593' title='bbox 1801 1841 1851 1868; x_wconf 71' lang='grc' dir='ltr'><strong>καὶ</strong></span> 
     </span>
    </p>
   </div>
   <div class='ocr_carea' id='block_1_83' title="bbox 1060 1886 1848 1922">
    <p class='ocr_par' dir='ltr' id='par_1_83' title="bbox 1060 1886 1848 1922">
     <span class='ocr_line' id='line_1_83' title="bbox 1060 1886 1848 1922; baseline 0.001 -10"><span class='ocrx_word' id='word_1_594' title='bbox 1060 1886 1194 1920; x_wconf 86' lang='grc' dir='ltr'>δράκοντα</span> <span class='ocrx_word' id='word_1_595' title='bbox 1219 1886 1264 1913; x_wconf 75' lang='grc' dir='ltr'>τὸν</span> <span class='ocrx_word' id='word_1_596' title='bbox 1286 1886 1409 1913; x_wconf 82' lang='grc' dir='ltr'>διάϐολόν</span> <span class='ocrx_word' id='word_1_597' title='bbox 1433 1895 1501 1922; x_wconf 84' lang='grc' dir='ltr'>φησι</span> <span class='ocrx_word' id='word_1_598' title='bbox 1521 1886 1629 1914; x_wconf 79' lang='grc' dir='ltr'>καὶτὸν</span> <span class='ocrx_word' id='word_1_599' title='bbox 1653 1887 1848 1922; x_wconf 82' lang='grc' dir='ltr'>’Δντίχριστον,</span> 
     </span>
    </p>
   </div>
   <div class='ocr_carea' id='block_1_84' title="bbox 1061 1931 1419 1967">
    <p class='ocr_par' dir='ltr' id='par_1_84' title="bbox 1061 1931 1419 1967">
     <span class='ocr_line' id='line_1_84' title="bbox 1061 1931 1419 1967; baseline 0.003 -9"><span class='ocrx_word' id='word_1_600' title='bbox 1061 1932 1108 1958; x_wconf 76' lang='grc' dir='ltr'>καὶ</span> <span class='ocrx_word' id='word_1_601' title='bbox 1123 1932 1168 1958; x_wconf 84' lang='grc' dir='ltr'><strong>τὸν</strong></span> <span class='ocrx_word' id='word_1_602' title='bbox 1182 1931 1419 1967; x_wconf 81' lang='grc' dir='ltr'>ψευδοπροφήτην.</span> 
     </span>
    </p>
   </div>
   <div class='ocr_carea' id='block_1_85' title="bbox 1347 2019 1554 2048">
    <p class='ocr_par' dir='ltr' id='par_1_85' title="bbox 1347 2019 1554 2048">
     <span class='ocr_line' id='line_1_85' title="bbox 1347 2019 1554 2048; baseline 0 -1"><span class='ocrx_word' id='word_1_603' title='bbox 1347 2021 1473 2047; x_wconf 78' lang='grc' dir='ltr'><strong>ΚΕΦΔΛ.</strong></span> <span class='ocrx_word' id='word_1_604' title='bbox 1495 2019 1554 2048; x_wconf 76' lang='lat' dir='ltr'><strong>EB&#39;.</strong></span> 
     </span>
    </p>
   </div>
   <div class='ocr_carea' id='block_1_86' title="bbox 1063 2077 1847 2139">
    <p class='ocr_par' dir='ltr' id='par_1_86' title="bbox 1063 2077 1847 2139">
     <span class='ocr_line' id='line_1_86' title="bbox 1063 2077 1847 2139; baseline 0.005 -36"><span class='ocrx_word' id='word_1_605' title='bbox 1063 2077 1094 2104; x_wconf 87' lang='grc' dir='ltr'>Τί</span> <span class='ocrx_word' id='word_1_606' title='bbox 1103 2077 1188 2104; x_wconf 79' lang='grc' dir='ltr'>ἐστιν</span> <span class='ocrx_word' id='word_1_607' title='bbox 1204 2078 1223 2111; x_wconf 82' lang='grc' dir='ltr'><strong><em>ἠ</em></strong></span> <span class='ocrx_word' id='word_1_608' title='bbox 1245 2077 1344 2112; x_wconf 82' lang='grc' dir='ltr'>πρώτη</span> <span class='ocrx_word' id='word_1_609' title='bbox 1359 2078 1540 2139; x_wconf 44' lang='lat' dir='ltr'><strong>datio-mam,</strong></span> <span class='ocrx_word' id='word_1_610' title='bbox 1555 2077 1604 2105; x_wconf 77' lang='grc' dir='ltr'><strong>καί</strong></span> <span class='ocrx_word' id='word_1_611' title='bbox 1619 2079 1663 2112; x_wconf 84' lang='grc' dir='ltr'>τίς</span> <span class='ocrx_word' id='word_1_612' title='bbox 1677 2078 1694 2105; x_wconf 86' lang='grc' dir='ltr'><strong><em>ὁ</em></strong></span> <span class='ocrx_word' id='word_1_613' title='bbox 1709 2078 1847 2113; x_wconf 80' lang='grc' dir='ltr'>δεύτεροι·</span> 
     </span>
     <span class='ocr_line' id='line_1_87' title="bbox 1422 2121 1523 2139; baseline 0 0"><span class='ocrx_word' id='word_1_614' title='bbox 1422 2121 1523 2139; x_wconf 67' lang='lat' dir='ltr'><strong>ratae.</strong></span> 
     </span>
    </p>
   </div>
   <div class='ocr_carea' id='block_1_87' title="bbox 1422 2121 1523 2146">
    <p class='ocr_par' dir='ltr' id='par_1_87' title="bbox 1422 2121 1523 2146">
     <span class='ocr_line' id='line_1_88' title="bbox 1422 2121 1523 2146; baseline 0 -7"><span class='ocrx_word' id='word_1_615' title='bbox 1422 2121 1523 2146; x_wconf 81' lang='grc' dir='ltr'>νατος.</span> 
     </span>
    </p>
   </div>
   <div class='ocr_carea' id='block_1_88' title="bbox 1095 2167 1835 2203">
    <p class='ocr_par' dir='ltr' id='par_1_88' title="bbox 1095 2167 1835 2203">
     <span class='ocr_line' id='line_1_89' title="bbox 1095 2167 1835 2203; baseline 0 -8"><span class='ocrx_word' id='word_1_616' title='bbox 1095 2168 1148 2196; x_wconf 80' lang='grc' dir='ltr'><strong>Καὶ</strong></span> <span class='ocrx_word' id='word_1_617' title='bbox 1162 2168 1190 2194; x_wconf 81' lang='grc' dir='ltr'>οι</span> <span class='ocrx_word' id='word_1_618' title='bbox 1206 2167 1306 2194; x_wconf 72' lang='grc' dir='ltr'>λοιποὶ</span> <span class='ocrx_word' id='word_1_619' title='bbox 1319 2167 1379 2194; x_wconf 79' lang='grc' dir='ltr'><strong>τῶν</strong></span> <span class='ocrx_word' id='word_1_620' title='bbox 1392 2167 1506 2202; x_wconf 77' lang='grc' dir='ltr'>νεκρῶν</span> <span class='ocrx_word' id='word_1_621' title='bbox 1526 2168 1582 2194; x_wconf 83' lang='grc' dir='ltr'>οὐκ</span> <span class='ocrx_word' id='word_1_622' title='bbox 1596 2167 1708 2201; x_wconf 78' lang='grc' dir='ltr'>ἔζησαν</span> <span class='ocrx_word' id='word_1_623' title='bbox 1720 2169 1789 2203; x_wconf 70' lang='grc' dir='ltr'>ἄχρι</span> <span class='ocrx_word' id='word_1_624' title='bbox 1802 2178 1835 2196; x_wconf 77' lang='grc' dir='ltr'><strong>τε</strong></span> 
     </span>
    </p>
   </div>
   <div class='ocr_carea' id='block_1_89' title="bbox 215 2209 1021 2249">
    <p class='ocr_par' dir='ltr' id='par_1_89' title="bbox 215 2209 1021 2249">
     <span class='ocr_line' id='line_1_90' title="bbox 215 2209 1021 2249; baseline -0.005 -7"><span class='ocrx_word' id='word_1_625' title='bbox 215 2218 430 2242; x_wconf 64' lang='lat' dir='ltr'><strong>consummentur</strong></span> <span class='ocrx_word' id='word_1_626' title='bbox 442 2213 513 2240; x_wconf 79' lang='lat' dir='ltr'><strong>mille</strong></span> <span class='ocrx_word' id='word_1_627' title='bbox 522 2214 597 2240; x_wconf 84' lang='lat' dir='ltr'><strong>anui.</strong></span> <span class='ocrx_word' id='word_1_628' title='bbox 609 2213 671 2240; x_wconf 60' lang='grc' dir='ltr'><em>Παίς</em></span> <span class='ocrx_word' id='word_1_629' title='bbox 685 2219 722 2240; x_wconf 73' lang='lat' dir='ltr'><strong>est</strong></span> <span class='ocrx_word' id='word_1_630' title='bbox 737 2215 893 2241; x_wconf 73' lang='lat' dir='ltr'><strong>resurrectio</strong></span> <span class='ocrx_word' id='word_1_631' title='bbox 906 2216 1002 2249; x_wconf 81' lang='lat' dir='ltr'><strong>prima.</strong></span> <span class='ocrx_word' id='word_1_632' title='bbox 1018 2209 1021 2238; x_wconf 63' lang='grc' dir='ltr'><strong>ί</strong></span> 
     </span>
    </p>
   </div>
   <div class='ocr_carea' id='block_1_90' title="bbox 1064 2209 1845 2249">
    <p class='ocr_par' dir='ltr' id='par_1_90' title="bbox 1064 2213 1845 2249">
     <span class='ocr_line' id='line_1_91' title="bbox 1064 2213 1845 2249; baseline -0.003 -7"><span class='ocrx_word' id='word_1_633' title='bbox 1064 2215 1153 2249; x_wconf 69' lang='grc' dir='ltr'>ιεσθῇ</span> <span class='ocrx_word' id='word_1_634' title='bbox 1171 2214 1206 2241; x_wconf 79' lang='grc' dir='ltr'>τὰ</span> <span class='ocrx_word' id='word_1_635' title='bbox 1219 2215 1302 2249; x_wconf 74' lang='grc' dir='ltr'>χίλια</span> <span class='ocrx_word' id='word_1_636' title='bbox 1314 2214 1377 2246; x_wconf 75' lang='grc' dir='ltr'>ἐτη,</span> <span class='ocrx_word' id='word_1_637' title='bbox 1392 2214 1472 2248; x_wconf 80' lang='grc' dir='ltr'>Αὕτη</span> <span class='ocrx_word' id='word_1_638' title='bbox 1488 2213 1507 2248; x_wconf 73' lang='grc' dir='ltr'><strong>’ἡ</strong></span> <span class='ocrx_word' id='word_1_639' title='bbox 1521 2214 1691 2246; x_wconf 78' lang='grc' dir='ltr'>ἀνάστασις</span> <span class='ocrx_word' id='word_1_640' title='bbox 1704 2215 1723 2247; x_wconf 79' lang='grc' dir='ltr'><strong><em>ἠ</em></strong></span> <span class='ocrx_word' id='word_1_641' title='bbox 1735 2215 1845 2249; x_wconf 81' lang='grc' dir='ltr'>πρώτη,</span> 
     </span>
    </p>
   </div>
   <div class='ocr_carea' id='block_1_91' title="bbox 215 2258 1005 2293">
    <p class='ocr_par' dir='ltr' id='par_1_91' title="bbox 215 2258 1005 2293">
     <span class='ocr_line' id='line_1_92' title="bbox 215 2258 1005 2293; baseline 0.003 -7"><span class='ocrx_word' id='word_1_642' title='bbox 215 2260 314 2286; x_wconf 76' lang='lat' dir='ltr'><strong>Beatus</strong></span> <span class='ocrx_word' id='word_1_643' title='bbox 328 2264 351 2286; x_wconf 87' lang='lat' dir='ltr'><strong>et</strong></span> <span class='ocrx_word' id='word_1_644' title='bbox 368 2263 476 2285; x_wconf 74' lang='lat' dir='ltr'><strong>sanctus</strong></span> <span class='ocrx_word' id='word_1_645' title='bbox 494 2258 539 2293; x_wconf 80' lang='lat' dir='ltr'><strong>qui</strong></span> <span class='ocrx_word' id='word_1_646' title='bbox 557 2259 634 2285; x_wconf 80' lang='lat' dir='ltr'><strong>habet</strong></span> <span class='ocrx_word' id='word_1_647' title='bbox 647 2264 749 2293; x_wconf 79' lang='lat' dir='ltr'><strong>portent</strong></span> <span class='ocrx_word' id='word_1_648' title='bbox 767 2260 792 2285; x_wconf 85' lang='lat' dir='ltr'><strong>iu</strong></span> <span class='ocrx_word' id='word_1_649' title='bbox 814 2261 1005 2288; x_wconf 71' lang='lat' dir='ltr'><strong>resurrectime</strong></span> 
     </span>
    </p>
   </div>
   <div class='ocr_carea' id='block_1_92' title="bbox 214 2302 1004 2339">
    <p class='ocr_par' dir='ltr' id='par_1_92' title="bbox 214 2302 1004 2339">
     <span class='ocr_line' id='line_1_93' title="bbox 214 2302 1004 2339; baseline 0.001 -9"><span class='ocrx_word' id='word_1_650' title='bbox 214 2305 312 2339; x_wconf 76' lang='lat' dir='ltr'><strong>prima.</strong></span> <span class='ocrx_word' id='word_1_651' title='bbox 329 2303 360 2330; x_wconf 85' lang='lat' dir='ltr'><strong>In</strong></span> <span class='ocrx_word' id='word_1_652' title='bbox 383 2303 423 2329; x_wconf 75' lang='lat' dir='ltr'><strong>his</strong></span> <span class='ocrx_word' id='word_1_653' title='bbox 441 2302 556 2329; x_wconf 70' lang='lat' dir='ltr'><strong>secunda</strong></span> <span class='ocrx_word' id='word_1_654' title='bbox 575 2311 644 2329; x_wconf 79' lang='lat' dir='ltr'><strong>mors</strong></span> <span class='ocrx_word' id='word_1_655' title='bbox 667 2310 718 2329; x_wconf 85' lang='lat' dir='ltr'><strong>non</strong></span> <span class='ocrx_word' id='word_1_656' title='bbox 733 2302 810 2330; x_wconf 81' lang='lat' dir='ltr'><strong>habet</strong></span> <span class='ocrx_word' id='word_1_657' title='bbox 827 2308 1004 2338; x_wconf 74' lang='lat' dir='ltr'><strong>potestatem:</strong></span> 
     </span>
    </p>
   </div>
   <div class='ocr_carea' id='block_1_93' title="bbox 213 2347 1004 2384">
    <p class='ocr_par' dir='ltr' id='par_1_93' title="bbox 213 2347 1004 2384">
     <span class='ocr_line' id='line_1_94' title="bbox 213 2347 1004 2384; baseline 0.001 -8"><span class='ocrx_word' id='word_1_658' title='bbox 213 2349 259 2376; x_wconf 73' lang='lat' dir='ltr'><strong>sed</strong></span> <span class='ocrx_word' id='word_1_659' title='bbox 281 2353 358 2376; x_wconf 85' lang='lat' dir='ltr'><strong>erunt</strong></span> <span class='ocrx_word' id='word_1_660' title='bbox 386 2347 534 2375; x_wconf 75' lang='lat' dir='ltr'><strong>sacerdotes</strong></span> <span class='ocrx_word' id='word_1_661' title='bbox 555 2347 601 2374; x_wconf 83' lang='lat' dir='ltr'><strong>Dei</strong></span> <span class='ocrx_word' id='word_1_662' title='bbox 626 2352 650 2374; x_wconf 79' lang='lat' dir='ltr'><strong>et</strong></span> <span class='ocrx_word' id='word_1_663' title='bbox 672 2347 790 2382; x_wconf 72' lang='lat' dir='ltr'><strong>Christi,</strong></span> <span class='ocrx_word' id='word_1_664' title='bbox 818 2354 842 2376; x_wconf 74' lang='lat' dir='ltr'><strong>et</strong></span> <span class='ocrx_word' id='word_1_665' title='bbox 861 2350 1004 2384; x_wconf 72' lang='lat' dir='ltr'><strong>regnabant</strong></span> 
     </span>
    </p>
   </div>
   <div class='ocr_carea' id='block_1_94' title="bbox 213 2393 525 2423">
    <p class='ocr_par' dir='ltr' id='par_1_94' title="bbox 213 2393 525 2423">
     <span class='ocr_line' id='line_1_95' title="bbox 213 2393 525 2423; baseline -0.006 0"><span class='ocrx_word' id='word_1_666' title='bbox 213 2403 273 2423; x_wconf 85' lang='lat' dir='ltr'><strong>cum</strong></span> <span class='ocrx_word' id='word_1_667' title='bbox 290 2394 336 2421; x_wconf 86' lang='lat' dir='ltr'><strong>illo</strong></span> <span class='ocrx_word' id='word_1_668' title='bbox 349 2393 421 2421; x_wconf 82' lang='lat' dir='ltr'><strong>mille</strong></span> <span class='ocrx_word' id='word_1_669' title='bbox 438 2393 525 2421; x_wconf 74' lang='lat' dir='ltr'><strong>anuis.</strong></span> 
     </span>
    </p>
   </div>
   <div class='ocr_carea' id='block_1_95' title="bbox 247 2486 999 2522">
    <p class='ocr_par' dir='ltr' id='par_1_95' title="bbox 247 2486 999 2522">
     <span class='ocr_line' id='line_1_96' title="bbox 247 2486 999 2522; baseline 0 -9"><span class='ocrx_word' id='word_1_670' title='bbox 247 2486 369 2514; x_wconf 86' lang='lat' dir='ltr'><strong>Mortuos</strong></span> <span class='ocrx_word' id='word_1_671' title='bbox 380 2489 470 2519; x_wconf 85' lang='lat' dir='ltr'><strong>vocat,</strong></span> <span class='ocrx_word' id='word_1_672' title='bbox 483 2486 529 2521; x_wconf 85' lang='lat' dir='ltr'><strong>qui</strong></span> <span class='ocrx_word' id='word_1_673' title='bbox 541 2486 566 2513; x_wconf 91' lang='lat' dir='ltr'><strong>in</strong></span> <span class='ocrx_word' id='word_1_674' title='bbox 579 2486 769 2514; x_wconf 78' lang='lat' dir='ltr'><strong>incredulitate</strong></span> <span class='ocrx_word' id='word_1_675' title='bbox 779 2493 999 2522; x_wconf 87' lang='lat' dir='ltr'><strong>permanserunt.</strong></span> 
     </span>
    </p>
   </div>
   <div class='ocr_carea' id='block_1_96' title="bbox 211 2531 1000 2565">
    <p class='ocr_par' dir='ltr' id='par_1_96' title="bbox 211 2531 1000 2565">
     <span class='ocr_line' id='line_1_97' title="bbox 211 2531 1000 2565; baseline 0.004 -7"><span class='ocrx_word' id='word_1_676' title='bbox 211 2531 446 2565; x_wconf 83' lang='lat' dir='ltr'><strong>Quemadmodum</strong></span> <span class='ocrx_word' id='word_1_677' title='bbox 461 2531 535 2558; x_wconf 90' lang='lat' dir='ltr'><strong>enim</strong></span> <span class='ocrx_word' id='word_1_678' title='bbox 556 2531 624 2559; x_wconf 81' lang='lat' dir='ltr'><strong>duas</strong></span> <span class='ocrx_word' id='word_1_679' title='bbox 649 2539 711 2560; x_wconf 84' lang='lat' dir='ltr'><strong>esse</strong></span> <span class='ocrx_word' id='word_1_680' title='bbox 727 2533 807 2563; x_wconf 81' lang='lat' dir='ltr'><strong>vitas.</strong></span> <span class='ocrx_word' id='word_1_681' title='bbox 832 2533 869 2560; x_wconf 89' lang='lat' dir='ltr'><strong>ita</strong></span> <span class='ocrx_word' id='word_1_682' title='bbox 890 2538 917 2561; x_wconf 89' lang='lat' dir='ltr'><strong>et</strong></span> <span class='ocrx_word' id='word_1_683' title='bbox 932 2533 1000 2561; x_wconf 84' lang='lat' dir='ltr'><strong>duas</strong></span> 
     </span>
    </p>
   </div>
   <div class='ocr_carea' id='block_1_97' title="bbox 211 2577 1003 2614">
    <p class='ocr_par' dir='ltr' id='par_1_97' title="bbox 211 2577 1003 2614">
     <span class='ocr_line' id='line_1_98' title="bbox 211 2577 1003 2614; baseline 0.003 -10"><span class='ocrx_word' id='word_1_684' title='bbox 211 2582 313 2605; x_wconf 80' lang='lat' dir='ltr'><strong>mortes</strong></span> <span class='ocrx_word' id='word_1_685' title='bbox 331 2577 389 2604; x_wconf 82' lang='lat' dir='ltr'><strong>sive</strong></span> <span class='ocrx_word' id='word_1_686' title='bbox 402 2577 629 2605; x_wconf 75' lang='lat' dir='ltr'><strong>mortificationcs</strong></span> <span class='ocrx_word' id='word_1_687' title='bbox 642 2585 675 2605; x_wconf 82' lang='lat' dir='ltr'><strong>ex</strong></span> <span class='ocrx_word' id='word_1_688' title='bbox 693 2578 783 2606; x_wconf 81' lang='lat' dir='ltr'><strong>divina</strong></span> <span class='ocrx_word' id='word_1_689' title='bbox 800 2578 941 2614; x_wconf 87' lang='lat' dir='ltr'><strong>Scriptura</strong></span> <span class='ocrx_word' id='word_1_690' title='bbox 957 2580 1003 2607; x_wconf 88' lang='lat' dir='ltr'><strong>do-</strong></span> 
     </span>
    </p>
   </div>
   <div class='ocr_carea' id='block_1_98' title="bbox 210 2622 1001 2659">
    <p class='ocr_par' dir='ltr' id='par_1_98' title="bbox 210 2622 1001 2659">
     <span class='ocr_line' id='line_1_99' title="bbox 210 2622 1001 2659; baseline 0.003 -9"><span class='ocrx_word' id='word_1_691' title='bbox 210 2631 316 2650; x_wconf 82' lang='lat' dir='ltr'><strong>cemur.</strong></span> <span class='ocrx_word' id='word_1_692' title='bbox 335 2622 382 2650; x_wconf 82' lang='lat' dir='ltr'><strong>Est</strong></span> <span class='ocrx_word' id='word_1_693' title='bbox 402 2622 486 2658; x_wconf 78' lang='lat' dir='ltr'><strong>igitur</strong></span> <span class='ocrx_word' id='word_1_694' title='bbox 502 2623 577 2658; x_wconf 89' lang='lat' dir='ltr'><strong>prior</strong></span> <span class='ocrx_word' id='word_1_695' title='bbox 592 2624 646 2650; x_wconf 83' lang='lat' dir='ltr'><strong>vita</strong></span> <span class='ocrx_word' id='word_1_696' title='bbox 662 2624 821 2659; x_wconf 77' lang='lat' dir='ltr'><strong>temporalis</strong></span> <span class='ocrx_word' id='word_1_697' title='bbox 834 2632 867 2652; x_wconf 88' lang='lat' dir='ltr'><strong>ac</strong></span> <span class='ocrx_word' id='word_1_698' title='bbox 880 2624 1001 2652; x_wconf 85' lang='lat' dir='ltr'><strong>carnalis</strong></span> 
     </span>
    </p>
   </div>
   <div class='ocr_carea' id='block_1_99' title="bbox 198 2669 1000 2706">
    <p class='ocr_par' dir='ltr' id='par_1_99' title="bbox 198 2669 1000 2706">
     <span class='ocr_line' id='line_1_100' title="bbox 198 2669 1000 2706; baseline 0.002 -10"><span class='ocrx_word' id='word_1_699' title='bbox 198 2671 272 2703; x_wconf 79' lang='lat' dir='ltr'><strong>post</strong></span> <span class='ocrx_word' id='word_1_700' title='bbox 301 2669 430 2703; x_wconf 70' lang='lat' dir='ltr'><strong>przecepti</strong></span> <span class='ocrx_word' id='word_1_701' title='bbox 455 2670 723 2704; x_wconf 74' lang='lat' dir='ltr'><strong>transgressionem,</strong></span> <span class='ocrx_word' id='word_1_702' title='bbox 746 2669 829 2706; x_wconf 66' lang='grc'><strong>814</strong></span> <span class='ocrx_word' id='word_1_703' title='bbox 857 2678 918 2705; x_wconf 77' lang='lat' dir='ltr'><strong>qua:</strong></span> <span class='ocrx_word' id='word_1_704' title='bbox 936 2679 1000 2698; x_wconf 78' lang='lat' dir='ltr'><strong>vero</strong></span> 
     </span>
    </p>
   </div>
   <div class='ocr_carea' id='block_1_100' title="bbox 210 2714 997 2750">
    <p class='ocr_par' dir='ltr' id='par_1_100' title="bbox 210 2714 997 2750">
     <span class='ocr_line' id='line_1_101' title="bbox 210 2714 997 2750; baseline 0.004 -10"><span class='ocrx_word' id='word_1_705' title='bbox 210 2718 271 2748; x_wconf 87' lang='lat' dir='ltr'><strong>post</strong></span> <span class='ocrx_word' id='word_1_706' title='bbox 292 2714 511 2742; x_wconf 81' lang='lat' dir='ltr'><strong>observationem</strong></span> <span class='ocrx_word' id='word_1_707' title='bbox 529 2720 728 2750; x_wconf 62' lang='lat' dir='ltr'><strong>praeceptorum</strong></span> <span class='ocrx_word' id='word_1_708' title='bbox 747 2715 925 2750; x_wconf 86' lang='lat' dir='ltr'><strong>promittitur,</strong></span> <span class='ocrx_word' id='word_1_709' title='bbox 943 2717 997 2743; x_wconf 82' lang='lat' dir='ltr'><strong>vita</strong></span> 
     </span>
    </p>
   </div>
   <div class='ocr_carea' id='block_1_101' title="bbox 211 2760 1002 2797">
    <p class='ocr_par' dir='ltr' id='par_1_101' title="bbox 211 2760 1002 2797">
     <span class='ocr_line' id='line_1_102' title="bbox 211 2760 1002 2797; baseline 0.005 -12"><span class='ocrx_word' id='word_1_710' title='bbox 211 2765 312 2787; x_wconf 55' lang='lat' dir='ltr'><strong>aeterna</strong></span> <span class='ocrx_word' id='word_1_711' title='bbox 327 2765 378 2788; x_wconf 79' lang='lat' dir='ltr'><strong>est.</strong></span> <span class='ocrx_word' id='word_1_712' title='bbox 402 2760 474 2788; x_wconf 72' lang='lat' dir='ltr'><strong>Ilors</strong></span> <span class='ocrx_word' id='word_1_713' title='bbox 491 2768 601 2796; x_wconf 88' lang='lat' dir='ltr'><strong>quoque</strong></span> <span class='ocrx_word' id='word_1_714' title='bbox 619 2762 743 2788; x_wconf 84' lang='lat' dir='ltr'><strong>similiter</strong></span> <span class='ocrx_word' id='word_1_715' title='bbox 758 2766 799 2788; x_wconf 63' lang='lat' dir='ltr'><strong>cst</strong></span> <span class='ocrx_word' id='word_1_716' title='bbox 815 2762 913 2797; x_wconf 81' lang='lat' dir='ltr'><strong>duplex</strong></span> <span class='ocrx_word' id='word_1_717' title='bbox 929 2771 936 2790; x_wconf 85' lang='lat'><strong><em>:</em></strong></span> <span class='ocrx_word' id='word_1_718' title='bbox 963 2762 1002 2789; x_wconf 89' lang='lat' dir='ltr'><strong>al-</strong></span> 
     </span>
    </p>
   </div>
   <div class='ocr_carea' id='block_1_102' title="bbox 243 2837 764 2873">
    <p class='ocr_par' dir='ltr' id='par_1_102' title="bbox 243 2837 764 2873">
     <span class='ocr_line' id='line_1_103' title="bbox 243 2837 764 2873; baseline 0.004 -8"><span class='ocrx_word' id='word_1_719' title='bbox 243 2838 268 2855; x_wconf 76' lang='lat'><strong><em>“</em></strong></span> <span class='ocrx_word' id='word_1_720' title='bbox 283 2837 356 2866; x_wconf 77' lang='lat' dir='ltr'><strong>Psal.</strong></span> <span class='ocrx_word' id='word_1_721' title='bbox 373 2846 408 2872; x_wconf 90' lang='lat' dir='ltr'><strong>tv,</strong></span> <span class='ocrx_word' id='word_1_722' title='bbox 426 2839 452 2867; x_wconf 89' lang='grc'><strong>7.</strong></span> <span class='ocrx_word' id='word_1_723' title='bbox 491 2840 513 2855; x_wconf 71' lang='grc'><strong>⁸⁸</strong></span> <span class='ocrx_word' id='word_1_724' title='bbox 531 2839 604 2869; x_wconf 76' lang='lat' dir='ltr'><strong>Psal.</strong></span> <span class='ocrx_word' id='word_1_725' title='bbox 622 2849 702 2873; x_wconf 71' lang='lat' dir='ltr'><strong>xxxv,</strong></span> <span class='ocrx_word' id='word_1_726' title='bbox 724 2841 764 2867; x_wconf 71' lang='lat' dir='ltr'><strong>l2.</strong></span> 
     </span>
    </p>
   </div>
   <div class='ocr_carea' id='block_1_103' title="bbox 1040 2715 1746 2753">
    <p class='ocr_par' dir='ltr' id='par_1_103' title="bbox 1040 2715 1746 2753">
     <span class='ocr_line' id='line_1_104' title="bbox 1040 2715 1746 2753; baseline -0.001 -11"><span class='ocrx_word' id='word_1_727' title='bbox 1040 2716 1101 2751; x_wconf 83' lang='grc' dir='ltr'>’τὴν</span> <span class='ocrx_word' id='word_1_728' title='bbox 1135 2715 1214 2743; x_wconf 80' lang='grc' dir='ltr'>θείων</span> <span class='ocrx_word' id='word_1_729' title='bbox 1256 2716 1372 2743; x_wconf 75' lang='grc' dir='ltr'>ἐντολῶν</span> <span class='ocrx_word' id='word_1_730' title='bbox 1403 2717 1520 2753; x_wconf 77' lang='grc' dir='ltr'>τήρησιν</span> <span class='ocrx_word' id='word_1_731' title='bbox 1553 2715 1746 2751; x_wconf 75' lang='grc' dir='ltr'>ὲπηγγελμένη</span> 
     </span>
    </p>
   </div>
   <div class='ocr_carea' id='block_1_104' title="bbox 1054 2260 1846 2295">
    <p class='ocr_par' dir='ltr' id='par_1_104' title="bbox 1054 2260 1846 2295">
     <span class='ocr_line' id='line_1_105' title="bbox 1054 2260 1846 2295; baseline 0.001 -8"><span class='ocrx_word' id='word_1_732' title='bbox 1054 2261 1206 2294; x_wconf 78' lang='grc' dir='ltr'>Μακάριος</span> <span class='ocrx_word' id='word_1_733' title='bbox 1223 2261 1270 2287; x_wconf 70' lang='lat' dir='ltr'><strong>xui</strong></span> <span class='ocrx_word' id='word_1_734' title='bbox 1286 2260 1371 2295; x_wconf 77' lang='grc' dir='ltr'>ἅγιος</span> <span class='ocrx_word' id='word_1_735' title='bbox 1387 2261 1404 2287; x_wconf 79' lang='grc' dir='ltr'><em>ὁ</em></span> <span class='ocrx_word' id='word_1_736' title='bbox 1418 2260 1496 2295; x_wconf 72' lang='grc' dir='ltr'>ἔχων</span> <span class='ocrx_word' id='word_1_737' title='bbox 1507 2262 1599 2294; x_wconf 78' lang='grc' dir='ltr'>μέρος</span> <span class='ocrx_word' id='word_1_738' title='bbox 1612 2261 1647 2287; x_wconf 85' lang='grc' dir='ltr'>ὲν</span> <span class='ocrx_word' id='word_1_739' title='bbox 1661 2261 1698 2295; x_wconf 82' lang='grc' dir='ltr'>τῇ</span> <span class='ocrx_word' id='word_1_740' title='bbox 1714 2261 1846 2288; x_wconf 75' lang='grc' dir='ltr'>ἀναστά-</span> 
     </span>
    </p>
   </div>
   <div class='ocr_carea' id='block_1_105' title="bbox 1054 2305 1844 2341">
    <p class='ocr_par' dir='ltr' id='par_1_105' title="bbox 1054 2305 1844 2341">
     <span class='ocr_line' id='line_1_106' title="bbox 1054 2305 1844 2341; baseline 0.003 -9"><span class='ocrx_word' id='word_1_741' title='bbox 1054 2314 1103 2333; x_wconf 89' lang='grc' dir='ltr'><strong>σει</strong></span> <span class='ocrx_word' id='word_1_742' title='bbox 1119 2305 1156 2340; x_wconf 75' lang='grc' dir='ltr'><em>τῇ</em></span> <span class='ocrx_word' id='word_1_743' title='bbox 1178 2305 1289 2340; x_wconf 84' lang='grc' dir='ltr'>πρώτῃ.</span> <span class='ocrx_word' id='word_1_744' title='bbox 1311 2305 1377 2332; x_wconf 79' lang='grc' dir='ltr'><strong>Ἐπὶ</strong></span> <span class='ocrx_word' id='word_1_745' title='bbox 1392 2306 1506 2333; x_wconf 81' lang='grc' dir='ltr'>τούτων</span> <span class='ocrx_word' id='word_1_746' title='bbox 1521 2307 1537 2332; x_wconf 85' lang='grc' dir='ltr'><em>ὀ</em></span> <span class='ocrx_word' id='word_1_747' title='bbox 1551 2306 1691 2340; x_wconf 78' lang='grc' dir='ltr'>δεύτερος</span> <span class='ocrx_word' id='word_1_748' title='bbox 1716 2306 1844 2341; x_wconf 78' lang='grc' dir='ltr'>θάνατος</span> 
     </span>
    </p>
   </div>
   <div class='ocr_carea' id='block_1_106' title="bbox 1054 2353 1844 2388">
    <p class='ocr_par' dir='ltr' id='par_1_106' title="bbox 1054 2353 1844 2388">
     <span class='ocr_line' id='line_1_107' title="bbox 1054 2353 1844 2388; baseline 0.003 -8"><span class='ocrx_word' id='word_1_749' title='bbox 1054 2355 1109 2381; x_wconf 78' lang='grc' dir='ltr'>οὐκ</span> <span class='ocrx_word' id='word_1_750' title='bbox 1122 2354 1184 2388; x_wconf 73' lang='grc' dir='ltr'>ἔχει</span> <span class='ocrx_word' id='word_1_751' title='bbox 1202 2353 1358 2385; x_wconf 79' lang='grc' dir='ltr'>ἐξουσίαν,</span> <span class='ocrx_word' id='word_1_752' title='bbox 1374 2353 1443 2380; x_wconf 77' lang='grc' dir='ltr'><strong>ἀλλ’</strong></span> <span class='ocrx_word' id='word_1_753' title='bbox 1457 2354 1579 2380; x_wconf 75' lang='grc' dir='ltr'>ἔσονται</span> <span class='ocrx_word' id='word_1_754' title='bbox 1598 2354 1686 2388; x_wconf 72' lang='grc' dir='ltr'>ἱερεῖς</span> <span class='ocrx_word' id='word_1_755' title='bbox 1701 2356 1753 2382; x_wconf 79' lang='grc' dir='ltr'>τοῦ</span> <span class='ocrx_word' id='word_1_756' title='bbox 1770 2355 1844 2382; x_wconf 81' lang='grc' dir='ltr'>Θεοῦ</span> 
     </span>
    </p>
   </div>
   <div class='ocr_carea' id='block_1_107' title="bbox 1054 2398 1844 2435">
    <p class='ocr_par' dir='ltr' id='par_1_107' title="bbox 1054 2398 1844 2435">
     <span class='ocr_line' id='line_1_108' title="bbox 1054 2398 1844 2435; baseline 0.003 -9"><span class='ocrx_word' id='word_1_757' title='bbox 1054 2400 1104 2426; x_wconf 78' lang='grc' dir='ltr'>καὶ</span> <span class='ocrx_word' id='word_1_758' title='bbox 1124 2399 1176 2426; x_wconf 82' lang='grc' dir='ltr'>τοῦ</span> <span class='ocrx_word' id='word_1_759' title='bbox 1199 2399 1340 2433; x_wconf 82' lang='grc' dir='ltr'>Χριστοῦ,</span> <span class='ocrx_word' id='word_1_760' title='bbox 1362 2398 1411 2426; x_wconf 74' lang='grc' dir='ltr'>καὶ</span> <span class='ocrx_word' id='word_1_761' title='bbox 1426 2399 1653 2432; x_wconf 73' lang='grc' dir='ltr'>βασιλεύσουσι</span> <span class='ocrx_word' id='word_1_762' title='bbox 1667 2402 1732 2435; x_wconf 80' lang='grc' dir='ltr'>μετ’</span> <span class='ocrx_word' id='word_1_763' title='bbox 1750 2401 1844 2428; x_wconf 82' lang='grc' dir='ltr'><strong>αὑτοῦ</strong></span> 
     </span>
    </p>
   </div>
   <div class='ocr_carea' id='block_1_108' title="bbox 1056 2445 1220 2480">
    <p class='ocr_par' dir='ltr' id='par_1_108' title="bbox 1056 2445 1220 2480">
     <span class='ocr_line' id='line_1_109' title="bbox 1056 2445 1220 2480; baseline 0 -9"><span class='ocrx_word' id='word_1_764' title='bbox 1056 2446 1139 2480; x_wconf 78' lang='grc' dir='ltr'>χΙλια</span> <span class='ocrx_word' id='word_1_765' title='bbox 1158 2445 1220 2478; x_wconf 80' lang='grc' dir='ltr'>ἐτη.</span> 
     </span>
    </p>
   </div>
   <div class='ocr_carea' id='block_1_109' title="bbox 1090 2489 1844 2526">
    <p class='ocr_par' dir='ltr' id='par_1_109' title="bbox 1090 2489 1844 2526">
     <span class='ocr_line' id='line_1_110' title="bbox 1090 2489 1844 2526; baseline -0.001 -9"><span class='ocrx_word' id='word_1_766' title='bbox 1090 2491 1214 2526; x_wconf 75' lang='grc' dir='ltr'>Νεκροῦς</span> <span class='ocrx_word' id='word_1_767' title='bbox 1239 2490 1268 2517; x_wconf 78' lang='grc' dir='ltr'>δὲ</span> <span class='ocrx_word' id='word_1_768' title='bbox 1293 2490 1370 2517; x_wconf 80' lang='grc' dir='ltr'>καλεῖ</span> <span class='ocrx_word' id='word_1_769' title='bbox 1396 2489 1459 2520; x_wconf 76' lang='grc' dir='ltr'>τοὺς</span> <span class='ocrx_word' id='word_1_770' title='bbox 1476 2491 1504 2516; x_wconf 83' lang='grc' dir='ltr'>ὲν</span> <span class='ocrx_word' id='word_1_771' title='bbox 1527 2491 1559 2525; x_wconf 84' lang='grc' dir='ltr'>τῇ</span> <span class='ocrx_word' id='word_1_772' title='bbox 1580 2490 1694 2525; x_wconf 75' lang='grc' dir='ltr'>ἀπιστίᾳ.</span> <span class='ocrx_word' id='word_1_773' title='bbox 1724 2499 1844 2525; x_wconf 79' lang='grc' dir='ltr'>μεμενη-</span> 
     </span>
    </p>
   </div>
   <div class='ocr_carea' id='block_1_110' title="bbox 1055 2533 1840 2569">
    <p class='ocr_par' dir='ltr' id='par_1_110' title="bbox 1055 2533 1840 2569">
     <span class='ocr_line' id='line_1_111' title="bbox 1055 2533 1840 2569; baseline -0.001 -7"><span class='ocrx_word' id='word_1_774' title='bbox 1055 2535 1147 2566; x_wconf 79' lang='grc' dir='ltr'>κότας.</span> <span class='ocrx_word' id='word_1_775' title='bbox 1157 2535 1262 2569; x_wconf 86' lang='grc' dir='ltr'>Ὠσπερ</span> <span class='ocrx_word' id='word_1_776' title='bbox 1274 2535 1328 2569; x_wconf 86' lang='grc' dir='ltr'><strong>γὰρ</strong></span> <span class='ocrx_word' id='word_1_777' title='bbox 1342 2533 1388 2560; x_wconf 84' lang='grc' dir='ltr'>δύο</span> <span class='ocrx_word' id='word_1_778' title='bbox 1405 2533 1567 2566; x_wconf 75' lang='grc' dir='ltr'>ζωὰς,οὖτω</span> <span class='ocrx_word' id='word_1_779' title='bbox 1583 2534 1630 2560; x_wconf 76' lang='grc' dir='ltr'><strong>καὶ</strong></span> <span class='ocrx_word' id='word_1_780' title='bbox 1643 2534 1689 2560; x_wconf 86' lang='grc' dir='ltr'>δύο</span> <span class='ocrx_word' id='word_1_781' title='bbox 1699 2534 1840 2566; x_wconf 80' lang='grc' dir='ltr'>θανάτους,</span> 
     </span>
    </p>
   </div>
   <div class='ocr_carea' id='block_1_111' title="bbox 1053 2579 1840 2616">
    <p class='ocr_par' dir='ltr' id='par_1_111' title="bbox 1053 2579 1840 2616">
     <span class='ocr_line' id='line_1_112' title="bbox 1053 2579 1840 2616; baseline -0.001 -9"><span class='ocrx_word' id='word_1_782' title='bbox 1053 2582 1137 2616; x_wconf 75' lang='grc' dir='ltr'>ἤγουν</span> <span class='ocrx_word' id='word_1_783' title='bbox 1152 2580 1301 2615; x_wconf 78' lang='grc' dir='ltr'>νεκρώσεις</span> <span class='ocrx_word' id='word_1_784' title='bbox 1323 2581 1355 2606; x_wconf 81' lang='grc' dir='ltr'>ὲκ</span> <span class='ocrx_word' id='word_1_785' title='bbox 1370 2580 1420 2614; x_wconf 83' lang='grc' dir='ltr'><strong>τῆς</strong></span> <span class='ocrx_word' id='word_1_786' title='bbox 1434 2579 1509 2611; x_wconf 88' lang='grc' dir='ltr'>θείας</span> <span class='ocrx_word' id='word_1_787' title='bbox 1524 2580 1636 2615; x_wconf 78' lang='grc' dir='ltr'>Γραφῆς</span> <span class='ocrx_word' id='word_1_788' title='bbox 1647 2580 1840 2615; x_wconf 81' lang='grc' dir='ltr'>διδασκόμεθα.</span> 
     </span>
    </p>
   </div>
   <div class='ocr_carea' id='block_1_112' title="bbox 1054 2621 1843 2660">
    <p class='ocr_par' dir='ltr' id='par_1_112' title="bbox 1054 2621 1843 2660">
     <span class='ocr_line' id='line_1_113' title="bbox 1054 2621 1843 2660; baseline 0.001 -10"><span class='ocrx_word' id='word_1_789' title='bbox 1054 2624 1149 2650; x_wconf 82' lang='grc' dir='ltr'>Ἔστιν</span> <span class='ocrx_word' id='word_1_790' title='bbox 1172 2621 1219 2650; x_wconf 79' lang='grc' dir='ltr'>οὖν</span> <span class='ocrx_word' id='word_1_791' title='bbox 1233 2625 1250 2659; x_wconf 87' lang='grc' dir='ltr'><strong>ὴ</strong></span> <span class='ocrx_word' id='word_1_792' title='bbox 1269 2624 1318 2658; x_wconf 81' lang='grc' dir='ltr'>μὲν</span> <span class='ocrx_word' id='word_1_793' title='bbox 1335 2624 1431 2659; x_wconf 85' lang='grc' dir='ltr'>πρώτη</span> <span class='ocrx_word' id='word_1_794' title='bbox 1449 2624 1505 2659; x_wconf 78' lang='grc' dir='ltr'>ζωὴ</span> <span class='ocrx_word' id='word_1_795' title='bbox 1529 2625 1546 2660; x_wconf 80' lang='grc' dir='ltr'>ἠ</span> <span class='ocrx_word' id='word_1_796' title='bbox 1565 2624 1632 2659; x_wconf 84' lang='grc' dir='ltr'>μετὰ</span> <span class='ocrx_word' id='word_1_797' title='bbox 1647 2624 1719 2660; x_wconf 81' lang='grc' dir='ltr'>[τὴν]</span> <span class='ocrx_word' id='word_1_798' title='bbox 1733 2625 1781 2659; x_wconf 77' lang='grc' dir='ltr'><strong>τῆς</strong></span> <span class='ocrx_word' id='word_1_799' title='bbox 1798 2625 1843 2651; x_wconf 66' lang='grc' dir='ltr'><strong>ἔνο</strong></span> 
     </span>
    </p>
   </div>
   <div class='ocr_carea' id='block_1_113' title="bbox 1051 2669 1842 2705">
    <p class='ocr_par' dir='ltr' id='par_1_113' title="bbox 1051 2669 1842 2705">
     <span class='ocr_line' id='line_1_114' title="bbox 1051 2669 1842 2705; baseline -0.001 -9"><span class='ocrx_word' id='word_1_800' title='bbox 1051 2670 1131 2704; x_wconf 82' lang='grc' dir='ltr'>τολῆς</span> <span class='ocrx_word' id='word_1_801' title='bbox 1143 2669 1300 2704; x_wconf 78' lang='grc' dir='ltr'>παράϐασιν</span> <span class='ocrx_word' id='word_1_802' title='bbox 1313 2670 1481 2705; x_wconf 83' lang='grc' dir='ltr'>πρόσκαιρος</span> <span class='ocrx_word' id='word_1_803' title='bbox 1494 2670 1541 2696; x_wconf 76' lang='grc' dir='ltr'>καὶ</span> <span class='ocrx_word' id='word_1_804' title='bbox 1553 2670 1681 2705; x_wconf 76' lang='grc' dir='ltr'>σαρκικὴ,</span> <span class='ocrx_word' id='word_1_805' title='bbox 1698 2670 1714 2704; x_wconf 80' lang='grc' dir='ltr'><strong>ἡ</strong></span> <span class='ocrx_word' id='word_1_806' title='bbox 1729 2669 1756 2695; x_wconf 71' lang='grc' dir='ltr'>δι</span> <span class='ocrx_word' id='word_1_807' title='bbox 1773 2671 1842 2704; x_wconf 75' lang='grc' dir='ltr'>μετὰ</span> 
     </span>
    </p>
   </div>
   <div class='ocr_carea' id='block_1_114' title="bbox 1786 2714 1843 2749">
    <p class='ocr_par' dir='ltr' id='par_1_114' title="bbox 1786 2714 1843 2749">
     <span class='ocr_line' id='line_1_115' title="bbox 1786 2714 1843 2749; baseline 0.035 -2"><span class='ocrx_word' id='word_1_808' title='bbox 1786 2714 1843 2749; x_wconf 65' lang='grc' dir='ltr'><strong>ζωὴ</strong></span> 
     </span>
    </p>
   </div>
   <div class='ocr_carea' id='block_1_115' title="bbox 1052 2760 1843 2798">
    <p class='ocr_par' dir='ltr' id='par_1_115' title="bbox 1052 2760 1843 2798">
     <span class='ocr_line' id='line_1_116' title="bbox 1052 2760 1843 2798; baseline -0.004 -9"><span class='ocrx_word' id='word_1_809' title='bbox 1052 2763 1170 2795; x_wconf 75' lang='grc' dir='ltr'>αἰώνιος.</span> <span class='ocrx_word' id='word_1_810' title='bbox 1185 2762 1243 2789; x_wconf 55' lang='grc' dir='ltr'><strong>’Καὶ</strong></span> <span class='ocrx_word' id='word_1_811' title='bbox 1258 2762 1368 2791; x_wconf 77' lang='grc' dir='ltr'>θάνατοι</span> <span class='ocrx_word' id='word_1_812' title='bbox 1383 2762 1410 2789; x_wconf 76' lang='grc' dir='ltr'>δὲ</span> <span class='ocrx_word' id='word_1_813' title='bbox 1429 2762 1530 2798; x_wconf 84' lang='grc' dir='ltr'>ὁμοίως</span> <span class='ocrx_word' id='word_1_814' title='bbox 1542 2761 1603 2789; x_wconf 62' lang='grc' dir='ltr'>δύω</span> <span class='ocrx_word' id='word_1_815' title='bbox 1618 2762 1632 2789; x_wconf 85' lang='grc' dir='ltr'><strong>ό</strong></span> <span class='ocrx_word' id='word_1_816' title='bbox 1648 2761 1697 2797; x_wconf 83' lang='grc' dir='ltr'>μὲν</span> <span class='ocrx_word' id='word_1_817' title='bbox 1711 2760 1843 2798; x_wconf 75' lang='grc' dir='ltr'>σαρκικδς</span> 
     </span>
    </p>
   </div>
  </div>
