2092 3157
211 177 269 210 7Ξ3

739 181 920 212 COMMENT
941 181 981 211 IN
1002 179 1267 211 APOCALYPSIN.

1774 175 1827 208 754

211 232 258 258 καὶ
274 231 452 266 πρόσκαιρος,
463 231 477 258 ὁ
490 231 518 258 δὲ
528 231 562 258 δι’
576 232 783 268 ἁμαρτημάτων
794 233 897 260 ἔκτισιν
912 234 941 259 ὲν
957 233 997 268 τῷ

1048 235 1105 258 tera
1126 230 1235 265 quidem
1254 228 1374 256 carnalis
1395 235 1427 254 ac
1444 227 1619 261 temporalis;
1638 234 1699 260 quin
1715 235 1780 255 vero
1796 229 1833 256 ob

213 276 336 311 μέλλοντι
354 277 432 304 αἰῶνι
446 277 627 313 ἑπαγόμενος,
643 278 819 314 ἀτελεύτητος
835 279 882 305 καὶ
897 279 994 310 ἀΐδιος,

211 321 280 356 ὅπερ
294 322 396 356 ἐστὶνὴ
410 322 456 348 τοῦ
468 322 554 358 πυρὸς
567 323 673 356 γέεννα.
696 323 775 351 ’Λλλά
789 332 820 357 γε
831 323 877 350 καὶ
892 324 996 358 νεκρῶν

211 366 344 401 διαφορὰς
356 366 542 402 γινώσκομεν·
558 369 582 394 οι
598 368 647 402 μὲν
663 369 784 402 φευχτσὶ,
799 369 864 403 περὶ
877 365 914 395 ὧν
928 377 995 403 φησι

213 411 285 437 καὶὸ
296 412 447 446 προφήτηςν
458 412 490 438 Οἱ
503 412 532 439 δὲ
540 412 631 446 νεκροὶ
642 413 716 448 ζωὴν
724 414 755 440 οὐ
767 413 805 449 μὴ
817 413 917 440 ἴδωσιν·
930 415 956 440 οἱ
967 414 996 440 δὲ

213 456 361 486 ἐπαινεταὶ,
371 457 395 482 ol
407 456 451 483 διὰ
465 457 583 492 Χριστὸν
595 458 645 489 τὰς
654 458 702 492 ήδυ
707 458 801 490 παθεῖς
811 458 857 485 τοῦ
869 459 996 494 σώματος

211 500 329 535 πράξεις
343 500 564 535 ἀποκτιννύντες,
580 502 630 536 τὴν
647 503 780 537 νέκρωσιν
794 502 843 529 τοῦ
866 502 952 538 Ἰησοῦ
967 504 996 530 ἐν

211 546 251 580 τῷ
265 545 372 580 σῶματι
387 547 594 581 περιφέροντες,
617 547 648 573 Ἦ
666 548 694 573 δὲ
708 548 822 582 δευτέρα
837 548 995 580 ἀνάστασις,

212 592 229 625 ἡ
245 590 374 626 καθολική
392 592 449 617 ἐστι
463 591 514 617 τῶι.
531 592 674 626 σωμάτων,
686 593 746 627 ἥτις
759 592 906 624 ἀνάστασις
924 593 995 628 ἀρχὴ

211 634 261 669 τῆς
273 634 421 670 μελλούσης
435 635 527 667 αὐτοῖς
538 636 673 668 κολάσεως
685 637 801 670 γίνεται.
815 638 892 664 Κατὰ
903 638 931 664 δὲ
942 638 996 664 τῶν

210 679 260 714 τὴν
281 679 393 716 πρώτην
413 681 665 716 εὐδαιμονησάντων
689 682 836 710 ἀνάστασιν
862 685 912 710 οὐκ
940 683 996 718 ἔχει

211 725 336 757 ἐξουσίαν
345 727 359 752 ὁ
368 725 493 761 δεύτερος
504 727 558 753 ἀπὸ
573 727 622 762 τῆς
632 728 768 763 ἁμαρτίας
781 728 849 763 πρὸς
863 729 998 763 τιμωρίαν

212 769 404 796 ἀποκαθιστιῖη
420 769 545 801 θάνατος,
563 770 619 796 ἀλλ’
636 770 742 796 ἔσονται
759 772 842 806 ἱερεῖς
858 770 904 797 τοῦ
929 770 997 797 Θεοῦ

212 815 260 842 καὶ
276 815 323 843 τοῦ
340 817 470 852 Χριστοῦ.
484 817 564 844 Χίλια
577 817 616 849 δὲ,
633 818 663 843 οὐ
678 818 711 844 τὰ
725 817 763 852 τῷ
781 818 873 844 δεκάδι
888 818 998 853 ἀριθμῷ

212 859 258 889 τὸν
272 860 371 887 ἑκατὸν
383 861 592 896 συντελούμενα.
605 862 662 888 ἀλλ’
677 863 770 897 ἐπειδὴ
781 864 795 889 ὁ
809 863 920 895 δέκατος
935 864 997 899 ἀρι-

213 904 281 939 θμὸς
301 905 407 940 πρῶτος
424 891 540 941 ἀριθμδς
561 907 663 939 τέλειος
677 908 709 934 ὲκ
730 891 852 942 μονάδων
869 891 994 944 συνέστη,
1014 891 1035 918 Β

212 948 271 976 εἶτα
285 950 365 977 πάλιν
372 951 454 982 αὐτὸς
464 951 503 986 τῷ
519 951 652 987 δεκαδικῷ
662 953 826 988 διαστήματι
839 953 884 980 τὸν
901 954 997 981 ἑκατὸν

212 995 371 1029 ἀπετέλεσε,
385 997 432 1024 καὶ
445 997 536 1030 πάλιν,
551 994 629 1029 οὗτος
642 999 688 1024 ἐπὶ
701 999 756 1025 τῶν
769 999 835 1026 δέκα
858 1000 997 1027 πολυπλα-

213 1040 333 1072 σιασθεὶς
347 1041 401 1067 ἀπὸ
416 1041 518 1069 τούτων
533 1043 582 1077 τὴν
595 1044 696 1078 σωρίδα
710 1044 757 1070 τοῦ
772 1045 845 1079 χίλια
865 1047 997 1081 συνεστή-

213 1093 278 1111 σατο
291 1086 322 1112 ἐκ
337 1086 439 1112 τελείου
455 1087 523 1121 πρὸς
539 1087 704 1123 τελειότερον
722 1090 906 1124 καταντήσας,
922 1091 996 1117 είκό-

212 1138 266 1162 τως
281 1130 320 1166 τῷ
337 1131 481 1166 ὕπερτελεῖ
502 1132 561 1167 Θεῷ
581 1133 610 1158 τὸ
628 1133 729 1160 τέλειον
741 1134 791 1168 τῆς
807 1135 876 1170 μετὰ
890 1135 997 1170 ἀνθρώ-

214 1183 273 1201 πων
304 1176 497 1212 συνδιατριδῆς
529 1177 706 1213 ἀςωρίσατο,
737 1179 786 1214 οὐχ
815 1180 857 1206 ὅτι
890 1180 997 1212 πάντως

213 1220 340 1247 τοσοῦτον
364 1222 403 1257 τῷ
424 1222 551 1257 ἀριῦμῷ,
582 1223 650 1249 ἀλλὰ
671 1223 714 1250 διὰ
729 1223 776 1250 τοῦ
801 1224 904 1251 τελείου
919 1225 997 1252 τοῦτο

214 1266 380 1300 ἐμφανίζων,
402 1267 439 1298 ὡς
464 1269 518 1294 πᾶν
544 1268 558 1294 ὃ
582 1269 614 1295 ἂν
630 1269 726 1304 χρόνου
753 1270 891 1305 διάστημα
913 1270 997 1302 διεξο-

214 1312 296 1348 δευῑιῇ
311 1314 379 1347 μετὰ
393 1314 442 1348 τῆς
455 1313 605 1348 ἀνθρώπων
616 1315 663 1341 τοῦ
680 1316 798 1351 Χριστοῦ
816 1325 997 1352 συναναστρο-

214 1358 278 1394 φῆς,
295 1358 344 1385 οὐκ
358 1358 391 1386 ἂν
402 1359 480 1386 τοῦτο
491 1360 530 1392 τῷ
543 1361 633 1387 ἀτελεῖ
643 1362 856 1397 προσνεμηθείη.

501 1460 625 1487 ΚΕΦᾹΛ.
651 1460 709 1487 El".

401 1517 469 1551 Περὶ
485 1517 537 1544 τοῦ
550 1517 620 1552 Γὼγ
633 1519 681 1544 καί
694 1518 812 1554 Μαγώγ.

249 1571 303 1598 Kal
314 1571 385 1605 μετὰ
399 1573 435 1598 τὰ
449 1572 531 1606 χίλια
543 1573 594 1606 ἔτη
607 1573 772 1607 λυθήσεται
786 1576 803 1601 ό
814 1575 951 1608 Σατανᾶς
966 1576 999 1603 ἐκ

212 1616 267 1651 τῆς
287 1616 426 1651 φυλακῆς
442 1617 545 1650 αὐτοῦ,
563 1618 612 1644 καὶ
626 1618 819 1650 ἐξελεύσεται
841 1620 998 1655 πλανῆσαι

213 1662 248 1687 τὰ
269 1661 342 1694 ἔθνη
359 1661 395 1688 τὰ
407 1662 442 1688 ἐν
460 1662 523 1695 ταῖς
540 1662 688 1696 τέσσαρσι
710 1665 831 1698 γωνίαις
854 1665 909 1699 τῆς
931 1666 997 1700 γῆς,

213 1706 266 1732 τὸν
281 1705 347 1740 Γὼγ
362 1705 411 1732 και
425 1706 479 1732 τὸν
490 1706 608 1740 Ματὼγ,
625 1708 808 1743 συναγαγεῖν
823 1709 934 1742 αὐτοὺς
955 1712 999 1743 εἰς

212 1751 266 1777 τᾶν
279 1751 422 1785 πόλεμον,
438 1748 482 1778 ὧν
500 1753 516 1778 d
531 1751 653 1786 ἀριθμός
673 1753 744 1780 ὡσεὶ
766 1754 861 1789 ἄμμος
878 1755 933 1789 τῆς
946 1757 996 1782 θα-

212 1796 345 1830 λάσσης.
363 1798 416 1824 Kal
432 1798 585 1831 ἀνέϐησαν
605 1798 653 1825 ἐπι
669 1799 702 1825 τὸ
722 1799 837 1833 πλάτος
862 1800 916 1834 τῆς
929 1800 996 1835 γῆς,

213 1843 260 1870 κα)
289 1843 468 1870 ἐκύκμιωσαν
505 1844 562 1878 τὴν
588 1846 780 1880 παρεμϐολὴν
809 1845 868 1872 τῶν
898 1847 999 1881 ἁγίων,

214 1889 262 1914 καὶ
276 1888 332 1922 τὴν
345 1889 436 1916 πόλιν
452 1889 510 1921 τὴν
523 1890 728 1925 ἠγαπημένην.
746 1891 800 1918 Kal
815 1891 922 1925 κατέϐη
939 1891 999 1926 πῦρ

213 1932 246 1959 ἐκ
264 1933 316 1959 τοῦ
339 1934 469 1967 οὐρανοῦ
493 1934 552 1961 ἀπὸ
574 1934 626 1961 τοῦ
654 1935 739 1967 Θεοῦ,
767 1935 817 1962 καὶ
833 1935 1001 1970 κατέφαγεν

212 1979 335 2010 αὐτούς.
348 1980 403 2005 Kal
417 1981 433 2006 ὁ
448 1978 586 2012 διάϐολος
600 1981 616 2006 ό
631 1979 756 2006 πλανῶν
766 1980 877 2013 αὐτοὺς
887 1981 999 2015 ἐϐλήθη

214 2026 257 2056 εἰς
276 2023 332 2058 τὴν
346 2024 459 2058 ¹ιίημνιην·
476 2024 529 2051 τοῦ
546 2023 640 2058 πυρὸς
668 2023 718 2051 καὶ
741 2024 832 2056 σείου,
856 2024 932 2052 ὅπου
950 2025 999 2051 καὶ

1048 277 1234 310 rcpensionetn
1259 278 1431 308 peccatorum
1452 273 1479 300 in
1497 273 1589 300 futuro
1604 273 1705 300 saeculo
1725 273 1832 300 induci-

1048 326 1102 352 tur.
1119 321 1282 355 sempiterna
1297 324 1338 346 est
1349 324 1375 346 et
1388 318 1440 345 ﬁne
1456 325 1565 349 carens,
1577 325 1638 352 quae
1652 323 1694 349 est
1706 318 1831 353 gehenna

1047 367 1128 398 ignis.
1152 365 1205 392 Sed
1223 369 1250 391 et
1275 369 1445 391 mortuorum
1469 363 1654 391 diversitatem
1684 364 1829 397 cognosci-

1048 419 1109 438 mus
1123 419 1130 438 :
1146 410 1191 437 alii
1205 410 1315 444 quidem
1334 409 1452 443 fugiendi
1467 413 1542 441 sunt,
1555 408 1588 435 de
1603 409 1704 444 quibus
1717 409 1754 436 ait
1768 408 1832 435 Pro-

1047 456 1126 490 pheta
1142 465 1150 483 ι
1176 455 1273 482 Mortui
1289 455 1371 482 vitam
1396 462 1450 481 non
1465 454 1576 481 videant
1595 462 1603 481 τ
1628 454 1673 481 alii
1690 461 1755 481 vero
1774 455 1833 481 lau-

1047 500 1139 530 dandi.
1156 500 1202 534 qui
1219 504 1329 534 propter
1350 498 1489 526 Christum
1516 499 1692 533 voluptuosas
1708 499 1832 533 corporis

1047 546 1219 580 operationes
1240 546 1437 574 internitentes.
1463 545 1701 572 mortiﬁcationem
1723 544 1788 571 Jesu
1805 545 1831 571 iii

1047 598 1161 625 corpore
1181 590 1390 618 circumferunt.
1411 589 1497 616 Porro
1524 590 1643 617 secunda
1667 590 1833 617 resurrectio

1047 636 1210 663 universalis
1229 640 1271 662 est
1292 643 1452 669 corporum,
1473 642 1533 669 quae
1559 635 1725 662 resurrectio
1749 635 1832 662 futuri

1048 681 1174 715 supplicii
1204 680 1271 715 ipsis
1299 679 1414 707 edicitur
1447 679 1566 706 initium.
1598 679 1738 707 Adversus
1771 680 1832 707 illos

1049 732 1138 754 autem
1151 726 1197 761 qui
1213 726 1296 760 priori
1312 725 1510 752 resurrectione
1525 724 1670 751 beatiﬁcati
1688 729 1762 756 sunt.
1778 732 1843 751 non-

1049 772 1130 799 habct
1148 775 1311 806 potestatem
1328 777 1414 802 mors.
1433 777 1494 804 qua;
1511 777 1525 796 a
1542 774 1654 804 peccato
1674 769 1834 796 transmittit

1048 817 1081 843 ad
1093 817 1257 852 supplicium
1271 825 1278 842 ε
1292 816 1340 843 sed
1355 815 1601 842 eruntsacerdotes
1618 813 1663 840 Dei
1680 818 1706 840 et
1720 813 1831 841 Christi.

1049 861 1121 889 Mille
1136 869 1201 889 vero
1226 869 1280 888 non
1304 861 1436 888 dicuntur
1459 868 1520 895 quae
1541 860 1655 894 decupla
1683 859 1832 886 centenarii

1050 907 1157 934 nutneri
1172 906 1396 942 multiplicatione
1416 905 1621 932 conﬁciuntur:
1639 905 1685 931 sed
1702 905 1831 938 quoniam

1050 953 1178 980 denarius
1190 959 1320 979 numerus
1334 951 1438 986 primus
1450 954 1491 978 est
1505 949 1640 985 perlectus
1652 958 1783 977 numerus
1799 958 1831 975 ex

1051 998 1200 1026 unitatibus
1213 998 1376 1024 constitutus
1386 1017 1393 1026 .
1409 996 1508 1023 deinde
1523 1002 1630 1023 rursum
1648 995 1707 1029 ipse
1722 994 1833 1021 ili-nario

1050 1043 1194 1070 intervallo
1211 1046 1321 1069 centum
1347 1040 1508 1073 constituit,
1535 1045 1563 1067 et
1588 1041 1685 1066 iterum
1716 1039 1761 1066 hic
1787 1047 1834 1073 per

1050 1089 1142 1115 decem
1159 1087 1354 1121 multiplicatus
1368 1093 1496 1113 acervum
1510 1085 1621 1112 conﬁcit
1638 1084 1833 1114 millcnarium.

1051 1141 1064 1159 a
1082 1133 1202 1168 perfecto
1215 1131 1363 1167 procedens
1376 1131 1410 1158 ad
1431 1130 1588 1165 perfectiusl
1608 1130 1706 1156 merito
1727 1128 1834 1163 perfec-

1051 1179 1149 1206 tionem
1165 1178 1293 1206 distincte
1309 1177 1460 1212 assignavit
1475 1176 1677 1204 conversationi
1694 1175 1834 1209 perfectis-

1050 1225 1112 1251 simi
1129 1224 1174 1251 Dei
1190 1231 1252 1251 cum
1276 1223 1434 1251 hominibus
1448 1232 1454 1250 :
1471 1231 1526 1250 non
1541 1223 1613 1257 quod
1630 1222 1743 1249 omnino
1759 1225 1834 1248 tanto

1050 1274 1121 1296 esset
1136 1277 1269 1296 annorum
1286 1276 1411 1300 numero,
1428 1269 1474 1295 sed
1498 1269 1549 1294 hoc
1564 1267 1730 1302 perfectione
1746 1266 1834 1293 inani-

1051 1314 1141 1345 festat,
1161 1319 1189 1341 ut
1212 1320 1456 1349 quantumcunque
1471 1317 1544 1340 esset
1557 1312 1687 1346 temporis
1707 1312 1835 1338 interval-

1051 1361 1107 1386 lum
1131 1359 1347 1387 conversationis
1367 1359 1468 1387 Christi
1492 1366 1554 1386 cuin
1582 1357 1756 1389 hominibus,
1783 1357 1835 1383 hoc

1052 1413 1222 1440 nequaquam
1241 1405 1440 1440 iinperl'ectioni
1453 1404 1656 1431 attribueretur.

1331 1459 1444 1486 CAPUT
1462 1459 1552 1486 LXIII.

1313 1516 1348 1542 De
1361 1515 1416 1550 Gog
1431 1522 1454 1543 et
1470 1516 1574 1551 Magog.

1014 1563 1036 1591 (ἶ
1087 1572 1147 1604 XX,
1173 1571 1246 1599 7-l0.
1265 1571 1298 1597 Et
1319 1576 1377 1605 post
1393 1571 1464 1598 mille
1483 1579 1566 1598 annos
1593 1571 1834 1598 solvam-Satanas

1048 1618 1198 1644 de‘carcere
1212 1625 1259 1644 tuo
1276 1625 1283 1642 :
1301 1623 1324 1644 et
1344 1617 1424 1644 exibit
1437 1621 1464 1643 ut
1481 1618 1588 1644 seducat
1604 1622 1690 1651 gentes
1705 1625 1762 1652 quat
1773 1623 1834 1643 sunt

1048 1663 1073 1689 in
1087 1668 1202 1698 quatuor
1218 1663 1322 1697 angulis
1334 1669 1411 1690 terrae
1427 1662 1482 1697 συθ
1495 1667 1520 1690 et
1535 1662 1642 1697 Magog,
1658 1667 1687 1689 ut
1699 1668 1834 1698 congregat

1047 1717 1090 1736 eos
1115 1709 1142 1735 in
1170 1709 1306 1742 praelium.
1329 1717 1441 1743 quorum
1462 1716 1587 1735 numerus
1605 1713 1644 1735 est
1669 1710 1737 1735 sicut
1754 1717 1836 1735 arma

1048 1754 1140 1781 maris.
1166 1753 1200 1780 Et
1225 1754 1400 1780 ascenderunt
1418 1761 1498 1788 super
1511 1754 1679 1781 latitudinem
1703 1758 1790 1787 terra,
1810 1759 1836 1781 et

1050 1800 1206 1827 obsederunt
1220 1804 1308 1826 castra
1331 1805 1482 1826 sanctorum
1499 1799 1581 1834 815
1594 1808 1625 1826 ac
1639 1800 1772 1827 civitatem
1793 1801 1836 1826 tli-

1047 1846 1152 1872 lectam.
1171 1844 1205 1871 Et
1221 1845 1354 1872 descendit
1370 1845 1438 1879 ignis
1455 1845 1486 1871 de
1498 1845 1560 1871 caelo
1574 1854 1589 1871 a
1607 1845 1671 1876 Deo.
1684 1850 1707 1872 et
1725 1845 1835 1872 devora-

1047 1891 1082 1918 vit
1099 1899 1163 1923 eos;
1181 1896 1206 1918 et
1226 1891 1349 1918 diabolus
1362 1891 1407 1925 qui
1423 1892 1560 1918 seducebat
1582 1900 1625 1918 eos
1640 1891 1733 1918 missus
1752 1896 1789 1918 est
1809 1893 1835 1918 in

1047 1941 1170 1971 stagnum
1188 1936 1257 1971 ignis
1269 1941 1294 1963 et
1309 1937 1454 1971 sulphuris,
1471 1937 1516 1962 ubi
1529 1941 1554 1963 et
1572 1937 1655 1963 bestia
1675 1942 1699 1963 ει
1724 1938 1836 1971 pseudo-

1047 1982 1173 2015 propheta
1198 1986 1278 2013 sunt;
1295 1986 1319 2008 et
1337 1982 1526 2008 cruciabuutur
1542 1982 1585 2008 die
1608 1990 1638 2007 ac
1653 1987 1727 2008 nocte
1741 1982 1769 2008 in
1784 1990 1832 2008 srr-

1048 2028 1110 2053 cula
1124 2027 1295 2054 seculorum.

214 2071 247 2096 τὸ
262 2070 365 2104 θηρίον
375 2071 423 2098 καί
439 2070 727 2105 ὀψευδοπροςεήτης,
750 2071 798 2098 xal
815 2071 1100 2106 βασανισθήσονται
1135 2073 1248 2108 ἡμέρας
1271 2072 1321 2100 καὶ
1343 2072 1453 2106 νυκτὸς
1466 2074 1510 2105 εις
1540 2072 1611 2105 τοὺς
1642 2071 1753 2104 αἰῶνας
1777 2072 1835 2098 τῶν

213 2116 338 2144 αἱώνων.

249 2163 336 2189 Χίλια
351 2163 414 2197 ἐτη,
436 2162 488 2190 Τδν
504 2163 558 2190 ἀπὸ
574 2163 624 2198 τῆς
640 2163 688 2190 τοῦ
713 2164 830 2199 Χριστοῦ
848 2165 998 2199 παρουσίας

1089 2165 1163 2192 Mille
1178 2173 1271 2192 annos.
1289 2164 1390 2200 Nempe
1412 2169 1518 2199 tempus
1543 2164 1577 2191 ab
1602 2164 1717 2190 adventu
1733 2163 1834 2190 Chi-isti

215 2207 320 2242 χρόνον,
344 2209 424 2244 μέχρι
448 2209 496 2236 τοῦ
524 2209 708 2245 Ἀντιχρίστου
734 2209 817 2244 λέγει,
834 2207 938 2242 οὗτινος
951 2211 998 2237 λυ-

1051 2217 1138 2245 usque
1153 2210 1185 2237 ad
1198 2210 1409 2242 Antichristum,
1420 2218 1475 2244 qtto
1487 2211 1576 2237 soluto
1590 2210 1693 2237 inducit
1707 2211 1835 2245 deinceps

215 2255 317 2285 θέντος,
345 2255 450 2288 εἰσάγει
471 2255 564 2282 λοιπὸν
582 2256 629 2282 καὶ
642 2255 677 2282 τὰ
698 2255 762 2290 ἔθνη
777 2256 824 2282 καὶ
836 2255 936 2286 τόπους
950 2257 1000 2290 τῆς

214 2299 385 2334 οἰκουμένης,
408 2299 469 2326 καθ’
495 2300 542 2331 οὓς
561 2300 596 2328 τὰ
612 2300 662 2335 τῆς
686 2300 817 2335 συνήθους
837 2300 911 2335 αὐτῷ
937 2302 999 2328 ἐπι-

215 2343 331 2376 δείξεται
346 2345 464 2380 ἀπάτης,
482 2345 529 2371 καὶ
542 2345 610 2380 πρὸς
624 2345 705 2372 τίνων
720 2345 766 2372 καὶ
780 2345 850 2372 κατὰ
864 2345 944 2372 τίνων
962 2346 1000 2378 ὼς

215 2390 415 2425 ἁφηγουμένων
434 2392 447 2417 ὁ
470 2391 587 2426 πόλεμος
601 2387 678 2422 οὗτος
703 2391 826 2425 συσταίη.
849 2391 934 2426 Ἐθνη
950 2392 1001 2425 μὲν

215 2435 271 2466 οὖν,
293 2436 328 2461 τὰ
352 2436 542 2470 εὐεξαπάτητα
568 2435 658 2470 λέγει·
682 2437 780 2468 τόπους
798 2437 835 2468 δὲ,
864 2437 927 2468 τοὺς
948 2437 1000 2464 ὑπὸ

214 2481 264 2515 τὴν
282 2480 328 2507 ὑπ’
341 2480 464 2515 οὐρανὸν,
477 2480 525 2512 οὒς
541 2482 588 2507 καὶ
604 2482 740 2516 τέσσαρας
756 2482 858 2514 γωνίας
871 2482 1000 2516 ὀνομάζει

214 2525 265 2559 τῆς
278 2526 340 2560 γῆς,
361 2525 411 2556 τὰς
423 2525 559 2559 τέσσαρας
580 2525 672 2560 λήξεις
685 2526 734 2560 τῆς
749 2526 913 2561 οἰκουμένης
928 2527 1001 2554 οὕτω

215 2571 315 2603 κιχλῶν,
330 2571 384 2597 ἀπὸ
397 2571 451 2597 τῶν
462 2571 582 2606 ἡλιακῶν
594 2571 684 2606 φορῶν
697 2571 768 2598 οὕτω
781 2572 938 2606 κληθείσας,
952 2573 999 2599 καὶ

215 2615 269 2642 τῶν
289 2617 360 2643 κατὰ
384 2617 501 2652 ἀστέρας
523 2616 599 2648 τινὰς
623 2617 796 2644 οἱκειώσεων.
818 2618 894 2644 Ἐπεὶ
912 2617 1001 2644 τοίνυν

216 2661 279 2696 ἔθνη
294 2661 345 2697 μὲν
362 2661 450 2688 ταῦτα
469 2661 528 2696 μεθ’
543 2659 580 2689 ὧν
603 2663 617 2688 ό
635 2662 753 2696 πόλεμος
779 2663 869 2698 μέλλει
886 2671 1002 2698 συγκρο-

215 2707 333 2741 τεῖσθαι,
359 2708 407 2735 καὶ
426 2709 514 2743 χῶρος
528 2705 604 2739 οὗτος
621 2707 650 2734 ὲν
667 2704 689 2741 ᾧ
710 2708 760 2742 ἤδη
782 2709 829 2734 καὶ
843 2709 906 2740 τοὺς
935 2709 1002 2736 καθ-

215 2760 284 2786 ηγου
288 2753 386 2787 μένους
395 2753 500 2787 εἰσάγει
508 2753 603 2788 ὥσπερ
612 2753 786 2788 πολεμάρχης
793 2754 807 2780 ὀ
815 2753 876 2787 Γὼγ
886 2754 932 2780 καὶ
941 2754 1002 2781 Μα-

217 2799 287 2834 γὼγ,
303 2799 334 2826 ὃν
350 2801 398 2827 καὶ
418 2800 547 2835 Ἰεζεκιὴλ
564 2800 730 2836 προφητεύει
744 2793 787 2826 ἐπ’
804 2800 918 2835 ἐσχάτου
938 2808 999 2827 και-

218 2845 266 2880 ροῦ
290 2845 466 2881 ἐλευσόμενον
492 2847 540 2873 σὺν
562 2847 675 2881 δυνάμει
699 2845 805 2882 βαρείᾳ.
830 2845 899 2873 Ἀλλ’
921 2846 1000 2878 Ἰεζε-

1051 2261 1078 2284 et
1093 2261 1186 2290 gentes
1201 2260 1229 2283 et.
1251 2256 1308 2283 loca
1326 2257 1417 2287 orbis,
1433 2256 1533 2290 quibus
1550 2256 1594 2282 ille
1617 2263 1695 2283 suam
1718 2257 1832 2283 familia-

1051 2309 1108 2329 rem
1121 2302 1246 2329 ostendet
1261 2302 1450 2335 imposturain,
1462 2306 1488 2328 et
1503 2309 1550 2335 per
1562 2309 1631 2335 quos
1643 2306 1670 2328 ct
1684 2301 1834 2329 secundum

1051 2354 1121 2381 quos
1139 2351 1270 2381 tanquam
1286 2347 1370 2374 duces
1381 2351 1509 2374 cruentos
1536 2347 1636 2374 bellum
1659 2347 1711 2374 hoc
1731 2347 1834 2374 consti-

1051 2391 1154 2419 tu'atur.
1171 2392 1271 2419 Gentes
1287 2393 1379 2425 itaque
1394 2392 1459 2418 dicit
1476 2391 1549 2422 illos.
1568 2392 1614 2426 qui
1642 2391 1720 2419 facile
1743 2397 1835 2426 patent

1052 2437 1203 2472 deceptioni
1222 2446 1229 2464 :
1246 2437 1305 2463 loca
1324 2444 1388 2463 vero
1402 2444 1449 2463 cos
1464 2437 1509 2470 qni
1527 2441 1629 2470 partem
1642 2437 1693 2463 sub
1707 2437 1777 2463 cmlo
1792 2437 1834 2462 iit—

1051 2483 1153 2515 colunt,
1169 2490 1239 2516 quos
1253 2483 1334 2509 etiam
1349 2487 1464 2516 quatuor
1478 2487 1555 2508 teme
1575 2482 1689 2515 angulos
1702 2482 1834 2512 nominat.

1052 2533 1171 2563 quatuor
1187 2527 1261 2555 orbis
1285 2528 1352 2554 lines
1374 2528 1410 2554 ita
1432 2535 1544 2560 vocans,
1560 2535 1575 2554 a
1599 2527 1666 2554 solis
1687 2527 1835 2554 lationibns

1052 2574 1089 2601 ita
1104 2573 1265 2608 appellatos,
1285 2576 1312 2599 et
1324 2572 1547 2607 appropriatione
1567 2572 1747 2606 quarumdam
1770 2571 1842 2597 δίει-⁷

1053 2619 1152 2646 larum.
1169 2617 1301 2651 Quoniam
1320 2618 1402 2652 igitur
1417 2618 1458 2644 hat
1477 2621 1571 2652 gentes
1584 2622 1648 2644 sunt
1661 2625 1722 2643 cum
1736 2615 1844 2651 quibus

1053 2665 1152 2693 bellum
1166 2671 1219 2691 una
1231 2663 1432 2691 conﬁciendum
1448 2669 1500 2695 est,
1514 2667 1540 2689 et
1555 2670 1570 2689 a
1587 2663 1686 2697 quibus
1702 2663 1774 2689 vires
1788 2670 1836 2688 su-

1053 2710 1172 2742 mendae,
1186 2714 1213 2737 et
1231 2709 1289 2736 haec
1307 2709 1380 2743 regio
1401 2709 1428 2735 in
1443 2716 1496 2743 qua
1509 2709 1565 2743 jam
1587 2709 1668 2736 etiam
1684 2714 1836 2743 praeeuntes

1053 2755 1157 2783 inducit
1170 2755 1228 2790 Gog
1250 2761 1277 2782 et
1298 2754 1393 2790 Magog
1415 2754 1497 2781 veluti
1517 2754 1580 2782 belli
1604 2754 1659 2781 dux
1681 2763 1688 2781 :
1716 2762 1796 2788 quem
1810 2760 1837 2782 et

1052 2801 1176 2830 Ezechiel
1192 2801 1333 2836 prophetat
1347 2800 1492 2836 postremis
1507 2800 1674 2835 temporibus
1691 2805 1834 2827 venturum

1053 2855 1115 2877 cum
1129 2851 1262 2883 potestate
1277 2847 1361 2881 gravi.
1376 2846 1428 2874 Sed
1443 2846 1567 2875 Ezechiel
1582 2846 1690 2882 quidem
1704 2847 1837 2875 adversus
