2092 3157
277 172 332 205 ’159

692 177 857 208 ΑΒΕΤΗίΕ
872 178 1060 209 CAESARE/ﬁ
1080 180 1320 211 CAPPADOCIE
1335 181 1506 212 EPISCOPI

1840 181 1894 215 760

279 228 338 255 lit-ri
353 227 381 255 in
398 229 499 257 eisdem
516 230 688 264 corporibus,
705 239 766 266 qua:
781 240 796 259 a
815 234 914 260 stecnlu
929 239 1058 268 corrupta
1075 238 1097 264 Α
1112 235 1139 261 ὲν
1152 237 1205 267 τοῖς
1218 247 1221 260 ‹

1112 235 1139 261 ὲν
1152 237 1205 267 τοῖς
1218 236 1309 266 αὐτοῖς
1324 235 1456 270 σώμασιν,
1469 236 1488 263 ἃ.
1504 236 1533 269 ἐξ
1547 235 1645 267 αἰῶνος
1659 236 1796 271 φθαρέντα
1810 238 1850 268 εις
1868 237 1898 264 τὸ

278 280 343 302 snt
355 280 384 302 et
404 283 467 304 esse
482 277 630 309 desierunt.
647 277 700 305 hoc
713 285 785 305 nunc
801 279 941 314 corrigens
968 288 1059 307 sermo

279 321 330 348 iste
342 320 418 353 dicit,
440 321 524 356 quod.
538 321 771 354 Quemadmodum
794 329 908 357 corpora
931 325 967 351 ab
981 325 1059 351 initio

277 371 421 400 cmperunt
437 374 508 397 esse.
533 374 587 394 non
614 373 679 394 casu
704 373 752 394 aut
772 376 807 395 ex
832 369 941 403 seipsis.
961 370 1007 396 sed
1025 377 1058 397 ex

277 416 394 445 quatuor
408 411 562 444 elementis,
578 419 659 446 aqua,
676 413 747 447 igne,
764 420 836 446 aere,
853 419 924 440 terra
942 423 948 441 :
966 414 1001 441 ita
1018 423 1061 441 ra-

277 455 445 483 tionabiliter
460 464 568 485 rursum
584 458 611 484 in
635 458 680 485 illa
699 459 828 490 resoluta,
841 467 873 486 es
889 460 931 486 his
949 468 1058 487 rursum

276 502 504 535 compositionem
533 504 677 538 recipient.
719 504 855 537 Quoniam
885 510 977 532 autem
1009 507 1061 533 hoc

276 546 358 573 etiam
376 555 486 575 rursum
502 556 668 576 concursum
691 550 764 584 parit
785 558 880 577 earum
905 559 967 585 qua:
983 552 1060 586 prius

276 590 389 619 fuerunt
402 593 522 626 partium
541 593 574 620 ad
592 594 798 622 sulisistentium
815 595 955 622 hominum
972 604 978 622 :
995 603 1060 630 pro-

277 641 368 671 pterea
386 639 451 666 dicit
473 646 549 667 mare
565 640 623 667 sive
636 648 715 675 aqua:
729 641 912 669 substantiam
929 641 1061 670 ell‘udisse

279 682 420 710 humorem
446 684 492 718 qui
518 685 551 712 ad
575 693 606 712 se
623 691 782 720 pervenerat
802 696 809 714 :
827 691 948 714 mortem
967 691 1059 715 autem

278 732 357 754 vocat
374 733 508 756 terrenam
522 730 713 763 substantiam,
732 733 862 766 quoniam
874 732 907 760 de
920 734 977 767 ipsa
990 740 1062 766 quo-

279 780 332 807 que
361 773 463 801 dictum
494 779 546 807 est,
566 784 575 800 ι
595 775 622 803 In
641 777 779 811 pulverem
799 778 896 804 mortis
923 777 1060 805 deduxisti

278 825 323 845 me
338 819 359 845 ⁸.
380 828 389 845 ι
407 818 474 852 Quis
489 827 553 847 vero
571 827 689 849 mentem
709 822 810 849 habens
837 823 944 857 ignorat
962 823 1058 857 pulve-

279 869 336 890 rem
352 869 413 891 esse
429 864 549 891 terram?
563 863 699 892 Iniernum
719 870 810 892 autem
824 866 890 893 dicit
905 874 1009 899 aerem,
1026 874 1059 893 eo

279 907 350 940 quod
366 907 481 941 ﬁguram
504 916 558 935 non
575 909 674 936 habeat
688 914 799 944 propter
815 910 975 938 substantiae
990 911 1060 938 rari-
1075 898 1096 926 Β

278 954 361 978 tatem
387 960 394 978 :
416 952 542 979 similiter
555 955 593 986 {et
618 954 718 988 ignem.
755 954 839 982 Porro
874 955 941 992 ᾅδην
971 961 1058 989 vocat,

277 997 340 1030 quia
354 1004 533 1033 quoscunque
550 1000 712 1034 susceperit,
732 1000 819 1034 injicit
843 1001 884 1032 εἰς
900 1001 989 1028 ἀϊδίαν
1012 1002 1060 1028 καὶ

276 1040 417 1075 ἀφάνειαν,
435 1041 461 1068 id
476 1047 527 1076 est,
546 1043 572 1070 in
588 1045 767 1071 aeternitatem
785 1049 811 1071 et
826 1045 976 1071 interitum.

315 1083 348 1112 Et
362 1094 432 1113 mors
450 1091 474 1113 et
489 1087 619 1122 infernus.
645 1087 759 1116 Ill0rtem
777 1093 805 1115 et
822 1089 959 1116 infernum
980 1093 1060 1117 vocat

276 1137 324 1158 cos
342 1131 388 1166 qui
404 1132 484 1162 digna
498 1133 633 1168 supplicio
648 1133 752 1168 operati
765 1138 840 1167 sunt,
856 1138 983 1169 tanquam
999 1138 1059 1161 tur-

278 1176 338 1204 bam
355 1177 483 1205 secundze
498 1179 595 1206 mortis
612 1180 764 1213 explentes.

557 1223 672 1251 CAPUT
694 1223 775 1251 LXV.

329 1267 368 1294 De
377 1267 439 1295 calo
448 1272 472 1295 et
485 1273 555 1296 terra
568 1269 649 1302 novis,
660 1277 823 1305 supernaque
834 1269 994 1299 Jerusalem.

312 1345 382 1378 XXI,
396 1345 452 1374 1-6.
468 1346 502 1374 Et
518 1348 572 1375 vidi
582 1347 674 1375 mlum
690 1357 784 1376 novum
794 1354 818 1376 et
833 1354 933 1376 terram
944 1358 1036 1377 noram
1047 1358 1057 1377 .-

276 1391 349 1424 prius
365 1393 434 1419 enim
452 1394 555 1426 caelum,
571 1398 596 1420 et
618 1395 691 1429 prior
709 1399 781 1422 terra
798 1396 929 1427 abierunt.
944 1403 969 1423 et
985 1404 1058 1423 mare

277 1445 326 1462 non
339 1442 376 1464 est
392 1440 516 1473 amplius.
528 1440 562 1467 Et
574 1441 626 1467 villi
636 1441 767 1468 civitatem
777 1447 896 1469 sanctam
908 1442 1057 1469 Jerusalem

278 1491 369 1509 nouant
381 1484 578 1513 descendentem
593 1486 625 1514 de
636 1488 711 1518 caelo.
729 1496 745 1514 α
771 1488 823 1515 Deo
837 1493 961 1522 paratam
988 1489 1056 1515 sicut

276 1535 398 1561 sponsam
411 1536 532 1558 ornatam
546 1533 599 1559 viro
609 1540 668 1559 suo.
682 1532 715 1560 Et
728 1534 818 1560 audivi
832 1542 919 1561 vocem
932 1542 1056 1569 magnam

276 1574 308 1600 de
330 1575 405 1607 cwlo,
437 1577 564 1604 dicentem
581 1577 670 1606 :Ecce
697 1580 897 1606 tabernaculum
924 1580 973 1606 Dei
996 1588 1056 1606 cum

276 1620 436 1653 hominibus,
455 1628 479 1649 et
494 1623 622 1651 habitabit
636 1633 695 1652 cum
709 1626 757 1658 eis,
769 1630 794 1652 et
811 1625 862 1659 ipsi
875 1627 987 1660 populus
1000 1626 1057 1660 ejus

275 1671 361 1697 erunt,
374 1671 399 1693 et
415 1667 470 1699 ipse
488 1667 557 1695 Deus
569 1676 628 1695 eum
643 1670 679 1695 eis
698 1670 759 1696 erit.
775 1669 859 1704 819
888 1670 923 1696 Et
945 1670 1059 1697 cessabit

277 1712 362 1737 omnis
379 1711 498 1745 lacryma
513 1713 546 1740 ab
566 1715 649 1741 oculis
666 1723 755 1741 eorum
770 1723 779 1742 :
803 1720 828 1742 et
848 1723 919 1742 mors
936 1724 988 1742 non
1007 1717 1059 1743 erit

277 1756 403 1790 amplius.
422 1766 501 1792 neque
526 1759 623 1791 luctus,
641 1768 720 1794 neque
737 1761 837 1787 clamor
850 1781 856 1793 ,
873 1769 954 1796 neque
983 1762 1059 1789 labor

277 1803 328 1828 erit
343 1803 457 1838 amplius
471 1812 480 1831 :
496 1805 620 1837 quoniam
636 1806 722 1841 prima
738 1806 871 1834 abierunt.

1070 1563 1091 1591 C

1115 281 1152 315 μὴ
1170 280 1239 307 εἶναι
1254 282 1412 316 ἐχώρησαν,
1428 282 1506 308 τοῦτο
1522 282 1567 308 νῦν
1580 281 1814 317 ἐπανορθούμενος
1826 284 1841 308 ὸ
1856 283 1896 309 λό-

1112 335 1158 359 γος
1174 327 1266 362 φησὶν,
1277 328 1317 354 ὃτι
1345 328 1388 358 Ὠς
1401 327 1434 354 τὰ
1449 327 1562 361 σώματα
1576 328 1621 354 ἐπὶ
1636 328 1684 362 τὴν
1704 328 1791 362 ἀρχὴν
1806 329 1838 355 ὲκ
1851 329 1898 354 τοῦ

1114 370 1150 404 μὴ
1166 371 1242 403 Buta;
1259 373 1299 402 εις
1312 371 1342 397 τὸ
1363 370 1432 398 εἶναι
1448 372 1582 406 προῆλθον
1592 393 1600 404 ,
1614 372 1665 397 οὐκ
1682 371 1711 403 ἐξ
1725 374 1877 406 αὐτομάτου
1889 392 1897 404 ,

1111 417 1170 443 ἀλλ’
1185 418 1217 444 ὲκ
1239 418 1294 444 τῶν
1315 419 1454 452 τεσσάρων
1476 419 1633 454 στοιχείων.
1655 418 1769 450 ὓδατος,
1795 419 1896 453 πυρὸς,

1111 462 1203 496 ἀέρος,
1218 463 1285 497 γῆς·
1304 462 1390 494 οὕτως
1407 463 1525 497 εὐλόγως
1549 464 1590 495 εις
1605 464 1675 490 αὐτὰ
1699 464 1780 490 πάλιν
1800 465 1898 490 ἀναλυ-

1112 507 1205 539 Θέντα,
1217 508 1249 533 ὲκ
1264 507 1365 535 τούτων
1380 506 1459 540 αὖθις
1478 509 1527 544 τὴν
1547 509 1686 544 σύμπηξιν
1705 510 1896 543 ἀναλήψονται.

1117 553 1195 580 Ἐπεὶ
1213 553 1242 580 δὲ
1256 554 1346 587 τοῦτο,
1364 555 1412 581 καὶ
1433 555 1569 590 συνδρομὴ
1589 555 1672 582 πάλιν
1686 556 1739 582 τῶν
1760 556 1898 590 καταρχὰς

1113 598 1204 633 μερῶν
1215 599 1255 630 εἰς
1272 599 1419 626 ὑπόστασιν
1432 601 1486 626 τῶν
1501 600 1662 636 ἀνθρώπων,
1677 601 1720 627 διὰ
1736 601 1815 627 τοῦτό
1830 610 1898 635 φησι

1111 644 1161 678 τὴν
1177 643 1324 676 Θάλασσαν,
1337 645 1397 680 ἦτοι
1408 645 1458 680 τὴν
1469 645 1590 680 ὑδατώδη
1604 645 1698 672 οὐσίαν
1707 645 1858 673 sumam
1868 646 1898 672 τὸ

1110 689 1179 725 πρὸς
1194 689 1277 725 αὐτὴν
1291 690 1422 728 χωρῆσαν
1437 691 1520 726 ὑγρόν
1530 699 1537 706 ”
1555 690 1670 718 θάνατον
1690 691 1719 718 δὲ
1734 692 1783 726 τὴν
1795 691 1897 725 γεώδη.

1109 735 1172 762 ἐπεὶ
1191 735 1237 761 καὶ
1251 735 1358 771 εἴρηται
1371 735 1435 769 περὶ
1453 736 1538 771 αὐτῆς
1549 735 1591 768 τδ,
1611 745 1620 762 ι
1635 737 1681 768 Εἰς
1696 736 1762 771 χοῦν
1781 736 1897 763 θανάτου

1111 780 1265 814 κατήγαγες
1290 788 1334 815 με.
1359 789 1369 806 ι
1395 780 1467 812 Χοῦς
1490 781 1529 814 δὲ,
1551 781 1592 808 ὃτι
1611 782 1663 816 γῆ.
1686 782 1729 813 τίς
1746 782 1808 808 νοῦν
1829 781 1897 816 ἔχων

1110 825 1218 858 ἀγνοεῖ;
1234 825 1320 861 ᾍδην
1335 825 1374 858 δὲ,
1389 825 1435 852 τὸν
1451 826 1521 862 ἀέρα
1541 827 1628 858 καλεῖ,
1644 826 1682 862 τῷ
1701 826 1737 862 μὴ
1760 826 1832 861 ἔχειν
1847 835 1896 861 χα-

1111 870 1236 905 ρακτῆρα
1252 870 1295 897 διὰ
1316 870 1454 906 μανότητα
1469 871 1573 903 οὐσίας.
1602 871 1738 903 Ὡσαύτως
1757 872 1786 898 δὲ
1806 872 1854 898 καὶ
1867 872 1898 899 τὸ

1111 914 1177 949 πῦρ.
1194 915 1279 950 ’ᾼδην
1293 915 1322 942 δὲ
1342 916 1427 949 λέγει,
1443 916 1497 943 ἀπὸ
1512 916 1559 943 τοῦ
1576 917 1620 949 εις
1635 917 1736 944 ἀϊδίων
1753 917 1803 944 καὶ
1819 916 1896 952 ἀφά-

1110 969 1205 996 νειαν,
1220 959 1261 992 οἷς
1274 962 1307 990 ἂν
1321 962 1553 998 ὲπέλθῃ,τοὺτους
1566 962 1705 997 ἐμϐαλεῖν.

1144 1090 1199 1118 Kal
1218 1091 1235 1118 ὀ
1256 1090 1384 1123 θάνατος
1408 1089 1457 1118 καὶ
1481 1092 1497 1118 ό
1519 1090 1605 1125 ᾅδης.
1629 1090 1748 1118 Θάνατον
1765 1089 1813 1116 καὶ
1830 1089 1897 1125 ᾆξην

1109 1136 1173 1168 τοὺς
1186 1136 1248 1169 ἄξια
1262 1136 1398 1172 τιμωρίας
1409 1137 1615 1172 ἐργασαμένους
1629 1136 1708 1162 καλεῖ
1715 1136 1754 1168 ὡς
1769 1136 1896 1171 συμπλη-

1111 1181 1224 1217 ροῦντας
1234 1182 1280 1208 τὸν
1293 1182 1340 1209 τοῦ
1352 1182 1478 1217 δευτέρου
1494 1181 1609 1209 θανάτου
1625 1181 1728 1216 ὅμιλον.

1399 1227 1523 1254 ΚΕΦΔΛ.
1540 1225 1600 1254 EE’.

1110 1272 1180 1307 Περὶ
1204 1271 1315 1299 καινῶν
1334 1271 1464 1307 οὐρανοῦ
1486 1280 1518 1298 τε
1538 1271 1587 1307 καὶ
1603 1270 1676 1306 τῆς,
1691 1270 1741 1297 καὶ
1755 1269 1811 1305 τῆς
1834 1270 1896 1298 ἅνω

1404 1306 1608 1340 Ἰερουσαλήμ.

1145 1352 1200 1380 Καὶ
1215 1351 1296 1379 εἶδον
1309 1352 1441 1386 οὐρανὸν
1455 1351 1571 1384 καινὸν,
1587 1351 1636 1378 καὶ
1654 1351 1713 1386 γῆν
1727 1350 1845 1384 καινήν.
1865 1351 1896 1377 '0

1109 1398 1164 1433 γὰρ
1180 1398 1294 1432 πρῶτος
1307 1398 1446 1431 οὐρανὸς,
1461 1396 1510 1423 καὶ
1530 1397 1549 1430 ἡ
1565 1396 1664 1430 πρώτη
1682 1395 1720 1431 γῆ
1739 1396 1877 1429 ἀπῆλθον
1887 1404 1893 1410 ·

1109 1443 1159 1469 καὶ
1173 1442 1192 1475 ή
1208 1441 1350 1469 θάλασσα
1363 1442 1419 1468 οὐκ
1430 1442 1515 1467 ἔστιν
1526 1441 1580 1467 ἔτι.
1596 1440 1650 1467 Kal
1664 1440 1722 1474 τὴν
1734 1442 1826 1467 πόλιν
1840 1441 1896 1474 τὴν

1109 1489 1198 1523 ἁγίαν
1216 1487 1414 1521 Ἰερουσαλὴμ
1434 1487 1544 1520 καινὴν
1559 1486 1641 1513 εἶδον
1654 1487 1896 1513 καταϐαίνουσαν

1109 1535 1143 1560 ἐκ
1157 1534 1210 1561 τοῦ
1227 1532 1367 1567 οὐρανοῦ,
1384 1533 1442 1559 ἀπὸ
1458 1531 1511 1559 τοῦ
1530 1531 1604 1558 Θεοῦ
1619 1531 1842 1566 ἡτοιμασμένην
1855 1531 1893 1563 ὡς

1108 1581 1229 1614 νύμφην
1259 1578 1487 1612 κεκοσμημένην
1515 1576 1556 1609 τῷ
1586 1576 1672 1610 ἀνδρὶ
1705 1575 1811 1610 αὐτῆς.
1840 1576 1894 1602 Καὶ

1107 1624 1227 1659 ἥκουσα
1245 1623 1347 1659 φωνῆς
1364 1622 1498 1657 μεγάλης
1513 1622 1547 1648 ἐκ
1563 1621 1616 1648 τοῦ
1634 1621 1764 1654 οὐραγοῦ
1788 1621 1894 1654 λεγού-

1107 1680 1166 1705 σης
1177 1679 1183 1685 ·
1207 1670 1284 1697 Ἰδοὺ
1305 1670 1323 1703 ἠ
1340 1668 1440 1702 σκηνὴ
1455 1668 1508 1695 τοῦ
1524 1666 1600 1694 Θεοῦ
1619 1666 1693 1701 μετὰ
1708 1665 1769 1693 τῶν
1783 1665 1895 1700 ἀνθρώ-

1108 1725 1182 1748 πων,
1197 1716 1245 1743 καὶ
1259 1715 1410 1748 σκηνώσει
1427 1714 1492 1748 μετ’
1512 1711 1621 1745 αὐτῶν,
1639 1711 1689 1739 καὶ
1713 1713 1797 1739 αὐτοὶ
1821 1712 1896 1744 λαὸς

1111 1763 1204 1790 αὑτοῦ
1216 1763 1347 1793 ἔσονται,
1357 1760 1405 1787 καὶ
1413 1759 1503 1792 αὐτὸς
1515 1761 1531 1786 ό
1542 1759 1614 1791 Θεὸς
1620 1758 1684 1793 μετ’
1694 1759 1792 1786 αὐτῶν
1799 1759 1894 1786 ἔσται.

1113 1797 1166 1835 Καὶ
1187 1807 1319 1840 ἐκλείψει
1341 1804 1403 1833 πᾶν
1422 1804 1552 1838 δάκρυον
1570 1804 1630 1831 ἀπὸ
1650 1803 1710 1830 τῶν
1736 1803 1896 1838 ὀφθαλμῶν

277 1847 385 1874 αὐτῶν.
408 1849 462 1875 Kal
493 1850 510 1876 ὁ
529 1849 655 1884 θάνατος
681 1852 737 1879 οὐκ
756 1852 840 1879 ἔσται
855 1852 909 1885 ἔτι,
929 1853 999 1880 οὔτε
1015 1853 1135 1886 πένθος,
1167 1853 1235 1880 οὔτε
1248 1851 1372 1887 κραυγὴ,
1386 1853 1455 1879 οὔτε
1468 1852 1562 1884 πόνος
1578 1852 1634 1878 οὐκ
1646 1850 1731 1878 ἔσται
1748 1849 1801 1876 ἔτι.
1830 1849 1894 1876 Ὀτι

278 1893 314 1920 τὰ
326 1893 424 1927 πρῶτα
438 1894 565 1928 ἀπῆλθε.

315 1939 393 1967 Prius
416 1941 510 1968 caelum
532 1947 557 1968 et
581 1943 655 1978 prior
683 1949 754 1971 terra
778 1943 909 1972 abierunt.
934 1944 992 1973 Hoc
1022 1946 1060 1974 ait

278 1993 331 2013 non
347 1991 481 2014 creatura:
494 1988 652 2024 signiﬁcans
670 1990 820 2022 interitum.
838 1990 887 2019 sed
904 1992 1060 2019 renovatio-

278 2038 339 2058 nem
364 2031 391 2058 in
411 2032 510 2060 melius
524 2042 531 2060 :
545 2034 617 2067 quod
635 2035 716 2061 ctiam
743 2040 857 2063 sanctus
880 2035 966 2063 David
985 2037 1056 2064 dulci

277 2082 357 2104 cantu
373 2078 474 2105 cecinit
487 2078 508 2111 ⁸,
521 2079 613 2107 dicens
624 2087 719 2108 omnes
735 2081 763 2108 in
776 2081 886 2109 modum
902 2082 1054 2111 vestimenti

278 2126 455 2155 veterascere,
469 2128 497 2151 et
514 2129 641 2160 tanquam
657 2126 787 2154 amictum
799 2127 899 2155 involvi
916 2134 942 2155 et
956 2128 1054 2156 immu-

1144 1945 1230 1972 Τοῦτο
1246 1945 1276 1972 οὐ
1293 1945 1342 1980 τὴν
1357 1944 1524 1979 ἁνυπαρξίαν
1540 1943 1628 1980 δηλῶν
1644 1944 1693 1979 τῆς
1709 1943 1822 1974 κτίσεὼς
1844 1952 1894 1978 φη-

1109 2001 1167 2026 σιν,
1183 1991 1250 2018 ἀλλὰ
1270 1991 1315 2018 τὸν
1330 1990 1528 2025 ἀνακαινισμὸν
1543 1989 1588 2016 τδν
1612 1990 1658 2016 ἐπὶ
1679 1990 1709 2016 τὸ
1730 1989 1844 2024 βέλτιον,
1865 1989 1895 2015 ὃν

1105 2040 1153 2064 καὶ
1166 2038 1180 2064 ό
1193 2037 1263 2068 Oeta;
1279 2036 1405 2072 μελῳδῶν
1428 2035 1508 2062 Δαυῒδ
1524 2036 1710 2071 προηγόρευσε
1725 2035 1759 2062 δι’
1774 2031 1812 2062 ὧν
1824 2033 1871 2071 ᾖδε
1886 2062 1893 2073 ⁸

1105 2083 1209 2113 πάντας
1222 2082 1259 2113 ὠς
1275 2082 1381 2116 ἱμάτιον
1396 2079 1645 2115 παλαιωθήσεσθαι,
1663 2080 1711 2106 καὶ
1733 2080 1799 2106 ὡσεὶ
1818 2088 1895 2114 περι-

1110 2128 1217 2154 ϐόλαιον
1234 2127 1371 2161 ὲλιχθῆναι
1387 2126 1435 2152 καὶ
1449 2124 1609 2159 ἀλλαγῆναι.
1626 2125 1662 2150 Τὸ
1675 2124 1729 2159 γὰρ
1743 2124 1896 2150 παῖαιωοὲν

276 2168 339 2195 tari.
358 2168 498 2204 Siquidem
516 2158 665 2199 inveterata
682 2179 726 2200 res
745 2180 806 2207 qua:
823 2178 982 2206 renovatur,
1002 2182 1057 2201 non
1076 2158 1097 2184 υ
1109 2173 1221 2200 tivam“

1109 2158 1359 2206 ἀνακαινιζόμενον,
1372 2171 1403 2197 οὐ
1421 2171 1472 2205 τῆς
1482 2158 1575 2202 οὐσίας
1588 2158 1752 2204 ἀφανισμδν,
1769 2169 1837 2196 ἀλλὰ
1848 2169 1894 2195 τοῦ

276 2215 437 2243 substantia:
452 2217 550 2252 accipit
565 2218 714 2251 interitum,
732 2219 781 2246 sed
807 2220 950 2247 vetustatis
964 2227 996 2247 ac
1011 2228 1058 2247 ru-

276 2268 371 2297 garum
389 2261 569 2290 avulsionem.
588 2263 866 2292 Animadvertendum
879 2272 988 2300 quoque
1002 2269 1056 2298 est,

277 2305 350 2340 quod
364 2306 399 2333 de
425 2307 496 2335 ccelo
510 2311 537 2334 et
557 2312 628 2335 terra
653 2308 721 2336 dicit
744 2309 817 2343 quod
843 2310 981 2341 abierunt,
1002 2318 1057 2337 non

276 2351 356 2385 quasi
376 2359 438 2379 esse
453 2352 597 2384 desierint,
616 2353 665 2380 sed
684 2354 843 2382 transierint
864 2354 944 2390 (nihil
965 2359 1055 2382 autem

275 2403 370 2424 eorum
385 2405 446 2432 quae
463 2402 604 2425 transeunt
621 2399 655 2426 ab
671 2406 725 2426 uno
740 2399 775 2426 ad
791 2399 875 2430 aliud,
891 2400 983 2427 statim
996 2400 1052 2434 jam

275 2442 388 2469 omnino
401 2434 481 2478 perit:
509 2443 554 2470 sed
571 2443 749 2472 reiormatum
767 2449 808 2472 est
822 2445 938 2472 transitu
953 2453 984 2472 ex
1004 2445 1055 2473 hoc

277 2489 303 2516 in
321 2489 416 2524 illud);
430 2489 556 2517 abierunt
571 2490 682 2525 quidem
691 2499 723 2518 ea
737 2499 798 2527 qua:
806 2492 882 2526 prius
897 2492 948 2519 sibi
963 2493 1054 2518 conti-

275 2539 380 2569 gerant,
400 2540 427 2561 et
443 2542 473 2561 es
501 2541 680 2570 susceperunt
693 2536 727 2563 ad
749 2544 809 2571 quia
824 2541 888 2564 sunt
903 2537 1056 2566 immutata.

309 2580 432 2608 Andrea.
451 2581 486 2608 De
501 2582 570 2608 mari
586 2589 649 2608 vero
669 2582 746 2614 dicit,
762 2582 846 2616 quod,
861 2581 936 2609 Mare
951 2591 1003 2609 non
1019 2588 1057 2610 est

274 2626 399 2660 amplius.
409 2626 475 2661 Quze
482 2627 554 2654 enim
566 2627 715 2657 necessitas
729 2632 770 2655 est
782 2628 877 2661 maris,
888 2636 950 2656 cum
965 2628 1055 2655 homi-

274 2679 323 2699 nes
338 2679 371 2699 eo
385 2679 439 2699 non
452 2677 548 2708 egeant
561 2672 594 2700 ad
610 2673 859 2708 unvigandum,aut
872 2679 900 2702 ut
909 2682 957 2709 pcr
968 2674 1055 2708 ipsum

275 2718 481 2752 suppeditentur
496 2723 613 2746 vecturae
633 2726 727 2746 eorum
751 2727 812 2755 quae
835 2719 1007 2746 adducuntur
1022 2727 1055 2747 ex

276 2763 434 2797 regionibus
445 2764 525 2800 longe
539 2764 610 2798 sitis,
626 2764 672 2792 ubi
690 2765 818 2792 coluntur
832 2772 879 2792 seu
899 2769 1032 2800 parantur
1044 2766 1055 2792 ζ’

310 2853 321 2871 ⁵
336 2853 408 2884 I‘sal.
426 2862 481 2888 ut,
499 2855 539 2882 l6.
579 2857 588 2871 '
601 2854 717 2886 Ptal.ct,
741 2854 849 2889 l,scqq.

1110 2218 1204 2253 γήρως
1214 2218 1259 2244 καὶ
1271 2217 1324 2243 τῶν
1340 2217 1456 2252 ῥυτίδων
1470 2215 1603 2250 λαμῦάνει
1616 2215 1757 2247 ἁπόξυσιν.
1773 2214 1809 2249 Ση
1815 2223 1846 2248 με
1852 2223 1896 2240 ιω-

1110 2263 1170 2289 τέον
1188 2262 1233 2293 δὲ,
1249 2262 1289 2288 ὅτι
1309 2261 1374 2296 περὶ
1399 2261 1449 2296 μὲν
1473 2258 1588 2294 οὐρανοῦ
1611 2260 1660 2285 καὶ
1678 2258 1731 2293 γῆς
1752 2257 1838 2284 εἰπὼν
1855 2258 1895 2284 ὅτι

1110 2306 1241 2340 ἀπῆλθεν,
1257 2306 1338 2332 οἱονεὶ
1353 2306 1403 2332 οὐκ
1419 2306 1459 2336 εἰς
1482 2304 1513 2331 τὸ
1537 2304 1575 2339 μὴ
1596 2303 1624 2330 ὂν
1647 2303 1804 2338 ἐχώρησεν,
1827 2302 1895 2328 ἀλλὰ

1112 2351 1213 2386 μετέϐη
1230 2351 1317 2385 (οὐδὲν
1340 2351 1369 2377 δὲ
1392 2351 1446 2376 τῶν
1464 2349 1679 2383 μεταΰαινόντων
1703 2349 1732 2381 ἐξ
1755 2344 1786 2374 οὗ
1807 2348 1846 2378 εἰς
1869 2347 1892 2378 ὃ,

1110 2396 1160 2431 ἤδη
1176 2395 1224 2421 καὶ
1243 2395 1331 2430 πάντη
1343 2394 1485 2425 διόλωλεν.
1498 2393 1565 2420 ἀλλὰ
1574 2394 1607 2428 τῇ
1623 2392 1669 2426 ἀφ’
1683 2390 1714 2419 οὖ
1737 2393 1777 2423 εὶς
1796 2392 1809 2418 ὃ
1831 2400 1893 2426 μετ-

1109 2440 1225 2472 ελεύσει,
1250 2438 1466 2474 ἀνεμορφώθη)·
1484 2438 1517 2464 τὰ
1534 2437 1582 2472 μὲν
1608 2437 1655 2464 τοῦ
1675 2436 1894 2471 καταληφθέντος

1108 2485 1238 2516 ὰπέδαλε,
1253 2485 1287 2511 τὰ
1300 2485 1329 2511 δὲ.
1343 2484 1391 2510 τοῦ
1407 2483 1474 2519 πρὸς
1489 2483 1503 2510 ὃ
1521 2483 1624 2518 μετέὸη
1638 2481 1790 2514 ἀνεδέξατο.

1330 2539 1337 2557 (

1149 2584 1293 2619 Ἀνδρέου.
1314 2584 1381 2619 Περὶ
1405 2583 1433 2610 δὲ
1458 2583 1507 2617 τῆς
1531 2582 1668 2616 θαλάσσης
1683 2581 1775 2614 φησὶν,
1796 2581 1837 2606 ῑτι
1864 2579 1895 2606 Ἠ

1108 2629 1249 2657 θάλασσα
1272 2629 1327 2655 οὐκ
1346 2628 1390 2655 ἐτι
1412 2629 1488 2654 ἐστι.
1507 2627 1555 2659 τίς
1576 2626 1631 2662 γὰρ
1650 2626 1730 2661 χρεία
1741 2625 1891 2659 θαλάσσης,

1111 2675 1149 2710 μὴ
1165 2674 1300 2708 δεομένων
1321 2672 1471 2707 ἀνθρώπων
1492 2672 1539 2699 τοῦ
1554 2672 1630 2698 πλεῖν
1644 2670 1729 2706 αὐτὴν
1740 2691 1748 2702 ,
1764 2671 1781 2706 ἢ
1797 2670 1830 2697 δι’
1844 2670 1893 2696 αὺ-

1109 2719 1158 2754 τῆς
1171 2717 1330 2753 πορίζεσθαι
1345 2718 1379 2744 τὰ
1395 2718 1423 2744 ὲν
1437 2719 1498 2749 ταῖς
1518 2716 1626 2753 μακρὰν
1637 2715 1776 2752 κειμέναις
1789 2713 1892 2750 χώραις

1109 2757 1459 2800 γεωργούμενίὰγώγιμη
