2092 3157
218 167 267 200 ὀι

223 185 229 199 Ι

749 169 944 202 COMMENT.
962 171 1003 201 IN
1015 154 1280 202 APOCALYPSlN.

1790 177 1846 209 762

253 222 309 250 Kal
324 223 342 256 ἡ
355 221 498 249 θάλασσα
512 223 567 249 οὐκ
581 222 666 249 ἔστιν
679 222 735 250 ἔτι.
749 224 779 249 Εἰ
790 224 893 259 κόσμος
905 221 982 255 οὗτος
993 225 1006 251 ό

1096 225 1130 251 Et
1145 234 1218 252 mare
1232 234 1285 252 non
1304 231 1341 252 est
1356 226 1485 261 οηιριῑιιι.
1505 225 1534 253 Si
1549 227 1669 255 mundus
1693 227 1738 254 hic
1756 229 1846 256 sensi-

218 268 366 302 αίσθητος,
381 267 431 294 οὐκ
450 266 515 293 άλλο
528 275 565 299 τι,
583 268 600 302 ἢ
624 267 655 294 τὸ
675 268 705 301 ἐξ
728 269 858 303 οὐρανοῦ,
877 271 926 296 καὶ
946 271 1009 304 γῆς.

218 313 265 339 καὶ
276 313 329 338 τῶν
344 313 373 338 ιν
386 311 424 347 τῷ
437 311 513 347 μέσῳ
524 312 651 348 σύστημά
664 314 722 339 ἐστι
738 315 783 340 καὶ
795 313 948 351 σύγκριμα,
963 315 1009 342 τοῦ

218 358 335 393 οὐρανοῦ
351 358 462 389 πάντως
479 358 526 384 καὶ
548 359 597 393 τῆς
613 359 666 393 γῆς
687 359 935 387 άνακαινισθὲντων
946 381 953 393 ,
971 361 1009 392 ὡς

218 403 268 438 ἤδη
285 402 463 438 παρεθέμεθα
475 423 482 435 ,
501 403 610 435 πάντως
623 403 672 430 καὶ
691 404 725 431 τὰ
746 405 962 441 συμπληροῦντα
977 407 1008 432 τὸ

217 447 323 474 τοιοῦτο
337 447 464 483 σύστημα
485 448 535 482 οὐκ
556 449 703 484 ὰμοιρήσει
727 449 774 476 τοῦ
797 451 1006 486 άνακαινισμοῦ.

217 493 250 520 Τί
263 491 310 520 οὖν
325 494 342 528 ὴ
354 493 474 520 θάλασσα
486 494 554 529 μόνη
565 494 618 521 τῶν
632 496 661 521 ὲν
673 495 748 535 μέσῳ
760 496 867 530 φύσεων
882 494 961 528 οὖσα,
974 497 1005 524 οὐ
1016 518 1018 520 -

219 538 300 574 μόνον
321 539 459 574 ἠστόχησε
479 540 527 566 τοῦ
539 540 751 576 άνακαινισμοῦ,
767 541 836 568 ἀλλὰ
850 543 898 569 καὶ
918 542 1007 578 πάντη

217 583 265 610 τοῦ
281 581 369 618 sint;
385 585 414 610 Ei
429 585 458 611 δὲ
478 585 554 618 λέγει
568 594 611 617 τις
628 586 669 612 ὅτι
688 586 743 613 τῶν
766 587 942 621 ἐμπλεόντων
957 587 1008 614 οὐκ

217 628 302 655 όντων
315 649 323 661 ,
341 629 449 665 ἀνάγκη
466 630 535 664 μηδὲ
550 631 636 666 αὐτὴν
658 631 840 666 χρηματίζειν
860 631 928 666 ὅπερ
950 632 1008 658 ἐστὶ

216 674 275 706 νῦν,
296 675 418 707 είκότως.
436 676 472 702 Τὸ
487 675 516 702 δὲ
533 677 573 708 είς
589 677 710 711 παντελῆ
732 678 903 712 άνυπαρξὶαν
919 678 1007 704 ὲλθεῖν

215 719 301 754 αὑτὴν
320 720 368 755 ὲᾷν
385 720 415 752 ἐξ
439 721 567 755 ἡμισείας
591 721 778 753 ἐπιτελοῦντος
805 723 850 749 τὸν
866 724 1006 749 ἀνακαινι-

216 765 285 798 σμόν
299 765 368 792 ἐστι.
385 765 418 791 Τί
435 765 480 792 οὖν
496 765 553 792 ἔστι
572 767 638 802 πρὺς
654 767 732 794 τοῦτο
759 768 847 803 ἐρεῖν,
864 767 881 803 ἢ
899 769 1007 800 πάντως

215 811 325 843 ἐκεῖνο,
348 810 386 842 ὡς
407 811 500 845 ἐπειδὴ
523 811 647 848 θαλάσσῃ
671 812 812 848 ὡμοίωσεν
828 815 842 840 ό
865 814 1007 848 θεοπάτωρ

213 857 260 882 τιν
281 857 403 891 παρόντα
426 857 548 892 κόσμον,
572 858 746 891 ἀναγκαίως,
773 859 816 886 ἵνα
841 860 878 894 μή
902 868 945 891 τις
966 859 1006 894 τῷ

214 902 406 938 άνακαινισμῷ
420 902 467 930 τοῦ
483 904 511 929 οὐ
517 903 597 938 ρανοῦ
613 905 661 930 καὶ
675 906 724 938 τῆς
743 906 806 940 γῆς,
823 905 870 932 καὶ
882 906 932 940 τὴν
945 905 1006 932 κατ’

214 947 285 974 αὐτὰ
306 947 409 984 τὺρὸην
432 948 575 981 ὑποσάλοι,
592 949 636 976 διὰ
653 950 701 976 τοῦ
723 950 834 982 τελείως
852 950 1006 986 ἁφανισμοῦ

212 990 263 1025 τῆς
290 990 439 1026 θαλάσσης,
467 992 538 1018 κατὰ
563 992 611 1027 τὴν
637 994 816 1028 τροπολογίαν
845 995 892 1021 τοῦ
926 994 1007 1021 Δαυῒδ

213 1037 306 1064 ἐκεῖνα
318 1037 473 1072 ὲσημείωσε
489 1038 536 1064 καὶ
552 1038 681 1071 ἐξείλετο,
697 1038 735 1070 ὡς
749 1039 866 1074 φρούδου
881 1040 929 1067 καὶ
940 1040 1005 1068 ταύ-

212 1091 263 1117 της
278 1082 348 1109 κατὰ
363 1082 408 1109 τὸν
418 1083 613 1118 άνακαινισμδν
627 1084 776 1119 ὲσομένηςς

248 1160 302 1187 Kal
315 1159 374 1194 τὴν
388 1161 480 1188 πόλιν
493 1161 551 1195 τὴν
564 1160 652 1195 ἁγίαν
673 1162 868 1198 Ἰερουσαλὴμ
882 1164 1003 1198 καινήν.

211 1205 298 1232 Πάλαι
332 1205 399 1240 μὲν,
434 1206 536 1240 φησὶν,
575 1205 756 1242 Ἰερουσαλὴμ
788 1209 819 1233 το
851 1207 1005 1242 ἁγιώτατον

213 1251 345 1286 σκήνωμα
363 1251 514 1285 ἐνομίζετο,
532 1252 561 1278 ἐν
583 1248 600 1288 ᾖ
624 1252 671 1278 καὶ
692 1253 706 1278 ό
720 1253 783 1284 ναὸς
801 1253 848 1279 καὶ
869 1254 957 1280 πάντα
970 1254 1005 1281 τὰ

211 1296 260 1331 τῆς
282 1296 448 1330 θεογνωσίας
470 1296 609 1332 μυστήρια
631 1296 854 1332 τεθησαύρισται.
878 1297 951 1335 Αὕτη
976 1298 1004 1326 δὲ

211 1342 260 1370 νῦν
284 1342 364 1378 καινὴ
384 1341 434 1370 οὐκ
462 1341 515 1375 ἔξω
541 1342 622 1378 λόγου
651 1342 748 1378 ἐφόσον
767 1343 800 1379 τῇ
827 1342 875 1371 τοῦ
901 1345 1003 1380 Κυρίου
1025 1378 1027 1380 η

212 1395 349 1425 παρουσία
364 1390 455 1416 ἐκεῖνα
476 1391 508 1424 τῇ
524 1389 685 1424 παλαιότητι
701 1389 856 1425 ὴχρειοῦτο.
883 1390 1003 1426 Ἀνάγκη
1025 1421 1028 1425 Δ

211 1437 266 1469 ἄρα
294 1435 391 1471 καινὴν
410 1435 457 1461 τοῦ
481 1435 584 1466 παντὸς
610 1435 798 1471 καινοποιήσει
824 1435 1004 1471 Ἰερουσαλὴμ

211 1481 432 1517 ἐμφανισθῆναι,
457 1481 506 1508 καὶ
531 1481 561 1513 ιε
581 1481 696 1516 οὐρανοῦ
716 1480 879 1513 κατιοῦσαν,
905 1481 1003 1507 ὁπόθεν

211 1527 368 1558 καινοποιὺς
397 1526 500 1562 Κύριος
534 1526 639 1561 Ἰησοῦς
664 1526 791 1561 Χριστός.
825 1526 1002 1562 Ἰερουσαλὴμ

212 1573 262 1608 μὲν
276 1570 323 1599 οὖν
338 1571 435 1607 καινὴν
446 1592 454 1604 ,
474 1571 519 1598 διὰ
535 1571 630 1598 τοῦτο·
647 1572 724 1598 πόλιν
736 1571 774 1604 δὲ,
792 1570 829 1603 ὡς
845 1571 1003 1606 οἰκητήριον

209 1618 319 1645 πάντων
334 1617 459 1651 ἀγγέλων
478 1617 524 1643 καὶ
543 1615 695 1652 ἀνθρώπων
719 1616 864 1651 ἐσομένην.
889 1616 958 1642 Ὑπὸ
975 1616 1003 1642 δὲ

209 1664 257 1690 τοῦ
277 1662 345 1690 Θεοῦ
369 1662 554 1697 ήτοιμᾶσθαι·
580 1662 606 1689 τί
634 1661 688 1697 γάρ
717 1670 760 1693 τις
783 1661 836 1687 τῶν
861 1662 1003 1696 σωτηρίων

211 1709 299 1744 ἑαυτῷ
324 1708 469 1744 κατορθοῖ,
484 1708 534 1742 τῆς
558 1707 611 1733 ἀπὸ
626 1707 672 1734 τοῦ
695 1707 763 1733 Θεοῦ
784 1707 1003 1741 συναντιλήψεως

210 1754 349 1790 ὰμοιρῶνς
366 1754 512 1789 Τροπικῶς
527 1754 555 1780 δὲ
578 1753 626 1780 καὶ
642 1753 861 1789 μεγαλοπρεπῶς
882 1753 919 1785 ὡς
935 1753 1003 1788 νύμ-

210 1810 264 1836 φην
277 1801 462 1836 κεκόσμηκεν,
478 1799 514 1831 ὡς
528 1799 561 1826 ἂν
578 1800 610 1826 ὲκ
621 1799 675 1826 τῶν
687 1799 824 1835 αἰσθητῶς
836 1799 1002 1834 λεγομένων,

210 1848 249 1877 εἰς
263 1847 312 1882 τὴν
324 1846 423 1882 νοητὴν
433 1845 488 1872 τῶν
501 1845 587 1879 ἁγίων
603 1845 792 1880 μακαριότητα
807 1845 854 1872 καὶ
865 1845 1003 1880 διαγωγὴν

210 1893 256 1918 τὸν
270 1891 331 1918 νοῠν
350 1890 583 1926 παραπέμψωμεν
596 1890 641 1917 τὸν
655 1890 799 1926 ἡμέτερον.

247 2001 301 2028 Καὶ
313 1999 405 2032 αὐτὸς
425 2001 443 2027 ὁ
460 1998 533 2030 Θεὸς
544 2000 609 2033 μετ’
623 1998 723 2026 αὐτῶν
739 1998 835 2025 ἔσται.
852 1998 937 2025 Τοῦτο
954 2007 999 2025 σα-

212 2047 342 2082 φέστερον
356 2048 370 2072 ό
386 2045 547 2076 Ἀπόστολος
561 2044 647 2079 δηλῶν
658 2044 759 2077 ἔλεγεν·
776 2053 784 2068 ι
797 2044 914 2070 Ἔπειτα
924 2044 1004 2078 ἡμεῖς

211 2093 236 2118 οἱ
251 2092 351 2124 ζῶντες
364 2091 390 2117 οί
410 2090 632 2125 περιλειπόμενοι
648 2089 869 2124 ἁρπαγησόμεθα
884 2089 913 2114 ὲν
925 2088 1005 2121 νεφέ-

211 2140 272 2170 λαις
286 2140 326 2170 εἰς
348 2138 503 2171 ἀπάντησιν
518 2138 566 2164 τοῦ
582 2138 686 2172 Κυρίου
708 2138 748 2167 είς
763 2137 833 2172 ἀέρα
845 2157 852 2168 ,
868 2137 915 2163 καὶ
932 2136 1004 2163 οὕτω

212 2184 328 2211 πάντοτε
353 2185 402 2211 σὺν
431 2184 527 2218 Κυρίῳ
554 2183 685 2217 ἐσόμεθα.
701 2192 710 2208 ι
739 2183 784 2208 Ἐν
808 2183 894 2218 ταύτῃ
911 2181 1002 2217 οὖν’τῇ

1061 271 1124 298 bilis
1139 280 1192 298 non
1208 272 1281 299 aliud
1295 276 1337 300 est.
1349 280 1433 306 quam
1447 273 1624 308 congregatio
1640 274 1846 311 et_coadunatio

1059 324 1092 342 ett
1108 316 1178 343 ratio
1194 321 1221 343 et
1231 321 1301 344 terra
1312 322 1338 343 et
1354 317 1534 350 intermediis,
1549 319 1641 350 utique
1651 318 1722 345 coelo
1732 323 1759 345 et
1773 323 1846 345 terra

1060 363 1207 393 renovatis,
1227 367 1256 389 ιιι
1268 362 1324 397 jam
1340 363 1367 390 in
1384 363 1504 390 medium
1532 363 1707 398 protulimus,
1733 364 1847 391 omnino

1059 407 1142 433 etiam
1156 415 1186 434 ea
1201 415 1263 441 qua:
1275 408 1432 441 hujusmodi
1446 409 1686 443 congregationem
1696 409 1845 443 complent,

1059 458 1112 477 non
1128 456 1210 478 erunt
1225 453 1348 486 expertia
1365 453 1563 480 rettoratiouis.
1588 453 1679 486 Quare
1700 454 1782 488 igitur
1799 461 1847 480 so-

1059 496 1115 526 lum
1140 504 1215 523 mare
1238 497 1313 531 quod
1338 497 1365 524 in
1386 497 1475 525 medio
1503 502 1692 526 creaturarum
1719 503 1772 530 est,
1792 507 1846 527 non

1058 541 1146 568 solum
1162 542 1339 569 renovatione
1355 541 1520 570 frustratum
1534 548 1587 576 est,
1597 536 1650 571 sed
1662 549 1688 572 et
1701 544 1759 579 ipsa
1774 545 1848 572 exsi-

1058 587 1172 614 stentia‘!
1188 587 1216 614 Si
1239 593 1328 615 autem
1349 588 1423 615 dicat
1440 589 1515 623 quis,
1540 589 1612 623 quod
1637 597 1698 616 cum
1724 598 1777 617 non
1793 591 1848 618 sint

1057 633 1104 666 qui
1121 633 1147 659 in
1166 641 1198 659 eo
1212 634 1352 667 navigem.
1367 642 1422 660 non
1438 639 1480 661 est
1495 642 1608 662 necesse
1624 635 1690 662 illud
1709 636 1847 670 appellare

1057 678 1130 711 quod
1148 686 1220 705 nunc
1233 683 1276 705 est
1292 687 1298 705 :
1317 684 1389 706 recte
1406 679 1640 713 quidem:vcrum
1656 680 1745 707 sinere
1758 681 1846 715 ipsum

1058 723 1150 749 venire
1165 723 1197 749 ad
1217 723 1374 751 absolutum
1397 724 1539 751 interitum
1550 744 1558 756 ,
1575 730 1618 752 est
1643 726 1846 752 reuovationcm

1057 774 1089 793 es
1105 767 1216 793 dimidia
1234 772 1311 802 parte
1327 767 1444 795 efﬁcere.
1458 767 1529 800 Quid
1547 768 1629 803 igitur
1641 769 1674 795 ad
1691 768 1743 795 hoc
1755 769 1848 796 dicen-
1869 801 1872 804 ,

1058 812 1122 839 dum
1140 813 1204 839 est?
1221 813 1261 839 Au
1278 813 1374 847 utique
1390 813 1469 845 illud,
1485 814 1559 848 quod
1575 814 1638 848 quia
1655 813 1700 841 Dei
1718 814 1847 849 progeni-

1058 859 1102 883 tor
1117 857 1185 883 mari
1204 858 1277 885 hunc
1291 857 1423 884 mundum
1442 858 1614 890 assimilavit,
1631 859 1798 892 necessario,
1815 867 1848 886 ne

1058 901 1121 936 quis
1134 902 1168 928 ad
1184 902 1245 929 caeli
1261 907 1289 930 et
1304 907 1383 929 terrae
1401 903 1606 930 renovationem
1627 903 1709 930 etiam
1727 904 1845 931 utentio-

1059 954 1120 973 nem
1136 946 1227 974 facere
1242 947 1276 973 de
1297 949 1377 974 turha
1397 955 1459 982 qum
1473 949 1499 974 in
1519 948 1584 982 ipsis
1602 953 1655 980 est,
1671 956 1720 983 per
1734 948 1846 976 absolu-

1059 996 1116 1019 tum
1135 993 1220 1020 maris
1241 992 1382 1020 interitum
1400 993 1479 1027 juxta
1501 993 1681 1028 tropologiam
1699 993 1783 1020 David
1801 993 1846 1020 illa

1057 1040 1163 1065 notavit
1175 1043 1201 1065 et
1216 1038 1333 1073 accepit.
1361 1039 1441 1073 quasi
1470 1039 1609 1066 incassum
1630 1038 1713 1066 etiam
1742 1038 1794 1066 hoc
1818 1038 1846 1065 in

1057 1083 1236 1111 renovatione
1248 1087 1323 1111 esset
1337 1083 1514 1111 addendum?

1090 1160 1174 1195 820
1185 1159 1220 1186 Et
1234 1159 1288 1186 vidi
1300 1159 1433 1187 civitatem
1445 1164 1565 1187 sanctam
1580 1160 1728 1188 Jerusalem
1741 1170 1845 1191 novam.

1055 1206 1137 1239 Olim,
1149 1205 1247 1240 inquit,
1258 1204 1409 1233 Jerusalem
1422 1206 1626 1234 sanctissimum
1638 1208 1843 1235 tabernaculum

1054 1251 1274 1284 existimabatur,
1294 1251 1322 1279 in
1336 1259 1390 1287 qua
1405 1253 1576 1286 et'tcmplum
1595 1256 1622 1279 et
1636 1253 1728 1280 omnia
1747 1254 1845 1280 uirium

1055 1297 1219 1334 cognitionis
1254 1298 1383 1334 mysteria
1404 1302 1482 1326 erant
1504 1298 1660 1332 recondita;
1677 1298 1735 1326 hac
1755 1303 1844 1326 autem

1055 1351 1128 1371 nunc
1140 1351 1195 1370 non
1218 1343 1268 1370 abs
1290 1351 1321 1370 re
1343 1351 1412 1370 nava
1437 1344 1549 1375 dicitur,
1573 1348 1709 1378 quatenus
1735 1345 1779 1371 illa
1794 1353 1841 1379 per

1054 1389 1201 1417 adventum
1218 1389 1327 1416 Domini
1344 1393 1481 1416 vetustate
1507 1394 1571 1417 sunt
1590 1390 1690 1416 abolita
1709 1399 1716 1417 ;
1734 1398 1846 1417 necesse

1055 1434 1202 1468 estitaque
1229 1440 1327 1460 novam
1347 1433 1499 1461 Jerusalem
1525 1435 1703 1462 renovatione
1725 1435 1846 1463 nnivursi

1054 1487 1196 1514 apparere,
1215 1484 1243 1506 et
1261 1480 1294 1506 de
1315 1480 1385 1507 coelo
1409 1480 1633 1511 descendentem,
1660 1481 1731 1508 unde
1757 1489 1845 1508 novus

1054 1525 1181 1559 apparuit
1196 1525 1330 1552 Dominus
1348 1524 1413 1553 Jesu
1430 1525 1569 1553 Christus.
1584 1525 1735 1553 Jerusalem
1751 1527 1847 1561 itaque

1056 1576 1167 1605 propter
1180 1571 1231 1598 hoc
1247 1571 1348 1598 dicitur
1366 1579 1374 1598 ι
1391 1571 1488 1598 civitas
1513 1579 1589 1603 vero,
1614 1577 1745 1605 tanquam
1769 1571 1845 1598 futu-

1057 1624 1117 1643 rum
1139 1616 1323 1643 hahitaculum
1347 1620 1509 1643 cunctorum
1527 1616 1686 1650 angelorun‘.
1714 1624 1741 1643 et
1757 1617 1846 1643 homi-

1058 1668 1134 1687 num.
1156 1663 1175 1686 A
1199 1661 1254 1687 Deo
1284 1666 1376 1687 autem
1414 1665 1507 1694 parata
1528 1669 1535 1687 :
1561 1660 1626 1695 quid
1654 1660 1726 1686 enim
1755 1665 1844 1694 posset

1057 1706 1193 1741 quispiam
1214 1711 1344 1741 pra'slare
1356 1707 1427 1740 quod
1442 1706 1494 1732 sibi
1511 1705 1543 1732 ad
1558 1706 1672 1732 salutem
1689 1706 1806 1737 cederet.
1821 1706 1844 1732 si

1057 1759 1155 1785 expers
1176 1751 1212 1778 sit
1229 1751 1322 1777 auxilii
1346 1751 1419 1785 quod
1440 1758 1455 1777 a
1470 1750 1526 1777 Deo
1547 1750 1608 1777 est?
1623 1750 1765 1777 Moraliter
1779 1758 1845 1778 vero

1057 1796 1141 1823 etiam
1165 1795 1312 1830 magnifice
1332 1800 1463 1830 tanquam
1493 1803 1624 1830 sponsam
1643 1795 1798 1830 adornavit,
1816 1801 1845 1823 ut

1056 1849 1088 1868 ex
1108 1841 1285 1868 scnsibilibus
1303 1841 1337 1868 ad
1354 1841 1566 1868 intellectualem
1583 1846 1740 1868 sanctorum
1758 1842 1846 1869 beati-

1058 1886 1178 1914 tudinem
1193 1895 1224 1914 ac
1238 1888 1476 1914 conversationem
1501 1886 1701 1915 transferamus
1724 1892 1844 1914 mentem

1057 1935 1180 1957 nostram
1186 1951 1193 1958 .

1092 1995 1128 2022 Et
1140 1996 1195 2030 ipse
1207 1995 1274 2022 Deus
1286 2003 1346 2022 cum
1356 1996 1393 2022 eis
1405 1996 1464 2022 erit.
1477 1994 1536 2022 "oc
1550 1995 1725 2023 manifestius
1740 1996 1844 2030 signifi-

1058 2049 1123 2068 rans
1141 2042 1301 2076 Apostolus.
1328 2042 1416 2068 dixit:
1437 2050 1445 2066 ι
1463 2041 1518 2068 Nos
1533 2042 1578 2075 qui
1596 2041 1713 2069 vivimus
1737 2042 1783 2076 qui
1800 2049 1844 2068 re-

1057 2087 1216 2122 linquimur,
1235 2088 1372 2121 rapietnnr
1384 2087 1492 2113 obviam
1505 2086 1616 2114 Christo
1633 2087 1660 2113 in
1676 2095 1750 2119 aera,
1766 2087 1844 2114 etsic

1057 2140 1165 2167 semper
1189 2139 1250 2158 cum
1283 2131 1399 2159 Domino
1429 2132 1533 2159 erimus
1556 2133 1577 2158 ‘.
1601 2141 1610 2157 ι
1635 2132 1664 2158 lu
1687 2132 1740 2159 hoc
1762 2133 1844 2167 igitur

1057 2178 1244 2209 tabernaculo.
1258 2185 1310 2204 non
1327 2176 1496 2208 tuauufaeto,
1520 2184 1575 2203 non
1589 2177 1641 2203 erit
1659 2177 1738 2204 ﬂetus
1756 2185 1844 2212 neque

213 2230 299 2264 σκηνῇ
325 2230 356 2263 τῇ
381 2228 583 2263 ἀχειροποιήτῳ
602 2228 651 2253 οὐκ
677 2227 754 2253 ἔσται
780 2226 920 2260 κλαυθμὸς
942 2226 1004 2253 οὕτε

1058 2222 1187 2258 lacryma.
1210 2229 1271 2256 quae
1295 2222 1402 2248 mortali
1427 2222 1489 2248 vita:
1510 2226 1623 2256 cognata
1651 2227 1729 2252 sunt.
1759 2230 1859 2256 neque,

212 2273 330 2308 δάκρυον
356 2273 391 2300 τὰ
415 2272 544 2307 σύστοιχα
567 2272 606 2307 τῷ
624 2273 748 2307 ἐπικήρῳ
774 2272 824 2306 βίῳ
841 2271 903 2298 οὔτε
924 2271 1005 2303 πόνος

213 2318 272 2353 (τὴν
283 2318 338 2344 τῶν
354 2317 439 2352 ἁγίων
456 2317 530 2352 λέγω
548 2317 735 2344 κακοπάθειαν
748 2318 781 2352 ἢν
798 2317 955 2351 ὑπέστησαν
975 2317 1005 2343 ὲν

211 2364 251 2398 τῷ
265 2364 395 2400 μοχθηρῷ
409 2364 497 2399 τούτῳ
511 2364 560 2399 βίῳ
571 2365 591 2398 )·
611 2365 640 2390 ὲν
655 2364 752 2398 ἐκείνῳ
768 2364 797 2390 δὲ
810 2363 849 2399 τῷ
867 2363 1002 2399 μέλλοντι,

214 2409 277 2436 ὲπεὶ
291 2410 328 2440 ὡς
348 2409 481 2444 ἀφθάρτῳ
496 2409 601 2443 ἀπέδρα
619 2409 692 2444 λύπη
707 2409 754 2436 καὶ
771 2409 852 2443 ὀδύνη
875 2409 921 2435 καὶ
941 2417 1004 2435 στε-

213 2455 328 2489 ναγμὸς,
339 2455 414 2490 ἀργὰ
424 2455 511 2481 ταῦτα
529 2455 618 2482 πάντα
633 2456 680 2481 καὶ
698 2455 825 2490 περιττά.

250 2531 316 2558 Ὅτι
333 2532 368 2558 τὰ
382 2531 483 2566 πρῶτα
494 2531 622 2566 ἀπῆλθε.
646 2531 687 2558 Τὰ
701 2531 808 2566 πρῶτα,
827 2531 862 2559 τὰ
886 2532 940 2559 ἀπὺ
954 2532 1003 2567 τῆς

214 2577 395 2612 παραϐάσεως
429 2577 516 2611 Ἀδάμ
540 2578 574 2612 τῇ
604 2576 693 2612 φθορᾷ
721 2576 925 2612 ὐποδληθέντα,
948 2577 1005 2604 εἴτε

213 2622 317 2657 ὀχληρὰ
333 2622 379 2648 καὶ
402 2622 528 2649 ἐπώδυνα
549 2623 605 2653 τοῖς
624 2622 761 2657 θεοφιλέσι
785 2623 820 2649 δι’
840 2623 940 2659 ἀρετὴν
959 2623 1004 2650 εὑ-

214 2670 387 2706 πορούμενα,
403 2670 458 2697 εἴτε
480 2669 514 2696 δι’
531 2670 690 2702 ἀλαζονείαν
710 2671 757 2697 καὶ
775 2670 932 2706 ἀφροσύνην
948 2671 1004 2702 τοῖς

187 2729 190 2732 ~
215 2715 390 2743 θωσλαὸέσιν
403 2715 649 2750 ἐπακολουθοῦντα,
663 2716 751 2744 πάντα
764 2715 880 2751 ἀπῆλθε.

253 2846 287 2874 ‘l
303 2846 401 2875 Thess.
416 2854 452 2879 ιν,
471 2845 513 2874 ιο.

1055 2266 1148 2296 labor:
1165 2272 1322 2295 sanctorum
1340 2267 1513 2294 alﬂictionem
1528 2267 1601 2300 dieo,
1617 2274 1698 2302 quam
1719 2268 1745 2294 in
1767 2268 1845 2302 flagi-

1054 2314 1125 2342 tiosa
1140 2318 1166 2340 et
1179 2313 1318 2340 laboriosa
1334 2313 1384 2339 hac
1399 2312 1453 2339 vita
1477 2312 1671 2339 sustinuerunt
1687 2321 1695 2339 :
1712 2312 1738 2339 in
1753 2312 1844 2340 futura

1052 2364 1141 2386 autem
1165 2359 1219 2385 vita
1241 2366 1304 2385 cum
1334 2358 1498 2385 immortalis
1520 2358 1555 2385 sit
1573 2377 1582 2389 ,
1605 2357 1674 2393 fugit
1704 2358 1792 2386 luctus
1819 2364 1846 2386 et

1053 2406 1133 2433 dolor
1148 2413 1181 2432 ac
1193 2404 1312 2439 gemitus
1329 2413 1336 2431 :
1349 2408 1377 2432 et
1392 2404 1429 2431 ita
1442 2404 1532 2432 otiosa
1546 2408 1629 2431 erunt
1643 2404 1700 2432 lucc
1714 2405 1805 2431 omnia
1817 2409 1846 2431 ct

1053 2450 1203 2486 superflua.

1094 2529 1227 2562 Quoniam
1239 2529 1327 2563 prima
1342 2529 1474 2556 abierunt.
1491 2527 1581 2556 Prima
1595 2535 1655 2562 qua:
1666 2535 1680 2554 a
1696 2532 1846 2562 transgres-

1058 2575 1136 2603 sione
1150 2575 1237 2602 Adam
1253 2574 1458 2610 corruptionem
1473 2573 1686 2605 comitabantur,
1709 2573 1767 2599 sive
1784 2579 1843 2598 ino-

1054 2621 1123 2648 lcsta
1137 2628 1170 2648 ac
1182 2620 1311 2648 dolorosa
1328 2628 1390 2655 quae
1406 2620 1433 2647 iu
1450 2619 1547 2646 amicis
1562 2618 1608 2644 Dei
1625 2621 1737 2652 propter
1753 2617 1844 2644 virtu-

1055 2672 1108 2695 tem
1123 2667 1274 2700 abundant,
1290 2667 1348 2695 sive
1363 2669 1473 2701 propter
1490 2663 1646 2699 superbiam
1668 2671 1702 2691 ac
1713 2662 1846 2697 insipien—

1054 2713 1121 2740 tiam
1145 2712 1245 2748 impios
1267 2720 1300 2741 ac
1315 2710 1478 2741 temerarios
1500 2713 1726 2744 consequuntur,
1753 2708 1846 2736 omnia

1054 2759 1194 2787 abierunt.
1448 2766 1453 2769 '
