2092 3157
241 169 298 202 761

665 160 830 201 ARETH/E
849 168 1039 200 C(ESAREE
1054 166 1294 198 CAPPADOGL‘E
1312 166 1481 197 EPISCOPl

1813 164 1867 197 768

242 224 404 258 prehensus.
418 224 513 252 Murus
524 220 616 258 itaque
632 223 708 251 visus
721 229 763 250 est
774 231 806 250 ex
819 223 926 258 iaspide
939 223 1027 257 lapide
1040 245 1044 253 λ

1078 230 1119 248 σει
1131 221 1242 256 ληπτόν.
1260 221 1296 246 Τὸ
1317 221 1407 254 τεῖχος
1430 219 1480 254 μὲν
1494 219 1540 246 οὖν
1561 219 1663 247 ἰάσπιδι
1687 219 1781 255 ὠράθη
1801 219 1867 255 λίθῳ

239 270 412 304 compositus
423 274 534 304 propter
545 268 646 296 coloris
660 269 837 295 viriditatem.
853 268 944 296 Viride
957 269 1030 295 enim

240 323 354 350 gramen
370 315 446 349 praeit
462 322 544 342 omne
565 321 702 341 terrenum
724 315 894 341 alimentum.
911 314 982 346 Quin
1004 319 1032 342 et

243 360 432 395 crystallizans
457 360 543 394 jaspis
570 361 661 391 muri,
679 360 801 394 designat
829 360 919 395 ipsum
942 360 1031 388 conti-

243 412 308 432 nere
324 405 468 439 puritatem
485 409 512 431 et
533 412 629 432 carere
648 405 875 439 reprehensione.
898 405 1030 433 l’rzeterea

240 450 386 478 sublimem
403 449 471 477 dicit
491 457 600 477 murum
617 454 645 478 et
660 450 744 477 altum
763 459 770 477 :
789 459 878 486 neque
895 451 966 479 enim
982 452 1030 479 Al-

242 495 348 521 tissimo
356 499 463 528 gratum
475 499 518 523 est
531 496 557 522 in
573 495 723 523 humilibus
736 501 762 524 et
774 496 886 530 abiectis
895 497 1029 529 habitare,

240 540 289 568 sed
307 540 334 567 in
347 541 390 568 his
403 541 504 575 quibus
519 542 651 570 sublimes
663 548 727 570 sunt
741 550 839 570 sensus
849 549 877 571 et
891 544 1029 571 caelestem

243 585 373 612 habentes
394 587 615 614 sanctimoniam.
642 587 754 622 Species
774 593 864 615 autem
887 588 1030 618 luminaris

241 629 443 664 pretiosissimo
457 632 566 666 quidem
578 632 661 667 lapidi
673 638 857 668 comparatur,
872 641 925 661 non
939 638 1030 662 tamen

241 675 332 708 qualis
349 676 432 703 fuerit
445 682 572 711 aspectus
586 678 739 706 ostenditur
754 688 761 706 :
777 679 842 714 quia
854 686 943 714 neque
956 687 1029 707 mor-

244 720 342 748 talibus
363 725 391 748 et
412 723 638 756 corruptibiiibus
658 724 739 751 rebus
760 723 897 758 designari
915 727 1031 759 possunt

242 773 304 799 qua:
324 766 496 794 divinissima
517 772 582 795 sunt
600 773 627 796 et
647 769 740 796 sensui
763 776 937 804 nequaquam
962 770 1028 797 sub-

241 810 314 844 jecta
320 830 327 838 .

277 854 349 887 ΧΧΙ,
367 856 458 884 ιιι-ιι.
484 856 518 883 Et
540 858 651 885 habebat
670 864 761 892 portas
785 859 937 892 duodecim,
954 865 978 888 et
1001 861 1029 887 in

242 902 326 933 portis
339 902 445 936 angelos
462 901 611 936 duodecim,
627 909 652 930 et
672 905 780 931 nomina
801 906 948 938 inscripta.
970 913 1028 941 qua:

241 951 303 972 um
322 947 429 973 nomine
449 947 587 975 duodecim
604 949 721 976 tribuum
739 950 856 984 ﬁliorum
872 950 969 979 Israel.
989 952 1028 979 Ab

242 990 341 1017 oriente
357 995 441 1025 porta:
462 996 526 1023 Ira.
543 997 568 1019 et
589 994 622 1020 ab
635 995 757 1028 aquilone
775 1002 859 1029 porta:
872 1001 934 1028 tres,
952 1002 978 1024 et
996 997 1028 1024 ab

243 1040 335 1071 austro
347 1041 431 1071 porlre
444 1042 508 1070 tres,
518 1038 602 1073 824
615 1044 639 1065 et
656 1040 688 1065 ab
706 1048 801 1067 occasu
816 1046 900 1074 poma
916 1047 977 1069 (res.
994 1041 1028 1069 Et

242 1087 333 1107 murus
347 1082 463 1109 civitatis
477 1083 589 1110 habebat
603 1084 777 1117 fuitdamenta
789 1086 942 1119 duodecim,
960 1092 985 1113 ct
1001 1088 1029 1114 in

242 1125 306 1158 ipsis
321 1124 458 1153 duodecim
478 1128 585 1154 nomina
602 1127 740 1155 duodecim
755 1129 934 1164 apostolorum
948 1130 1027 1165 Agni.

277 1256 385 1284 Nullum
399 1265 431 1285 ex
448 1257 492 1286 his
508 1258 608 1286 durum
624 1259 793 1287 intellectum
807 1261 840 1287 ad
855 1261 1029 1295 explanatio-

243 1309 305 1328 nem
317 1302 386 1329 trahi
398 1309 510 1330 necesse
518 1308 570 1330 est.
581 1304 696 1337 Quando
709 1305 782 1332 enim
795 1312 926 1333 numerus
937 1310 1030 1340 aperte

242 1347 367 1382 designat
387 1348 530 1382 apostolos
552 1348 677 1381 Domini,
698 1350 756 1384 ipse
779 1355 918 1384 portarum
945 1359 1029 1384 usus.

244 1398 341 1426 nempe
355 1393 427 1426 quod
451 1392 627 1421 introducant
640 1394 675 1421 ad
690 1395 819 1422 conclave
835 1396 906 1428 vitae,
921 1401 1031 1431 aposto-

243 1436 285 1463 los
299 1436 385 1470 ipsius
407 1442 594 1471 repraesentat,
613 1446 661 1473 per
678 1447 747 1473 quos
763 1444 856 1474 gentes
872 1441 905 1468 ad
926 1441 1029 1469 Christi

242 1482 372 1508 conclave
391 1482 553 1510 introdqu
570 1488 645 1511 sunt.
669 1485 787 1519 Angelos
805 1493 870 1513 vero
886 1487 1029 1514 duodecim

244 1526 271 1553 in
285 1528 370 1562 portis
381 1528 561 1562 constituunt,
575 1537 646 1563 quos
657 1530 825 1565 interpretati
837 1537 903 1560 sunt
917 1538 1028 1567 aposto-

243 1573 293 1604 los,
310 1581 358 1607 per
369 1581 437 1608 quos
448 1575 528 1601 nobis
541 1575 670 1603 introitus
686 1580 714 1603 et
729 1577 762 1603 ad
777 1576 884 1604 Patrem
900 1586 1028 1606 accessus

243 1624 411 1653 praeparatur
427 1621 618 1655 cooperatione
639 1623 814 1656 angelorum,
831 1623 878 1658 qui
895 1624 953 1658 pari
975 1632 1028 1651 nu-

244 1671 321 1691 mero
337 1663 392 1692 sint
411 1672 472 1692 cum
498 1666 539 1693 his
557 1666 692 1699 praefectis
715 1676 723 1694 :
749 1672 797 1696 aut
823 1669 914 1702 potius
933 1677 1027 1696 earum

244 1709 401 1744 angelorum
427 1709 473 1744 qui
494 1711 627 1745 segregati
650 1716 715 1739 sunt
741 1712 774 1739 ad
801 1713 1026 1746 gubernationem

243 1753 388 1780 duodecim
413 1755 533 1781 tribuum
563 1755 660 1787 Israel,
685 1756 763 1790 juxta
789 1758 979 1792 cognationem
1001 1760 1027 1786 in

245 1799 389 1826 sanctitate
404 1799 556 1826 fundatam.
575 1799 606 1827 Et
628 1801 804 1829 meritissima
820 1803 857 1829 ita
874 1803 985 1831 dicitur.
999 1804 1028 1832 Si

244 1843 317 1870 cnim
343 1851 503 1878 persuasum
521 1845 599 1871 nobis
620 1849 671 1877 est,
689 1846 789 1880 cuique
813 1847 934 1874 ﬁdelium
959 1848 1029 1877 desi-

244 1894 356 1924 gnatum
378 1896 439 1916 essc
461 1889 606 1924 angelum,
622 1892 709 1918 multo
731 1891 817 1926 magis
843 1892 1030 1921 fundamentis

246 1934 375 1962 Ecclesia:
390 1935 581 1969 et-cvangclici
595 1935 668 1963 verbi
687 1936 898 1965 seminatoribus
913 1946 1030 1966 consen-

246 1987 355 2008 taneum
369 1985 411 2008 est
426 1982 537 2016 angelos
559 1988 620 2009 esse
639 1981 778 2017 adjutores
793 1983 826 2010 ad
843 1985 1027 2019 evangelicam

245 2026 359 2061 praediea
365 2027 464 2053 tionem
469 2047 476 2053 .

279 2072 314 2100 Et
333 2073 438 2100 nantiua
461 2074 596 2108 inscripta.
621 2073 650 2100 ln
675 2074 750 2101 cultu
775 2074 884 2109 quidem
912 2075 1029 2103 Massico

245 2123 407 2154 praceptutn
424 2124 482 2146 erat
498 2119 565 2146 utin
578 2119 795 2154 superhumerali
811 2121 1028 2148 inscriberentur
1045 2131 1050 2135 -

246 2166 351 2193 Lumina
365 2165 592 2200 patriarcharum.
605 2165 632 2192 in
643 2170 805 2193 testamento
818 2171 907 2194 autem
919 2167 1027 2194 Domini

1085 266 1337 301 συντετελεσμένον,
1352 265 1397 292 διὰ
1407 265 1437 291 τὸ
1452 265 1561 300 χλοερὸν
1571 264 1618 291 τοῦ
1629 264 1783 300 χρώματος.
1795 265 1867 300 Χλόη

1084 313 1138 347 γὰρ
1149 313 1257 347 ἡγεῖται
1276 311 1367 346 πάσης
1381 310 1502 345 ἐπιγείου
1511 310 1624 345 τροφῆς.
1648 310 1727 336 Ἀλλά
1739 310 1787 337 καὶ
1801 319 1868 344 κρυ-

1084 357 1261 389 σταλλίζουσα
1276 358 1293 392 ἡ
1309 358 1404 388 ίασπις
1422 355 1470 383 τοῦ
1492 356 1608 390 τείχους,
1627 356 1658 382 τὸ
1672 355 1794 390 καθαρὸν
1819 357 1866 382 καὶ

1083 402 1199 438 ἄμωμον
1220 402 1394 437 αἰνιττομένη
1418 402 1466 428 τοῦ
1493 401 1701 437 περιεχομένου.
1721 402 1801 428 ’Δλλά
1818 402 1865 428 καὶ

1083 447 1184 483 ὑψηλόν
1199 456 1265 483 φησι
1282 447 1360 474 τοῦτο
1381 447 1428 474 καὶ
1445 447 1528 482 μέγα.
1544 447 1581 474 οὐ
1606 448 1660 482 γὰρ
1677 447 1706 474 ὲν
1727 448 1866 479 ταπεινοῖς

1083 493 1129 520 καὶ
1144 493 1324 528 χαμαιζήλοις
1349 493 1364 520 ό
1389 493 1521 527 ’Υψιστος
1543 493 1688 527 εὑαρεστεΐ
1715 494 1864 525 κατοικεῖν,

1083 538 1141 565 ἀλλ’
1154 539 1227 569 ὅσοις
1239 538 1373 573 μετάρσια
1391 537 1427 564 τά
1437 538 1608 573 φρονήματα,
1621 538 1668 564 καὶ
1679 537 1728 571 τῆς
1739 537 1865 572 οὐρανίου

1083 583 1199 617 ἐχόμενα
1212 582 1386 617 σεμνότητος.
1402 582 1439 609 Τὸ
1450 582 1481 609 δὲ
1487 581 1535 608 τοῦ
1549 582 1691 616 φωστῆρος
1707 580 1786 613 εἶδος,
1799 581 1866 617 λιοῳ

1083 627 1134 662 μὶν
1164 627 1371 662 παραϐάλλεται
1390 627 1559 662 τιμιωτάτῳ.
1583 626 1614 653 οὺ
1640 627 1731 661 μέντοι
1748 627 1794 652 καὶ
1815 628 1866 662 τὴν

1083 671 1161 701 ἰδέαι
1168 672 1260 703 ὁποῖος
1273 671 1451 703 ινδείκνυται,
1469 671 1510 697 ὄτι
1529 671 1597 706 μηδὲ
1625 671 1731 706 θνητοῖς
1752 672 1800 698 καὶ
1814 672 1866 705 ὰφ-

1083 716 1192 751 θάρτοις
1204 717 1241 743 τὰ
1254 716 1380 743 θειότατα
1390 715 1438 743 καὶ
1449 716 1574 750 αἰσθήσει
1586 715 1726 744 ἀδούλωτοι
1743 716 1867 750 πέφυκεν

1083 762 1372 798 ὑποδειγματίζεσθαι.

1119 852 1276 887 Ἔχουσαν
1292 851 1436 885 πυλῶνας
1460 851 1583 884 δώδεκα,
1597 850 1705 878 ualent
1726 858 1789 883 τοις
1809 859 1866 877 πυ-

1045 895 1066 923 Β
1078 898 1176 926 λῶσιν
1186 898 1333 934 ἀγγέλους
1343 898 1466 926 δώδεκα.
1482 898 1534 925 Καὶ
1549 898 1680 932 ὀνόματα
1689 898 1865 931 ἐπιγεγραμ-

1078 944 1171 979 μέγα,
1206 945 1225 972 ᾶ
1251 944 1337 971 ἐστιν
1364 945 1494 978 ὀνόματα
1525 943 1585 970 τῶν
1613 943 1728 970 δώδεκα
1760 941 1864 977 multo?

1078 989 1153 1017 υίῶν
1177 989 1306 1023 Ἰσραήλ.
1326 989 1399 1016 ’Δκὸ
1426 987 1592 1021 ἀνατολῶν,
1617 987 1755 1020 πυλῶνες
1775 988 1864 1022 τρεῖς,

1079 1035 1128 1062 καί
1152 1035 1211 1062 ἀπὸ
1233 1033 1330 1069 ,βορῤᾶ
1352 1033 1491 1066 πυλῶνες
1512 1033 1600 1068 τρεῖς,
1618 1032 1668 1060 καί
1689 1033 1748 1060 ἀπὸ
1773 1034 1862 1060 νότου

1079 1078 1216 1111 πυλῶνες
1233 1078 1320 1112 τρεῖς,
1334 1078 1383 1105 καί
1396 1078 1456 1105 ἀπὸ
1476 1077 1602 1111 δυσμῶν
1615 1077 1753 1110 πυλῶνες
1773 1077 1862 1111 τρεῖς,

1079 1124 1128 1150 καὶ
1139 1123 1172 1149 τὸ
1185 1123 1284 1157 τεῖχος
1298 1123 1354 1157 τῆς
1367 1123 1482 1156 πόλεως
1489 1123 1563 1157 ἕχον
1571 1123 1728 1157 θεμελίους
1738 1122 1862 1156 δώδεκα,

1080 1169 1129 1196 καί
1141 1170 1188 1196 ἐπ’
1203 1168 1302 1196 αὐτῶν
1314 1167 1428 1195 δώδεκα
1445 1169 1575 1203 ὀνόματα
1588 1167 1646 1195 τῶν
1664 1167 1777 1196 δώδεκα
1790 1168 1864 1195 ἁπο-

1079 1215 1198 1242 στόλων
1210 1214 1265 1241 τοῦ
1288 1215 1416 1248 Ἀρνίου.

1114 1261 1197 1289 Οὐδὲν
1211 1262 1243 1287 ὲκ
1263 1260 1366 1288 τούτων
1379 1259 1538 1295 περισκελὲς
1554 1259 1642 1295 νόημα
1656 1260 1696 1290 εἰς
1715 1259 1864 1294 σαφήνειαν

1082 1305 1278 1342 μεθελκόμενον
1294 1305 1435 1340 τυγχάνει.
1453 1305 1488 1331 '0
1504 1313 1533 1331 τε
1552 1304 1607 1338 γὰρ
1629 1303 1743 1338 ἀριθμὸς
1772 1303 1864 1337 σαφῶς

1079 1352 1143 1383 τοὺς
1165 1351 1330 1383 ἀποστόλους
1342 1351 1444 1386 Κυρίου
1457 1349 1614 1384 ὑποφαίνει,
1625 1349 1643 1384 ἦ
1660 1357 1690 1375 τε
1705 1348 1784 1384 χρεία
1805 1348 1861 1373 τῶν

1080 1398 1210 1426 πυλώνων
1225 1399 1263 1430 ὼς
1285 1397 1451 1431 εἰσαγόντων
1474 1397 1514 1428 εἰς
1534 1396 1564 1423 τδ
1586 1397 1636 1431 τῆς
1652 1395 1725 1430 ζωῆς
1752 1396 1864 1429 ταμεῖον

1080 1445 1143 1476 τοὺς
1158 1443 1241 1471 αὑτοῦ
1265 1443 1428 1474 ἀποστόλους
1448 1443 1580 1478 παριστᾷ,
1592 1441 1626 1468 δι’
1640 1438 1677 1468 ὧν
1697 1441 1731 1467 τὰ
1742 1440 1806 1473 ἔθνη
1826 1439 1863 1474 τῷ

1081 1489 1201 1525 Χριστοῦ
1217 1489 1322 1524 ταμείῳ
1349 1488 1525 1524 εἰσήχθησαν.
1547 1486 1692 1521 ’Δγγέλους
1706 1486 1735 1512 δὲ
1761 1485 1863 1512 δώδεκα

1080 1536 1127 1562 ἐπὶ
1143 1535 1198 1563 τῶν
1220 1534 1351 1562 πυλώνων
1370 1534 1542 1565 καθιστᾶσιν,
1559 1532 1606 1565 οὓς
1622 1532 1684 1564 τοὺς
1700 1531 1864 1562 ἀποστόλους

1079 1580 1249 1616 ἑξειλήφασι,
1264 1579 1298 1606 δι’
1317 1576 1354 1605 ὧν
1367 1579 1383 1613 ἠ
1406 1579 1507 1610 είσοδος
1521 1577 1613 1614 ἡμῶν,
1625 1577 1672 1604 καὶ
1686 1578 1703 1611 ἡ
1728 1576 1796 1611 πρὸς
1818 1576 1864 1602 τὸν

1079 1624 1189 1660 Πατέρα
1201 1624 1368 1659 προσαγωγὴ
1379 1623 1528 1658 ὲνήργηται
1537 1622 1584 1649 ἐπὶ
1596 1621 1727 1657 συνεργίᾳ
1740 1621 1864 1654 ἀγγέλων

1080 1669 1233 1705 ἰσαρίθμων
1247 1669 1302 1696 τῶν
1320 1669 1504 1704 προύχόντων,
1519 1667 1568 1695 καὶ
1583 1667 1683 1702 μᾶλλον
1699 1668 1731 1702 τῇ
1751 1667 1863 1692 ἐπιστα-

1079 1715 1126 1751 σίᾳ
1149 1715 1349 1750 ἀφωρισμένων
1370 1714 1425 1741 τῶν
1441 1713 1545 1740 δώδεκα
1571 1713 1661 1747 φυλῶν
1686 1711 1734 1738 τοῦ
1755 1712 1864 1746 Ἰσραὴλ

1079 1760 1151 1787 κατά
1166 1760 1215 1795 τὴν
1243 1759 1403 1794 ἀγχιστείαν
1416 1759 1466 1792 τὴν
1495 1758 1523 1784 ἐν
1546 1757 1669 1792 ἁγιότητι
1687 1754 1863 1791 θεμελιωθεῖ-

1080 1814 1141 1834 σαν.
1160 1806 1214 1832 Καὶ
1232 1805 1305 1840 μάλα
1314 1804 1437 1835 εἰκότως.
1450 1804 1481 1830 Εἰ
1497 1803 1550 1838 γὰρ
1562 1803 1669 1836 ἑκάστῳ
1677 1802 1732 1828 τῶν
1748 1799 1862 1830 πιστῶν,

1079 1852 1194 1886 ἄγγελον
1222 1850 1337 1877 ἕπεσθαι
1361 1849 1584 1883 πεπιστεύκαμεν
1598 1867 1606 1880 ,
1638 1846 1728 1881 πολλῷ
1764 1845 1863 1880 μᾶλλον

1078 1897 1136 1927 τοῖς
1155 1895 1291 1931 θεμελίοις
1313 1895 1362 1930 τῆς
1383 1892 1559 1928 Ἑκκλησίας,
1572 1892 1619 1919 καὶ
1638 1893 1694 1923 τοῖς
1717 1891 1763 1918 τοῦ
1779 1891 1864 1924 εὐαγ-

1079 1940 1189 1974 γελιγοῦ
1214 1940 1294 1974 λόγου
1310 1938 1467 1974 σπορεῦσιν,
1481 1937 1614 1972 ἀγγέλους
1633 1937 1780 1971 συνεργοὺς
1795 1936 1863 1970 πρὸς

1079 1985 1110 2012 τὸ
1132 1984 1311 2019 εὐαγγελικδν
1324 1985 1455 2020 κήρυγμα
1467 1983 1586 2010 νοεῖσθαι
1601 1983 1756 2010 ἀκόλουθον.

1115 2073 1170 2101 Καί
1204 2074 1335 2108 ὀνόματα
1365 2072 1613 2108 ἐπιγεγραμμένα.
1639 2072 1702 2099 Ἐπὶ
1732 2072 1781 2108 μὲν
1807 2072 1858 2107 τῆς

1079 2120 1218 2152 Μωῦσέως
1232 2120 1370 2154 λατρείας,
1385 2119 1418 2146 τὰ
1440 2119 1494 2146 τῶν
1511 2119 1667 2154 ἀρχιφύλων
1677 2119 1797 2154 ὀνόματα
1816 2119 1862 2144 ἐπὶ

1079 2166 1129 2200 τῆς
1153 2165 1290 2199 ἐπωμίδος
1312 2164 1478 2200 γεγράφθαι,
1496 2164 1661 2199 πρόσταγμα
1677 2172 1685 2180 ·
1712 2165 1741 2191 ὲν
1773 2164 1801 2190 δὲ
1826 2165 1860 2198 τῇ

244 2209 319 2241 Jesu.
344 2210 453 2237 nomina
476 2210 537 2237 novi
556 2209 639 2237 Israel
663 2211 690 2237 in
714 2212 801 2246 portis
827 2212 1044 2245 inscribunt-tun}

1080 2209 1150 2237 κατά
1166 2209 1266 2244 Κύριον
1291 2209 1395 2245 Ἰησοῦν
1412 2209 1534 2245 Διαθήκῃ
1551 2209 1598 2236 τοῦ
1613 2209 1673 2235 νέου
1700 2208 1809 2243 Ἰσραὴλ
1827 2207 1861 2234 τὰ

245 2256 297 2282 hoc
322 2260 382 2287 est,
401 2256 428 2282 in
449 2255 490 2282 his
507 2256 703 2289 introducunt,
717 2257 751 2284 de
771 2258 870 2292 quibus
885 2258 967 2285 etiam
988 2259 1029 2286 di-

246 2306 320 2327 ctum
351 2305 393 2328 est
422 2309 429 2327 :
461 2310 471 2326 ι
491 2301 628 2328 Nuntiabo
656 2310 755 2330 nomen
787 2307 864 2330 tuum
897 2303 1029 2333 fratribus

245 2347 366 2380 lucis";
387 2356 395 2372 I
417 2354 516 2374 nomen
536 2347 630 2374 dicens
643 2348 802 2382 mysterium
820 2349 880 2375 tidci
899 2349 925 2376 in
949 2349 1029 2376 Chri-

244 2398 327 2425 stum,
342 2392 415 2427 quod
432 2399 486 2419 non
501 2392 535 2419 ad
551 2392 687 2420 inell‘abile
699 2397 846 2425 secretum,
862 2394 910 2421 sed
928 2399 957 2421 ut
970 2403 1028 2422 om-

243 2435 325 2463 nibus
347 2435 523 2463 manifestum
547 2437 611 2468 liat,
637 2436 779 2471 pollicetur
807 2439 1024 2473 proponendum.

243 2480 426 2508 Conlormiter
440 2485 531 2508 autem
549 2481 583 2508 ad
603 2489 746 2509 numerutn
770 2483 891 2510 tributim
908 2484 1025 2512 ﬁliorum

242 2525 327 2554 Jacob
354 2531 418 2554 sunt
439 2530 467 2553 et
495 2530 596 2561 portae,
620 2526 684 2561 quia
708 2535 796 2562 neque
819 2536 867 2562 per
891 2529 971 2556 [idem
999 2530 1026 2557 in

241 2573 380 2600 Christum
398 2572 500 2600 abolita
524 2578 588 2600 sunt
605 2574 731 2601 universa
751 2582 813 2608 qua:
829 2575 929 2602 veteris
949 2580 1027 2604 erant

241 2617 416 2649 testamenti,
431 2617 478 2645 sed
489 2621 624 2652 quatenus
639 2617 772 2645 infantilia
786 2623 851 2646 sunt
866 2618 938 2646 virili
954 2624 1025 2647 statu

242 2662 403 2690 inﬁrmiora.

278 2707 344 2740 Qum
370 2712 432 2735 sunt
460 2709 568 2735 nomina
597 2709 736 2737 duodecim
763 2709 879 2738 tribuum
907 2710 1028 2745 ﬁliorum

243 2751 341 2780 Israel.
365 2754 432 2782 Cum
456 2754 548 2783 lideles
570 2760 696 2784 vocasset
718 2756 813 2790 Israel,
826 2757 978 2792 permansit
1000 2757 1026 2784 in

281 2841 302 2857 ¹⁶
316 2841 386 2869 l'sal.
403 2852 457 2876 ut,
472 2845 518 2871 ‘25.

1079 2257 1200 2291 ὀνόματα
1213 2256 1259 2282 ἐπὶ
1267 2257 1323 2288 τοῖς
1332 2255 1447 2288 πυλῶσι,
1454 2255 1589 2288 τουτέστι,
1600 2256 1656 2286 τοῖς
1666 2254 1859 2288 εἰσαγωγεῦσι,

1080 2303 1144 2338 περὶ
1160 2300 1197 2329 ὧν
1211 2302 1258 2329 καὶ
1284 2302 1391 2336 εἴρηται
1404 2309 1410 2316 ·
1428 2310 1438 2327 ι
1464 2300 1624 2335 ’Δπαγγελιῖι
1649 2300 1680 2327 τδ
1704 2300 1791 2334 ὄνομά
1814 2307 1861 2325 σου

1078 2350 1135 2379 τοῖς
1150 2347 1273 2381 ἀδελφοῖς
1288 2355 1349 2382 μου,
1372 2357 1381 2372 ι
1396 2346 1481 2381 ὖνομα
1497 2346 1528 2372 τὸ
1552 2345 1622 2371 κατά
1638 2344 1688 2378 τὴν
1706 2345 1797 2370 πίστιν
1813 2343 1861 2378 τὴν

1079 2393 1151 2419 κατὰ
1168 2393 1296 2427 Χριστὸν,
1314 2392 1465 2426 μυστήριον
1480 2391 1578 2424 λέγων,
1593 2389 1608 2415 ὃ
1621 2390 1671 2415 οὐκ
1688 2389 1728 2420 εἰς
1739 2389 1862 2423 ἀτιόρρη-

1078 2447 1123 2465 τον
1145 2438 1302 2472 ἐχεμυθίαν,
1313 2437 1371 2463 ἀλλ’
1389 2437 1429 2468 εἰς
1445 2436 1531 2463 ἅπασι
1551 2433 1690 2470 προῦπτον
1710 2434 1862 2469 «906cm:—

1077 2485 1137 2510 σοαι
1156 2484 1337 2518 ὑπισχνεῖται.
1356 2483 1506 2517 ’Δναλόγως
1520 2482 1548 2508 δὲ
1561 2483 1621 2513 ταῖς
1632 2481 1685 2508 ἀπὺ
1702 2480 1800 2507 Ἰακὼὸ
1810 2488 1860 2514 φυ-

1077 2529 1136 2560 λαίς⁸
1150 2529 1197 2555 καὶ
1214 2530 1238 2555 oi
1259 2528 1390 2560 πυλῶνες,
1405 2528 1446 2554 ὅτι
1463 2527 1529 2562 μηδὲ
1544 2527 1632 2554 πάντα
1647 2527 1818 2561 κατήργηται
1827 2524 1861 2550 τὰ

1074 2576 1124 2609 τῆς
1137 2575 1258 2606 Παλαιᾶς
1274 2576 1307 2610 τῇ
1331 2574 1402 2600 κατὰ
1419 2574 1537 2609 Χριστὸν
1555 2573 1656 2603 πίστει,
1672 2573 1730 2599 ἀλλ’
1745 2573 1808 2598 ὅσον
1823 2570 1859 2597 τὰ

1074 2619 1195 2656 νηπιὼδη
1213 2620 1262 2655 τῆς
1285 2619 1416 2655 ἀνδρικῆς
1438 2618 1635 2649 καταστάσεως
1659 2617 1856 2650 ἀσθενέστερα.

1111 2711 1148 2738 Ἀ
1175 2711 1262 2738 ἐστιν
1289 2709 1421 2745 ὀνόματα
1432 2708 1492 2735 τῶν
1518 2707 1635 2734 δώδεκα
1654 2703 1762 2740 φυλῶν
1788 2703 1861 2731 υἱῶν

1075 2757 1211 2790 Ἰσραήλ.
1219 2755 1289 2788 Τοὺς
1298 2754 1410 2786 πιστοὺς
1418 2752 1536 2784 καλέσας
1545 2750 1656 2787 Ἰσραὴλ
1670 2751 1716 2777 tm
1720 2748 1860 2785 μεμένηκε
