2092 3157
207 221 262 254 ΊΞἼ

213 298 1748 314 mmm—

491 381 714 446 ARETHIE
755 380 1154 446 ABGHIEPISGOPI
1193 380 1542 447 GMSABEENSIS

946 495 1102 526 ORATIO

282 589 357 635 DE
395 588 472 634 SS.
511 586 899 632 MARTYRIBUS
935 585 1394 649 SAMONA,GURIA
1430 586 1507 633 ET
1541 587 1743 636 ΛΒΙΒΟ.

635 681 743 713 (Surius,
755 682 813 706 Acta
827 681 874 705 SS.
891 681 920 706 l3
932 680 1004 711 Nov,
1016 683 1075 706 tom.
1089 682 1130 712 IV,
1142 681 1181 706 ed.
1195 682 1291 712 Colon.,
1302 689 1324 714 p.
1340 682 1409 715 διδ.)

238 832 259 860 Ι.
275 832 419 866 Quomodo
435 837 524 862 vester
538 833 616 861 vobis
628 839 657 860 se
671 833 780 861 animus
804 833 896 866 habet,
917 841 996 861 sacer
1011 835 1032 864 Α
1047 834 1145 861 borum
1159 834 1279 860 virorum
1296 831 1599 867 certamina,tanquam
1616 832 1643 858 in
1655 831 1764 861 tabellis
1779 832 1842 868 qni-

201 879 288 913 grex?
303 879 349 914 qui
367 879 439 906 dietn
467 879 568 908 festum
597 879 671 906 lnntc
694 879 866 914 splendidius
886 880 994 908 Christi

202 924 409 952 confessoribus
420 925 514 960 agitis,
530 925 640 960 quando
656 930 769 953 externa
801 926 886 954 etiam
908 927 993 954 multa

202 978 251 999 vos
268 971 307 998 uti
330 972 411 998 video
433 971 554 1004 lautitia,
576 979 740 1007 summaque
763 979 826 1000 cum
858 973 997 1001 hilaritate

202 1023 313 1044 sacrum
340 1015 413 1044 hunc
431 1016 520 1044 locum
546 1024 693 1052 occupare.
710 1017 849 1053 Numquid
866 1018 995 1051 fortasse,

202 1070 265 1098 qua:
292 1063 319 1090 in
341 1062 418 1090 vobis
444 1062 588 1097 imperium
607 1063 713 1090 obtinet
739 1071 831 1095 mens,
851 1064 955 1091 sensim
980 1071 996 1091 a

202 1108 287 1136 rebus
303 1107 408 1135 deﬂexa
424 1108 493 1139 suis,
516 1115 564 1143 per
583 1116 682 1137 sensus
697 1109 856 1140 ell'unditur.
869 1113 897 1136 et
920 1109 947 1137 in
959 1117 991 1137 ea

203 1155 298 1187 etiam,
311 1162 372 1189 quae
384 1155 527 1182 oculorum
546 1155 670 1189 subjecta
685 1159 749 1183 sunt
765 1155 905 1188 sensibus,
916 1155 998 1184 dissi-

204 1200 305 1233 patur?
323 1201 365 1226 An
378 1207 441 1227 vero
455 1207 517 1229 cum
532 1201 674 1235 paululum
685 1201 753 1234 haec,
771 1201 939 1230 blandientis
953 1209 999 1229 eu-

202 1244 311 1278 jusdam
327 1244 416 1271 catelli
434 1252 520 1276 more,
532 1245 624 1272 sensui
641 1245 747 1272 adulari
760 1246 926 1280 permiserit,
940 1246 998 1282 ipsa

205 1291 234 1319 in
244 1297 294 1318 sua
305 1290 428 1326 gaudens
442 1291 596 1324 altitudine,
611 1291 804 1326 pulcherrimis
813 1292 921 1326 sibique
936 1299 998 1327 pro-

205 1336 273 1371 priis
289 1336 446 1371 spectandis
463 1337 545 1365 rebus
558 1341 684 1365 movetur
711 1337 893 1372 adiciturque,
911 1343 939 1366 et
954 1346 999 1366 reo

202 1381 330 1417 iicientlis
350 1382 537 1418 voluptatibus
566 1383 701 1418 corporis,
730 1384 873 1419 proprium
897 1383 999 1411 Christi

205 1427 375 1462 martyribus
389 1434 452 1456 vere
465 1427 584 1456 natalem
602 1427 722 1455 celebrat
735 1427 830 1456 diem?
848 1426 876 1454 Si
893 1427 950 1456 haec
962 1428 998 1454 ita

204 1480 234 1500 se
250 1473 362 1506 habent,
376 1478 403 1501 et
418 1473 568 1502 victoribus
581 1473 626 1500 bis
642 1473 775 1501 honorem
791 1473 873 1501 istum
896 1473 999 1500 liahrn-

204 1519 270 1546 dum
301 1519 460 1552 censuistis,
476 1525 557 1554 atque
581 1519 618 1546 ita
639 1519 711 1547 diem
735 1518 832 1546 festum
859 1518 997 1546 celebrare

205 1565 381 1599 contenditis,
396 1575 405 1594 ι
419 1565 525 1599 Venite,
538 1566 707 1593 cxsultemus
714 1564 999 1600 Dontiuo,jubilemus

207 1612 263 1640 Deo
278 1611 392 1641 salutari
408 1616 516 1644 nostro,
531 1620 541 1638 ι
552 1611 599 1646 qui
610 1611 716 1648 pridem
732 1611 814 1638 etiam
827 1618 922 1639 servos
933 1617 999 1641 suos

207 1658 284 1687 velut
297 1658 485 1695 passerculum
498 1659 644 1694 quemdam
663 1658 696 1686 de
722 1658 820 1693 laqueo
836 1657 996 1685 venantium

206 1704 348 1738 eripuerit,
360 1708 387 1731 et
402 1711 475 1730 nunc
490 1704 518 1731 in
537 1703 594 1738 ipsa
611 1703 675 1732 anni
691 1703 886 1736 conversione,
901 1706 997 1737 optato

207 1750 306 1784 gaudio
322 1749 400 1776 nobis
410 1749 503 1781 allato,
514 1750 601 1777 sacris
615 1757 709 1777 eorum
723 1748 919 1777 certaminibus
933 1755 1000 1782 quo-

207 1795 270 1821 dam
303 1793 383 1820 hilari
413 1793 498 1820 veluti
522 1793 660 1825 convivio,
676 1793 829 1820 studiosius
850 1800 901 1820 nos
924 1792 1000 1820 exci-

209 1846 273 1874 p-re
287 1838 416 1866 voluerit.

244 1884 278 1912 ll.
308 1884 342 1912 Et
367 1885 432 1920 quid
466 1885 519 1912 hoc
540 1884 603 1912 est?
627 1883 655 1911 ld
684 1891 792 1918 nempe,
819 1884 1001 1918 quodcunque

211 1931 298 1959 animi
314 1931 388 1959 vires
406 1931 560 1963 conﬁrmat,
577 1936 603 1958 et
619 1936 709 1965 spreta
723 1931 897 1958 laudabiliter
929 1930 1002 1957 ntul-

211 1977 480 2012 titudineimperita,
495 1977 528 2004 ad
550 1977 610 2004 illas
628 1976 741 2004 alterius
763 1976 826 2004 vita:
844 1976 1003 2004 mansiones

209 2025 389 2060 erigiturque,
411 2024 462 2052 alis
493 2024 575 2051 veluti
604 2023 768 2058 quibusdam
796 2023 920 2050 omnium
937 2031 1002 2058 pru-

209 2071 411 2099 dentissimein
433 2072 519 2098 altum
536 2076 673 2098 evectum.
690 2070 766 2098 Talis
776 2075 818 2098 est
832 2071 904 2097 enim
931 2077 1004 2096 inar-

209 2123 301 2152 tyrum
326 2117 413 2144 festus
432 2116 501 2149 dies,
519 2115 572 2143 tale
592 2116 729 2143 victorum
745 2120 902 2142 nostrorum
923 2114 1003 2141 thea-

209 2168 293 2193 trum.
312 2163 376 2190 talia
393 2165 457 2189 sunt
472 2169 514 2194 ca,
540 2169 602 2196 quae
626 2161 676 2188 abs
702 2167 732 2187 se
749 2160 831 2187 allata
859 2159 947 2191 nobis,
964 2159 1002 2186 illi

209 2209 331 2237 convivis
364 2209 421 2236 suis
448 2215 587 2243 apponere
611 2211 786 2235 statuerunt:
809 2205 921 2241 quando
947 2213 1001 2233 non

211 2256 263 2282 ltoc
288 2254 372 2282 modo
399 2254 517 2288 epulari,
546 2253 701 2287 lmtitizeque
716 2251 869 2287 indulgere,
887 2253 934 2279 sed
956 2251 1003 2278 uni

209 2299 298 2327 ventri
326 2299 444 2334 turpiter
467 2298 617 2330 deservire,
645 2298 704 2332 qui,
733 2297 867 2333 quidquid
895 2298 921 2324 in
940 2305 1002 2324 eum

210 2346 272 2381 quis
286 2345 370 2372 studii
385 2344 542 2377 contulerit,
554 2344 581 2370 itt
600 2351 739 2372 secessum
759 2343 881 2370 emittit:
901 2347 928 2370 et
956 2350 1003 2369 ve-

211 2392 295 2420 stium
313 2391 466 2418 mutatione
482 2390 551 2417 alios
562 2389 682 2418 vicissim
699 2389 768 2417 alios
790 2396 921 2424 superare
938 2395 1004 2415 con-

211 2437 332 2470 tendere,
350 2444 406 2464 tton
421 2437 510 2464 solum
539 2444 582 2464 res
620 2443 751 2471 generosa
784 2443 839 2462 non
856 2440 909 2468 eat,
927 2435 1003 2468 ejus-

214 2483 354 2518 ntodiquc,
371 2490 432 2517 qua:
449 2482 573 2509 moribus
586 2481 793 2517 disciplinaeque
818 2486 920 2508 nostra:
938 2488 1004 2508 eon-

211 2529 314 2562 veniat,
331 2528 379 2556 sed
393 2528 428 2555 ab
441 2529 501 2562 ipso
515 2528 598 2555 etiam
614 2531 656 2554 est
683 2526 892 2554 convivatorum
920 2533 1003 2554 sensu

213 2580 356 2610 menteque
378 2574 559 2602 alienissima.
588 2572 651 2600 Haec
678 2573 761 2607 igitur
783 2580 847 2600 cum
873 2571 909 2599 ita
937 2571 1003 2604 sint,

211 2628 330 2655 cntnqne
350 2628 400 2647 nos
419 2627 475 2655 quo
494 2625 574 2655 pacto
602 2619 675 2647 diem
693 2618 795 2647 festum
808 2621 935 2653 oporteat
960 2625 1005 2645 ce.

212 2670 313 2698 lcbrari
326 2675 405 2697 antea
418 2668 472 2702 iam
483 2666 716 2697 denuntiat-imus,
731 2671 781 2692 nec
795 2663 855 2692 sine
870 2670 919 2698 spe
934 2662 1004 2695 fore.

215 2719 256 2746 ut,
275 2714 357 2749 jactis
371 2714 398 2740 in
417 2717 516 2740 terrain
527 2712 639 2742 bonam,
651 2710 806 2737 animarum
820 2707 943 2736 videlicet
957 2715 1004 2735 ve-

213 2765 330 2788 strarum
345 2759 537 2794 cogitationes,
549 2757 683 2785 orationis
699 2755 864 2788 seminibus,
874 2753 1005 2787 multipli-

215 2814 261 2834 ccs
274 2807 362 2833 simus
388 2806 480 2839 spicas
497 2803 616 2831 messuri
635 2812 641 2830 :
659 2801 787 2837 agedum,
802 2807 864 2835 age,
879 2799 1003 2834 inquam,

1048 880 1162 907 hnsdam
1179 887 1193 906 a
1211 879 1291 906 nobis
1306 878 1428 912 depicta,
1449 877 1578 905 omnibus
1595 878 1746 912 spectanda
1777 887 1842 914 pru—

1047 930 1194 961 ponantur,
1210 924 1283 960 quod
1304 923 1338 952 ad
1349 923 1402 952 dici
1417 923 1479 951 festi
1492 923 1706 951 celebrationem
1735 923 1778 951 his
1794 932 1843 950 ai:-

1047 971 1247 1000 commodatius
1264 977 1325 998 esse
1341 969 1409 997 nihil
1423 969 1559 997 videatur.
1580 968 1638 997 Hoc
1656 969 1741 1004 igitur
1752 974 1781 996 et
1795 969 1839 997 ia-

1047 1018 1165 1046 eiamtts.
1181 1016 1304 1044 Tametsi
1326 1015 1360 1043 ad
1385 1015 1553 1051 pingendum
1579 1015 1673 1043 nobile
1689 1015 1758 1043 adeo
1791 1017 1844 1043 hoc

1048 1067 1240 1100 argumentum
1258 1063 1355 1090 idonea
1368 1063 1427 1090 sine
1441 1063 1526 1090 dttbiu
1539 1065 1676 1098 pigmenta
1694 1063 1773 1090 nobis
1788 1071 1843 1091 non

1048 1114 1206 1146 suppetunt,
1221 1113 1250 1136 ιιι
1263 1117 1295 1136 ea
1315 1109 1416 1136 invicta
1433 1112 1585 1144 martyrum
1617 1109 1774 1137 constantia
1800 1110 1842 1136 di-

1049 1156 1129 1182 vinus
1152 1155 1179 1182 in
1196 1154 1304 1181 animos
1330 1158 1442 1180 nostros
1472 1152 1578 1181 fructus
1609 1153 1749 1188 perveniat
1764 1161 1773 1180 :
1788 1161 1844 1188 quo

1048 1209 1146 1229 eorum
1169 1200 1293 1227 videlicet
1315 1199 1490 1226 aemulatione
1515 1198 1629 1226 excitati
1649 1220 1656 1232 ,
1685 1204 1844 1234 oppugnata

1048 1255 1099 1282 pro
1112 1246 1217 1274 viribus
1228 1245 1371 1279 impotenti
1386 1244 1470 1271 animi
1485 1244 1616 1272 vitiorum
1627 1245 1781 1278 dominatu,
1801 1254 1844 1280 pe-

1048 1299 1162 1321 rennem
1188 1291 1267 1319 vobis
1283 1297 1316 1318 ex
1342 1289 1464 1317 maxime
1489 1290 1582 1318 divina
1612 1290 1666 1319 ista
1691 1291 1845 1320 certatione

1049 1337 1163 1372 gloriam
1180 1335 1306 1371 pariatis.
1324 1334 1378 1363 Sed
1392 1335 1508 1370 agedum
1519 1343 1691 1370 apponamns
1712 1336 1769 1370 jam
1791 1344 1842 1363 vo.

1051 1383 1106 1415 bis,
1123 1390 1185 1417 qua:
1210 1381 1356 1413 habemus,
1382 1381 1465 1415 idque
1487 1386 1626 1416 quatenus
1637 1381 1782 1409 facultates
1794 1389 1843 1408 no-

1050 1433 1114 1457 stra:
1127 1427 1279 1463 patiuntur.
1292 1426 1427 1454 (laterum
1442 1427 1645 1462 qualiacunque
1657 1429 1712 1455 sint
1724 1435 1767 1460 ea,
1786 1429 1843 1455 col-

1050 1474 1104 1503 lata
1115 1481 1178 1502 eum
1187 1473 1290 1505 studio,
1306 1479 1420 1507 prorsus
1429 1472 1562 1506 placitura
1579 1480 1634 1500 non
1648 1473 1755 1507 dubito,
1770 1481 1843 1509 prae-

1049 1521 1145 1548 sertim
1162 1519 1209 1555 qui
1226 1519 1312 1547 sciam
1335 1526 1389 1546 non
1410 1518 1498 1546 solere
1514 1526 1529 1545 a
1555 1518 1684 1554 legitimis
1702 1523 1730 1547 et
1755 1520 1843 1554 aequis

1051 1574 1143 1594 rerum
1161 1565 1375 1595 aestimaturibns
1389 1565 1453 1593 tiliis
1471 1565 1606 1600 repudiari
1635 1570 1781 1600 parentum
1798 1566 1841 1592 fa-

1050 1613 1178 1644 cultates,
1194 1611 1241 1639 sed
1259 1617 1405 1648 propterea
1426 1610 1460 1638 iis
1486 1611 1587 1638 cltaras
1605 1618 1676 1644 esse,
1692 1611 1764 1647 quod
1784 1612 1841 1639 sint

1050 1664 1184 1697 paternae.
1203 1658 1292 1686 Simili
1307 1657 1388 1685 modo
1399 1658 1482 1685 etiam
1496 1656 1610 1693 pauperi
1623 1665 1676 1684 non
1689 1657 1724 1686 sit
1740 1657 1787 1692 qui
1804 1658 1842 1684 vi-

1051 1704 1089 1731 tio
1104 1707 1203 1734 vertat.
1221 1703 1244 1731 si
1260 1703 1307 1740 qui
1324 1703 1497 1731 comessandi
1513 1709 1594 1729 causa
1609 1702 1642 1729 ad
1657 1702 1733 1730 illum
1748 1710 1844 1730 acet-s-

1051 1750 1150 1782 scrint,
1167 1749 1200 1777 de
1221 1756 1264 1782 ea,
1281 1748 1328 1784 qui
1358 1749 1410 1776 sibi
1442 1754 1542 1783 pra’sto
1563 1746 1660 1780 fuerit,
1674 1748 1754 1784 copia
1778 1748 1846 1783 ipsis

1052 1796 1196 1830 largiatur.

1087 1840 1132 1868 lll.
1144 1841 1216 1868 Sane
1231 1839 1342 1875 quidem
1357 1839 1465 1872 Gut-ias,
1484 1839 1620 1867 Samonas
1634 1844 1662 1867 et
1687 1840 1803 1873 Abibtts,
1818 1845 1846 1868 ct

1053 1887 1108 1914 nati
1127 1891 1191 1914 sunt
1204 1885 1327 1918 Edessa,
1342 1889 1369 1912 et
1380 1885 1500 1913 educati.
1532 1885 1617 1913 l‘orro
1642 1885 1751 1913 Edessa:
1763 1886 1847 1920 hujus

1053 1933 1125 1969 (qute
1137 1932 1248 1968 quidem
1262 1931 1329 1960 urbs
1347 1936 1389 1959 est
1400 1931 1426 1958 in
1451 1930 1659 1966 Mesopotamia)
1670 1938 1770 1959 nomen
1783 1939 1844 1959 cum

1054 1979 1130 2016 pacis
1142 1978 1290 2007 admodum
1305 1983 1370 2005 ante
1386 1978 1428 2005 his
1444 1983 1579 2013 martyres
1594 1977 1735 2012 cognitum
1759 1983 1842 2010 esset,

1054 2027 1089 2053 ab
1101 2026 1135 2054 iis
1148 2025 1185 2053 ita
1195 2025 1303 2053 celebre
1315 2024 1427 2057 factum,
1441 2024 1664 2059 illustratumque
1676 2028 1728 2056 est,
1744 2028 1773 2050 ut
1792 2030 1845 2049 una

1054 2079 1116 2099 eum
1129 2079 1223 2099 eorum
1239 2070 1311 2098 fama
1339 2074 1388 2105 per
1402 2070 1560 2097 universum
1589 2077 1620 2097 se
1643 2069 1738 2097 orbem
1759 2073 1846 2096 terra-

1054 2125 1116 2144 rum
1133 2116 1294 2143 dil'l‘nderit:
1317 2122 1406 2149 neque
1426 2122 1491 2142 vero
1505 2114 1540 2142 iis
1559 2114 1632 2141 intra
1645 2114 1741 2141 urbem
1759 2113 1849 2140 domi-

1018 2176 1042 2207 ο
1057 2163 1149 2190 cilium
1174 2161 1235 2194 fuit,
1253 2161 1301 2189 sed
1325 2161 1352 2188 in
1368 2168 1434 2195 agro
1453 2166 1541 2191 extra,
1563 2160 1609 2187 ubi
1624 2160 1752 2188 videlicet
1772 2164 1848 2187 tran-

1056 2207 1211 2242 quilliorem
1233 2214 1248 2234 a
1267 2207 1330 2234 vita
1345 2206 1429 2241 hujus
1443 2206 1562 2240 negotiis
1575 2207 1659 2233 vitam
1686 2210 1778 2233 essent
1801 2212 1848 2232 ac-

1055 2254 1120 2286 turi,
1139 2253 1235 2290 procul
1252 2260 1267 2280 a
1282 2252 1409 2280 civilibus
1437 2252 1524 2280 turbis
1537 2252 1647 2284 remoti,
1664 2259 1726 2287 qua
1742 2255 1848 2278 certum

1055 2299 1140 2327 animi
1165 2299 1191 2325 in
1209 2297 1342 2333 religione
1368 2297 1539 2332 propositum
1553 2297 1715 2333 perturbare
1748 2297 1849 2329 solent,

1054 2350 1136 2380 atque
1150 2347 1314 2380 pervertere.
1336 2351 1424 2378 neqtte
1435 2343 1553 2379 spatium
1567 2342 1643 2376 dare,
1658 2346 1689 2369 ut
1699 2341 1850 2376 pulchritu-

1055 2389 1146 2415 dinem
1161 2395 1241 2415 suam
1254 2386 1329 2414 velut
1341 2386 1369 2413 in
1385 2387 1498 2421 speculo
1521 2387 1611 2414 valeat
1641 2386 1826 2421 contemplari
1839 2394 1848 2414 :

1055 2441 1088 2461 ac
1104 2434 1128 2461 si
1143 2433 1209 2468 quid
1220 2433 1267 2466 sit,
1281 2433 1355 2468 quod
1369 2433 1394 2460 ei
1411 2433 1521 2464 oiliciat,
1535 2437 1563 2460 et
1578 2432 1730 2466 ignoretur,
1749 2431 1776 2459 id
1786 2439 1850 2467 per-

1056 2480 1148 2507 videre
1160 2479 1246 2514 possit
1259 2483 1341 2514 atque
1358 2479 1508 2514 corrigere.
1529 2477 1636 2506 Idcirco
1665 2478 1749 2514 igitur
1773 2483 1849 2513 grata

1056 2526 1099 2553 liis
1114 2525 1192 2552 valde
1204 2525 1257 2552 vita
1273 2524 1325 2552 fuit
1337 2524 1456 2559 agrestis
1471 2532 1478 2551 :
1495 2524 1522 2550 in
1545 2530 1600 2558 qua
1627 2523 1711 2550 etiam
1735 2522 1850 2556 assidui,

1057 2579 1111 2599 una
1126 2579 1188 2598 cum
1212 2570 1347 2606 Propheta
1364 2569 1444 2602 illud,
1463 2569 1593 2601 solitarii,
1620 2569 1709 2596 donec
1727 2572 1852 2596 transea-

1056 2625 1128 2649 mus,
1143 2617 1266 2645 ontnium
1279 2616 1448 2652 pnlchrrime
1462 2619 1626 2642 retinet-unt.

1092 2663 1138 2691 IV.
1149 2663 1202 2692 Sed
1215 2664 1288 2691 enim
1302 2661 1395 2690 Curia:
1414 2662 1582 2697 praecipuum
1597 2661 1624 2687 in
1644 2660 1699 2688 vita
1716 2659 1850 2692 studium,

1057 2709 1199 2737 meditatio
1209 2714 1236 2737 et
1250 2709 1416 2737 continentia
1432 2707 1494 2740 fuit,
1510 2706 1716 2742 qute'diuturna
1735 2713 1852 2734 consue-

1058 2755 1153 2782 tudine
1167 2754 1318 2782 familiares
1335 2754 1373 2781 illi
1391 2761 1423 2781 ac
1434 2753 1586 2788 peculiares
1602 2751 1691 2783 fucus,
1709 2750 1807 2784 fecere,
1822 2756 1851 2778 ut

1058 2806 1240 2836 cognomento
1258 2800 1409 2827 Contincns
1423 2799 1604 2834 appellaretur
1617 2807 1624 2825 :
1643 2804 1730 2832 neque
1739 2798 1812 2824 enim
1822 2801 1851 2824 tu

215 2852 347 2887 praeclaro
361 2852 432 2878 facto
443 2851 498 2886 jam
525 2851 578 2878 hoc
608 2848 741 2876 orationis
756 2847 846 2878 initio,
863 2853 895 2873 ea
924 2846 1002 2873 vobis
1015 2845 1041 2875 D
1054 2854 1116 2874 eum
1130 2846 1208 2874 aliter
1221 2846 1380 2877 indicas‘es,
1401 2845 1454 2872 nisi
1467 2845 1531 2872 dttm
1543 2852 1606 2871 eum
1621 2842 1787 2875 nominares,
1801 2851 1852 2870 no-

215 2899 344 2933 deinceps
356 2904 458 2932 propon
467 2904 549 2927 imus,
557 2903 618 2930 quae
626 2895 679 2922 diei
690 2894 759 2921 festo
768 2891 930 2920 celebrando
937 2898 1004 2918 con-

216 2946 335 2973 veniant.
348 2945 381 2972 At
390 2943 463 2972 cnim
475 2943 647 2976 desideratis,
658 2941 746 2975 video,
757 2944 785 2968 ut
795 2938 1007 2968 fortissimorum

1061 2892 1216 2920 ntinietiam
1228 2892 1418 2920 Continentcm
1432 2891 1595 2918 addidisses.
1618 2891 1652 2918 At
1666 2891 1802 2919 Samonas
1810 2889 1851 2916 vi-

1064 2938 1189 2975 gentibus
1201 2938 1320 2966 maxime
1328 2942 1354 2966 et
1361 2937 1444 2965 animi
1459 2940 1486 2965 et
1502 2937 1624 2972 corporis
1635 2936 1749 2970 viribus,
1762 2936 1852 2971 iisque
