2092 3157
282 136 337 168 7S9

702 134 844 167 ORATIO
858 134 906 166 DE
926 134 978 166 SS.
993 134 1156 173 SAMONA,
1173 135 1297 166 GURIA
1313 135 1362 166 ET
1375 136 1499 166 ΑΒἚΒΟ.

1855 138 1909 170 790

278 192 420 227 praeditus,
436 197 496 226 quae
523 190 570 225 qui
597 190 712 224 habent,
731 199 780 219 eos
810 191 925 219 libenter
949 191 1069 226 Spiritus
1084 195 1103 223 Α
1121 192 1314 218 communibus
1337 199 1376 224 se,
1393 200 1476 226 quant
1490 191 1583 219 ‘sacris
1607 193 1790 221 conventibus
1819 195 1909 222 itumi-

278 241 390 265 sanetus
404 238 463 265 suis
476 238 575 265 solitus
599 242 640 265 est
665 238 759 265 choris
791 244 952 272 aggregare.
969 237 1069 272 quippe

279 283 465 316 cutnjnvenes
489 282 615 309 hortetur
633 287 663 309 ut
677 288 706 310 se
734 282 889 309 senioribus
910 281 1069 316 adjungant,

280 331 311 353 ut
323 327 444 354 victoriae
460 334 513 353 una
525 335 635 354 carmen
652 327 844 354 concelebrent
859 337 864 354 :
882 327 935 359 his,
946 327 1069 361 inquam,

280 373 325 399 Ille
336 376 466 406 praestans
480 371 564 398 animi
584 376 611 399 et
624 372 747 406 corporis
761 372 878 403 viribus.
899 372 932 399 ad
956 372 1068 398 Guriatn

280 426 309 445 se
329 418 456 449 contulit,
477 417 537 452 ejus
563 418 626 444 vitae
644 417 734 445 studia
762 417 874 451 propius
901 417 1069 449 imitaturus,

280 470 312 490 ac
336 463 359 490 si
375 468 478 497 posset,
496 463 578 490 etiatn
604 467 794 498 superaturus.
810 462 1001 497 Caeterumqui
1024 462 1072 489 ab-

280 509 394 536 solutam
411 508 465 536 illis
483 508 611 535 choream
627 508 791 536 conficiebat
809 508 928 543 Spiritus
944 513 1067 540 sanctus,

281 554 392 581 tertium
405 554 487 581 etiam
503 559 634 588 praeterea
650 554 799 588 quaerebat,
816 554 862 589 qui
880 562 943 581 cum
961 554 1069 581 numeri

281 600 396 634 puritate
406 607 466 626 eam
478 600 696 631 similitudinem,
709 607 770 634 quae
782 599 835 628 sibi
853 607 916 628 cum
941 600 1022 628 Patre
1043 605 1070 628 et

281 644 352 672 Filio
363 649 414 678 est,
426 645 543 680 perfecte
559 647 584 672 in
594 646 680 673 choro
694 645 814 680 ipsorum
826 646 999 681 exprimeret,
1011 651 1068 673 tttttt

279 691 360 717 etiam
377 697 491 718 nutnero
506 690 663 718 ﬁrmitatem
676 691 836 719 concordia:
850 692 995 719 stabiliret.
1019 692 1070 719 Ita—

278 735 371 770 que(o
387 734 571 771 felicitatem!)
584 736 666 764 etiam
679 736 782 764 invenit
799 736 916 764 Abibum
935 737 1013 772 :qui,
1031 742 1071 764 ta-

280 780 361 808 metsi
383 786 499 815 utroque
518 785 583 808 natu
601 781 692 809 minor
707 786 776 814 erat,
793 785 884 809 tamett
909 783 981 816 quod
997 782 1069 809 aetati

278 827 383 858 deerat.
396 827 539 862 supplebat
550 835 604 855 non
621 835 653 855 eo
674 828 775 862 solum,
789 829 863 863 quod
880 829 1069 863 pervestigatis

279 872 423 907 utriusque
449 874 570 908 ipsorum
586 874 648 901 vitae
664 874 807 906 institutis,
828 875 853 900 in
871 874 994 901 animum
1024 875 1068 901 in-
1087 864 1107 891 υ

276 917 366 949 duxit,
379 924 408 946 ut
425 919 451 945 in
469 919 564 946 eodem
587 927 617 946 se
632 927 685 946 una
700 926 763 946 cunt
789 920 823 946 iis
838 919 977 947 curriculo
993 928 1071 947 exer-

278 970 362 996 ceret,
381 965 427 992 sed
444 972 475 991 eo
492 964 584 997 etiam,
605 964 678 999 quod
705 972 784 993 sacro
798 965 958 992 diaconatus
976 965 1071 993 ordine

279 1010 573 1045 insignitus,maguum
587 1011 631 1042 iis,
644 1010 744 1045 quibus
757 1018 786 1038 se
799 1011 905 1038 socium
921 1011 1072 1046 adjungere

277 1055 430 1088 festinaret,
447 1061 639 1083 ornamentum
653 1055 773 1083 all'erret.
793 1055 911 1083 Mediqu
929 1056 1002 1083 enim
1029 1057 1071 1084 his

278 1108 309 1128 se
324 1107 387 1127 cum
417 1100 586 1133 inservisset,
602 1108 711 1135 unaque
734 1107 797 1128 cum
829 1101 863 1128 iis
888 1101 958 1134 apud
983 1101 1071 1128 domi-

278 1152 354 1177 num,
373 1146 418 1172 cui
430 1145 616 1177 ministrabat,
632 1147 746 1173 lidenter
760 1147 873 1182 egisset,
886 1147 939 1182 piis
950 1147 1069 1182 quietem

281 1197 297 1218 ο
315 1191 539 1226 persecutoribus
568 1193 735 1220 conciliavit.
752 1193 893 1228 Siquidem
916 1199 979 1228 post
1002 1193 1070 1221 illud

277 1241 386 1271 tempus
399 1241 494 1264 nostra
510 1238 645 1272 sanguine
660 1242 809 1273 martyrum
823 1239 969 1267 rubescere
985 1239 1069 1267 desiit

279 1287 361 1314 terra,
379 1282 458 1321 pulso
480 1282 610 1309 nimirum
626 1291 641 1310 e
656 1290 739 1318 regno
765 1283 882 1316 Licinio,
905 1284 1065 1312 Constantis

279 1335 370 1362 neque
393 1327 420 1354 iu
441 1327 503 1362 ejus
529 1328 619 1355 locum
643 1329 802 1356 substituto.
816 1329 877 1362 Quo
890 1330 1000 1364 quidem
1019 1330 1070 1356 im-

279 1378 406 1407 peratore
428 1373 551 1400 Romana
573 1381 617 1401 res
628 1374 727 1402 ﬂorere
746 1375 965 1410 ampliﬁcarique
976 1375 1070 1410 coepit,

278 1418 382 1453 quique
408 1418 517 1453 printus
562 1425 578 1446 e
609 1419 718 1453 regibus
746 1421 875 1447 omnibus
905 1420 1070 1455 impietatem

278 1468 434 1495 aversatus,
453 1463 582 1498 pietatem
595 1464 684 1497 palam
707 1469 750 1491 est
765 1464 905 1499 libereque
918 1465 1069 1500 professus.

315 1508 349 1536 ν.
366 1508 529 1544 llujusmodi
547 1510 653 1545 praediti
670 1510 778 1537 virtutis
793 1510 946 1546 insignibus
973 1510 1072 1538 Gurias

277 1560 306 1582 ct
319 1555 464 1589 Santonas,
489 1563 541 1583 non
560 1556 616 1590 jam
635 1555 745 1583 Edessae
762 1561 879 1589 tantum,
897 1561 979 1590 atque
1008 1556 1069 1590 ejus

279 1602 379 1629 linibus
395 1602 495 1636 cogniti
512 1606 600 1634 erant,
626 1603 673 1629 sed
702 1602 729 1628 in
754 1607 861 1629 exteras
885 1603 967 1628 etiam
983 1606 1069 1629 terras

279 1648 361 1681 longe
385 1648 493 1682 lateque
509 1655 538 1675 se
554 1655 649 1674 eorum
668 1647 740 1674 fama
759 1648 928 1682 propagabat
947 1657 954 1673 :
975 1652 1070 1674 erant-

279 1701 333 1728 que
345 1693 408 1720 hinc
424 1693 587 1720 Christianis
605 1694 696 1720 laetitia
712 1702 744 1721 ac
763 1694 857 1724 decus,
875 1693 951 1720 illinc
968 1692 1070 1721 Graecis

281 1739 391 1766 tristitia
406 1743 432 1766 et
454 1739 532 1766 dolor
561 1740 719 1772 vehemens,
736 1747 769 1767 ac
791 1740 925 1775 quidquid
950 1741 1071 1775 denique

281 1783 344 1810 tttali
364 1790 459 1811 creare
479 1784 549 1810 solet
565 1783 677 1811 invidia.
694 1783 879 1816 Quamobrem
906 1792 960 1811 non
977 1784 1071 1812 l'crunt

281 1829 319 1856 illi
355 1828 502 1856 illustriqu
530 1829 645 1863 gloriam
680 1830 801 1856 virorum
835 1837 883 1864 per
913 1830 1069 1858 universam

281 1873 387 1910 Syriam
401 1874 541 1901 dill‘usatn.
560 1874 745 1902 Diocletianus
757 1880 816 1902 erat
827 1881 859 1902 eo
879 1879 1002 1910 tempore
1017 1875 1070 1903 Bo-

280 1927 426 1946 tnanorum
448 1921 595 1954 imperator
614 1930 621 1947 :
639 1920 686 1954 qui
701 1928 762 1947 cutn
780 1928 834 1947 non
854 1921 921 1948 satis
944 1928 1069 1956 magnam

280 1973 311 1993 se
332 1966 459 2000 adeptutn
482 1974 515 1992 ex
538 1965 659 1993 subactis
675 1966 791 2000 imperio
816 1966 924 1993 cunctis
945 1967 1071 2000 gentibus

283 2012 398 2047 gloriam
410 2012 592 2044 existimaret,
607 2011 671 2039 illttd
687 2011 767 2046 longe
779 2011 831 2038 sibi
849 2011 1008 2046 prtcclarins
1024 2012 1070 2039 fu-

282 2061 373 2084 turum
393 2057 508 2092 putavit,
531 2057 554 2084 si
578 2057 752 2084 Christianos
768 2065 863 2084 eorum
882 2057 1021 2084 voluntate
1036 2057 1071 2084 ad

281 2103 445 2130 sententiam
457 2111 535 2131 suam
552 2103 729 2136 traduxisset,
746 2107 793 2130 aut
810 2107 968 2130 recusantes
981 2102 1072 2130 fundi-

283 2153 326 2176 tus
336 2149 483 2177 delevissct
505 2158 513 2176 :
530 2153 560 2176 ut
574 2149 691 2176 sublatis
706 2149 753 2184 qui
774 2149 858 2176 Dcntn
877 2149 1069 2184 intelligerent,

1124 240 1252 262 scerent:
1273 235 1300 262 in
1317 235 1405 262 l‘orum
1421 244 1474 263 nott
1491 236 1725 264 admittebantur:
1742 238 1816 264 omni
1832 246 1909 266 cont-

1123 281 1286 308 nterciorum
1299 281 1361 315 jure
1373 281 1601 314 excludebantnr,
1612 290 1784 317 qua-cunque
1798 288 1861 311 ante
1872 284 1907 311 il-

1121 326 1166 353 ιιιά
1177 332 1284 360 tempus
1297 326 1424 354 ontttibus
1441 327 1596 361 promiscue
1614 331 1769 361 patuerant,
1788 333 1843 355 tam
1856 336 1909 363 pu-

1122 371 1201 402 blice,
1212 379 1294 406 quam
1314 372 1439 406 privatim
1457 381 1464 399 :
1479 372 1642 400 contrahere
1656 373 1697 400 eis
1722 381 1783 403 cum
1798 375 1908 402 nemine

1122 417 1220 444 licebat
1243 428 1248 444 :
1269 425 1366 452 magna
1384 418 1410 444 in
1432 418 1545 445 urbibus
1557 417 1775 445 Christianorum
1789 424 1847 447 erat
1861 428 1909 447 so-

1122 462 1208 490 litudo
1224 469 1231 489 :
1245 463 1272 489 in
1295 470 1390 489 earum
1408 463 1499 490 locum
1515 463 1676 491 remotiores
1687 464 1720 491 ab
1737 464 1771 492 iis
1783 472 1908 492 recessus

1121 508 1312 540 succedebant,
1328 516 1397 544 quos
1422 508 1568 536 multitudo
1596 510 1762 545 eorum,qu
1788 511 1910 545 exagita-

1123 554 1234 585 bantur,
1257 554 1420 589 complebat.
1434 554 1514 582 Nulla
1529 555 1555 582 in
1576 557 1798 589 persecutoribus
1810 557 1908 584 adver-

1121 608 1168 628 sus
1187 604 1253 627 ttatu
1272 600 1390 634 majores
1403 600 1554 628 reverentia
1570 609 1576 627 :
1593 601 1666 627 nulla
1690 604 1849 635 parvorum,
1876 609 1909 628 ac

1121 651 1263 682 propterea
1279 647 1414 675 malorttm
1432 654 1531 675 sensus
1542 647 1695 681 expertium
1706 647 1908 680 misericordia,

1118 701 1155 720 ne
1170 693 1205 720 iis
1226 693 1347 727 quidem,
1364 693 1465 727 quibus
1487 693 1583 719 tribuit
1595 692 1653 727 ipsa
1669 697 1778 724 natura,
1798 698 1827 719 ut
1845 701 1910 728 pro~

1121 742 1180 772 pter
1196 737 1294 764 virium
1310 737 1539 769 imbecillitatem,
1551 737 1707 772 hujusmodi
1733 737 1830 765 allectu
1848 727 1911 772 plu—

1121 783 1221 809 rintum
1238 787 1423 810 moverentur.
1441 782 1519 811 Ferte
1530 783 1650 810 imtnites
1667 790 1763 810 omnes
1778 783 1910 811 adversus

1121 827 1303 861 Christianos,
1320 836 1430 863 unaque
1454 829 1482 856 in
1507 836 1536 856 re
1556 832 1664 856 tantum
1689 829 1813 859 humani.
1835 829 1910 864 quod

1122 882 1239 909 quorutn
1256 875 1283 901 iu
1298 875 1397 902 animis
1413 875 1485 909 piam
1500 874 1534 902 de
1550 875 1681 909 religione
1693 874 1773 902 ﬁdem
1788 882 1908 902 concus-

1121 925 1226 952 serant,
1242 920 1286 951 iis,
1299 921 1382 947 simul
1402 925 1428 947 ut
1449 927 1496 948 eos
1511 920 1544 947 ad
1559 920 1771 947 simulacrorum
1787 927 1850 946 aras
1864 920 1911 946 ad-

1120 966 1266 999 duxerant,
1285 965 1400 993 liberam
1414 966 1486 993 male
1502 966 1608 993 vivendi
1625 965 1786 1000 potestatem
1798 966 1911 1000 permit-

1121 1012 1224 1038 tebant.
1237 1011 1298 1044 Quo
1311 1011 1422 1046 quidem
1445 1011 1513 1038 nihil
1531 1011 1584 1045 piis
1612 1015 1719 1045 poterat
1735 1018 1796 1038 esse
1815 1011 1908 1045 perni-

1121 1056 1235 1083 ciesius.
1254 1055 1353 1083 Gravis
1368 1063 1528 1090 oppressam
1545 1060 1699 1083 creaturam
1719 1056 1827 1083 tenebat
1841 1061 1910 1082 tctu-

1121 1105 1213 1135 pestas
1226 1122 1233 1134 ,
1257 1109 1319 1136 qua:
1346 1101 1448 1128 ttullam
1463 1109 1591 1136 ,prorsus
1605 1106 1741 1128 secuturas
1759 1101 1910 1135 tranquilli-

1122 1146 1186 1174 tatis
1232 1146 1460 1181 signiiicatiottem
1501 1146 1588 1179 daret,
1623 1147 1759 1174 nullantve
1790 1146 1910 1174 melioris

1120 1197 1208 1219 status
1238 1192 1345 1219 miseris
1371 1191 1501 1226 aﬂulgere
1513 1199 1589 1227 spent
1609 1191 1711 1219 sineret
1726 1199 1759 1219 ex
1780 1191 1833 1224 his,
1848 1199 1909 1226 quae

1121 1243 1186 1265 suttt
1197 1242 1357 1265 consecuta.

1161 1281 1279 1309 \’ll.Nec
1292 1282 1350 1316 ipsa
1368 1281 1470 1309 Edessa
1486 1282 1673 1308 communium
1691 1281 1910 1316 temporisillius

1122 1328 1308 1355 calamitatum
1322 1328 1454 1355 itnmuttis
1473 1327 1532 1354 fuit.
1551 1327 1710 1354 Gliscebaut
1725 1329 1751 1354 itt
1769 1328 1828 1362 pios
1848 1335 1912 1363 quo.

1099 1396 1103 1399 .
1122 1374 1187 1400 tidio
1202 1381 1331 1401 aerumna:
1347 1377 1393 1400 :et
1412 1373 1561 1408 impietatis
1577 1374 1708 1407 procella,
1726 1381 1787 1408 qua:
1812 1374 1910 1401 civita-

1122 1422 1176 1445 tem
1194 1418 1343 1448 invaserat,
1356 1417 1492 1450 eﬂ‘ecerat,
1517 1422 1545 1444 ut
1560 1426 1656 1445 omnes
1667 1417 1723 1452 jatn
1736 1420 1770 1445 de
1787 1418 1841 1444 vita
1862 1426 1910 1452 pc-

1123 1464 1197 1490 nilus
1209 1463 1397 1497 desperarent.
1415 1463 1516 1490 Domus
1529 1463 1643 1498 singulae
1658 1471 1722 1491 suos
1741 1468 1911 1491 scrutatores

1124 1508 1272 1540 habebant,
1290 1512 1344 1535 tam
1360 1509 1459 1543 qnatin
1482 1509 1581 1536 illustri
1600 1509 1697 1544 positae
1710 1509 1828 1536 civitatis
1840 1510 1910 1542 loco,

1099 1553 1108 1564 ‘
1123 1561 1205 1588 qttam
1217 1561 1278 1587 quae
1296 1553 1368 1587 quod
1387 1554 1413 1580 in
1431 1553 1551 1581 obscuro
1566 1561 1627 1582 esse
1644 1555 1811 1587 viderentur,
1820 1560 1910 1583 tutum

1121 1604 1200 1626 antea
1215 1599 1300 1626 latere
1313 1599 1467 1627 volentibus
1489 1599 1642 1635 perfugium
1667 1605 1797 1634 praestare
1821 1601 1910 1628 solitae

1121 1649 1209 1671 erant.
1227 1643 1322 1678 Neque
1347 1644 1398 1678 ipsi
1421 1645 1502 1672 etiam
1527 1645 1585 1680 agri
1597 1645 1680 1680 ltujus
1696 1650 1775 1672 crant
1805 1651 1911 1679 tempe-

1121 1690 1199 1716 statis
1214 1694 1339 1724 expertes
1352 1698 1359 1716 :
1370 1690 1504 1724 siquidem
1522 1690 1607 1717 nihilo
1621 1691 1801 1718 tolerabilior
1818 1691 1843 1718 in
1857 1691 1910 1724 his,

1121 1742 1202 1769 quam
1220 1735 1246 1761 itt
1264 1735 1381 1770 oppidis,
1403 1736 1575 1763 miseriarum
1590 1740 1650 1763 erat
1665 1735 1817 1768 ﬂuctuatio,
1833 1736 1912 1762 sinti-

1122 1782 1259 1816 libusque,
1284 1782 1328 1808 hic
1356 1786 1438 1816 atque
1470 1781 1535 1813 illic,
1555 1782 1684 1816 periculis
1713 1782 1801 1817 pietas
1829 1781 1911 1809 veluti

1123 1832 1284 1862 tempestate
1305 1827 1423 1862 quodam
1441 1827 1606 1862 jaclabatur.

1159 1872 1224 1900 Vlll.
1235 1873 1274 1899 Eo
1291 1878 1412 1907 tempore
1428 1873 1479 1908 ipsi
1492 1881 1603 1908 quoque
1619 1873 1753 1901 Gurtasct
1764 1873 1910 1906 Samonas,

1123 1918 1165 1944 itic
1174 1917 1351 1949 fortitudinis,
1367 1918 1412 1944 illc
1421 1918 1595 1945 continentiae
1606 1919 1685 1945 laude
1696 1918 1822 1953 insignis,
1834 1925 1911 1944 com-

1122 1963 1248 1998 prcltensi
1263 1967 1336 1995 sunt,
1348 1971 1458 1997 unaque
1468 1963 1574 1996 cutniis
1586 1964 1681 1997 ingens
1688 1963 1910 1990 Christianorum

1123 2007 1269 2035 multitudo
1282 2007 1389 2035 carceri
1407 2008 1526 2039 addicta,
1543 2015 1605 2034 cum
1621 2015 1675 2034 non
1688 2012 1761 2034 esset
1778 2007 1825 2042 qui
1839 2008 1912 2034 redi-

1122 2059 1218 2084 tncret,
1234 2061 1321 2088 nequc
1336 2052 1383 2087 qui
1412 2052 1518 2080 salvum
1540 2052 1653 2080 faceret.
1669 2053 1708 2079 Ac
1735 2053 1826 2080 catteri
1849 2054 1913 2088 qui-

1121 2100 1182 2126 dem
1198 2099 1297 2133 quibus
1322 2103 1369 2124 aut
1396 2098 1515 2125 nominis
1534 2098 1699 2130 obscuritas,
1713 2103 1760 2124 aut
1776 2098 1840 2125 tidei
1865 2105 1912 2124 ne-

1123 2145 1249 2180 gligentia
1260 2152 1343 2172 causa
1355 2148 1416 2171 erat
1447 2148 1476 2170 ιιι
1490 2148 1743 2175 contemnerentur,
1760 2143 1819 2170 sine
1834 2151 1913 2170 mora

281 2193 398 2221 sublatis
413 2194 506 2226 etiam,
528 2193 575 2228 qui
602 2193 744 2220 incruento
764 2193 900 2221 sacriﬁcio
922 2194 1072 2221 bonitatem
1090 2198 1111 2226 υ
1126 2198 1141 2218 e
1158 2190 1282 2217 custodia
1293 2189 1489 2221 edocebantur,
1503 2189 1603 2224 quippe
1618 2196 1680 2215 ctttn
1692 2188 1761 2215 nihil
1777 2188 1912 2215 adversus

283 2238 415 2271 lacerent,
427 2239 544 2267 liberum
563 2239 735 2267 dientonibus
750 2239 807 2266 suis
820 2239 986 2266 sacriﬁcium
1008 2247 1072 2274 pos-

282 2290 324 2312 set
346 2285 447 2312 olIerri.
474 2284 543 2312 llinc
568 2293 601 2312 ex
621 2285 702 2320 regiis
728 2285 836 2315 litteris.
854 2292 916 2319 qua:
946 2292 1071 2320 quoquo-

285 2338 394 2357 versum
430 2338 477 2364 pcr
516 2331 674 2358 universam
718 2330 905 2357 Romanorum
941 2330 1071 2358 ditionem

285 2375 462 2403 mittebantur
480 2393 488 2407 ,
514 2379 541 2402 et
573 2375 625 2409 piis
667 2375 802 2410 pertticies
847 2375 1018 2409 parabatur,
1046 2380 1073 2402 et

284 2421 434 2455 ignominia
459 2429 466 2447 :
487 2424 638 2456 contraque
665 2421 769 2455 impiis,
788 2421 835 2455 qui
859 2426 933 2448 ntuta
960 2425 988 2448 ct
1014 2429 1072 2447 ma-

285 2466 394 2493 nul'acta
412 2467 560 2494 simulacra
587 2472 795 2500 vonerarentur,
832 2468 920 2494 honor
945 2472 972 2494 et
999 2467 1074 2495 salus

285 2513 481 2548 spondebatur.

322 2558 365 2586 Vl.
383 2558 423 2585 Ad
441 2559 498 2586 haec
511 2558 635 2592 judicutn
653 2559 829 2593 injustorutn,
846 2562 874 2586 ct
898 2559 999 2586 caedem
1019 2558 1074 2592 spi-

285 2605 471 2632 rantiumaliae
481 2604 620 2639 postalias
634 2605 759 2639 procella
775 2613 781 2630 :
797 2605 897 2639 quibus
908 2604 974 2631 illud
988 2611 1073 2631 untttn

284 2655 344 2677 etat
362 2650 541 2684 propositum,
559 2651 792 2685 quemadmodunt
810 2650 938 2677 omnibus
954 2650 980 2677 in
993 2651 1075 2677 rebus

286 2696 320 2723 iis
336 2703 438 2723 morem
458 2700 593 2731 gererent,
607 2696 654 2730 qui
670 2703 699 2722 se
721 2695 871 2722 misissent.
891 2695 980 2722 Parati
997 2699 1076 2721 crant

287 2749 444 2776 praecones,
470 2746 562 2777 aperta
575 2742 713 2774 subsellia,
727 2741 844 2768 editiora
861 2741 1076 2768 exstruebantur

289 2790 448 2823 tribunalia,
467 2791 541 2818 omni
568 2790 784 2824 circumquaque
814 2794 1012 2817 tormentorum
1029 2796 1075 2824 ge—

289 2844 354 2864 nere
369 2837 478 2864 vallata.
491 2836 667 2864 lntcrdictum
690 2840 748 2864 erat
762 2835 937 2867 Christianis,
954 2841 988 2862 ne
1019 2839 1073 2862 tant

1126 2244 1154 2265 se
1165 2237 1358 2271 impugnantes
1371 2243 1426 2270 prae
1437 2243 1467 2262 se
1482 2235 1596 2268 ferrent,
1611 2233 1683 2269 quod
1698 2239 1769 2262 esset
1782 2235 1816 2261 ad
1828 2242 1915 2269 expu~

1126 2283 1264 2317 gnantlutn
1276 2280 1477 2308 diiiicillitnutn.
1489 2280 1589 2307 Verum
1602 2279 1692 2306 Gttria‘.
1702 2285 1726 2306 ct
1735 2278 1860 2306 Santona:
1874 2279 1916 2305 itt-

1127 2335 1204 2362 gcns,
1223 2334 1284 2362 qute
1294 2334 1341 2354 eos
1355 2326 1550 2358 comitabatur,
1570 2325 1665 2353 solida:
1689 2325 1800 2360 pietatis
1817 2325 1914 2360 gloria,

1126 2381 1208 2400 causa
1226 2372 1287 2405 fuit,
1300 2372 1441 2399 utdiutius
1460 2372 1487 2398 in
1503 2371 1628 2399 custodia
1639 2376 1859 2398 asscrvarentur.
1875 2370 1914 2396 Ex

1127 2426 1182 2453 quo
1199 2418 1308 2452 quidem
1339 2418 1465 2446 videntur
1495 2417 1562 2447 mihi
1597 2419 1696 2444 merito
1725 2417 1915 2443 confessot-unt

1128 2465 1210 2492 etiam
1233 2469 1446 2499 cognomentum
1462 2464 1551 2499 adepti
1565 2472 1572 2491 :
1588 2463 1661 2498 quod
1679 2463 1782 2497 praemii
1798 2463 1860 2489 loco
1882 2462 1915 2489 iis

1128 2511 1228 2538 deferri
1247 2511 1358 2538 solitum
1381 2515 1434 2543 est,
1455 2510 1501 2545 qui
1531 2509 1635 2537 Chrisli
1656 2516 1739 2536 causa
1763 2509 1813 2534 ltoc
1834 2507 1916 2534 modo

1129 2557 1198 2583 citra
1217 2564 1310 2584 necem
1326 2556 1397 2583 tttale
1415 2555 1499 2583 habiti
1515 2559 1590 2583 sunt.
1603 2553 1743 2588 Siquidem
1760 2553 1787 2579 itt
1800 2560 1831 2579 ea
1847 2557 1916 2578 ιιιιιιο

1130 2604 1175 2630 diu
1189 2603 1315 2630 teruntur
1333 2602 1529 2637 permansisse,
1545 2600 1636 2636 quoad
1646 2600 1700 2626 vita
1714 2599 1807 2626 functo
1824 2598 1916 2633 priore

1129 2650 1261 2684 principe,
1280 2649 1349 2676 alter
1361 2648 1388 2675 in
1402 2648 1461 2682 ejus
1472 2647 1562 2674 locum
1579 2647 1725 2673 successit.

1166 2694 1210 2721 IX.
1223 2694 1398 2722 Verumenim
1409 2692 1550 2721 atllictatio
1576 2692 1620 2720 hic
1634 2691 1827 2719 oblectamenti
1857 2691 1915 2717 loco

1130 2746 1198 2774 erat,
1213 2745 1239 2768 et
1253 2740 1489 2768 incommodorum
1503 2738 1647 2773 perpessio
1660 2736 1860 2771 philosophiam
1887 2736 1914 2763 in

1129 2795 1223 2816 eorum
1232 2787 1332 2814 animis
1340 2786 1467 2822 augebat,
1479 2792 1540 2820 quae
1550 2785 1659 2819 quidem
1670 2784 1838 2819 graviorum,
1855 2789 1915 2817 quae

1130 2841 1194 2862 mox
1214 2841 1266 2868 pro
1292 2832 1403 2860 Christo
1424 2835 1517 2859 essent
1544 2830 1696 2866 excepturi,
1717 2832 1914 2857 tormentorum
