2092 3157
191 181 245 214 793

625 185 767 216 ORATIO
782 186 830 217 DE
850 189 903 218 SS.
919 189 1084 230 SAMONA,
1102 192 1226 224 GURIA
1246 195 1295 225 ET
1307 195 1431 228 ABIBO.

1773 205 1828 237 791

193 239 308 266 Easdem
325 238 344 266 ii
364 239 495 267 nimirum
510 239 543 267 ad
560 248 623 268 cum
640 242 801 277 rapiendum
819 248 893 271 artcs
904 245 981 272 adhi-
998 249 1019 276 Α
1035 247 1141 282 ahjei-ta
1162 257 1289 283 persona,
1303 257 1395 285 aperta
1418 252 1585 288 impudentia
1600 256 1627 283 in
1647 264 1742 286 necem
1763 267 1828 288 san-

192 290 292 317 nuere,
317 285 417 319 quibus
443 285 530 314 fretus
555 286 611 319 ille,
634 295 682 315 eos
703 296 732 316 se
753 289 816 316 dolo
837 296 981 324 rapturum

190 330 328 364 sperabat.
347 330 415 358 Nam
432 332 498 366 quid
522 337 575 365 est,
590 333 727 369 inquiunt,
746 335 819 370 quod
840 340 982 372 tantopere

189 384 203 402 ii
215 376 361 404 .sententii.
382 381 476 404 nostra
490 385 539 405 nos
555 378 644 405 valeat
663 379 822 407 dimovrrc?
841 381 981 416 Numquid

191 422 339 449 vehemens
357 422 475 451 fortasse
491 424 627 451 instabilis
646 424 708 452 vitae
728 425 810 460 hujus
825 427 981 462 cupiditas?

189 466 241 493 Sed
253 467 385 502 quidnam
411 474 464 502 est,
489 477 594 504 qnzeso,
614 478 645 497 ex
664 471 804 504 omnibus,
822 480 883 507 qua:
900 473 925 501 in
947 481 979 502 ea

190 514 325 541 habentur
347 514 479 548 jucunda,
500 523 555 550 quo
575 517 685 544 animus
700 521 794 545 noster
814 524 897 553 queat
916 527 978 554 pcr-

188 559 312 586 moveri?
333 560 430 587 Anon
468 561 666 589 animadvertis
696 570 746 590 nos
780 564 900 598 optimos
929 573 977 592 vos

188 609 271 632 testes
285 605 395 636 habere,
413 606 566 640 eujusmodi
585 607 636 634 hoc
650 607 695 640 sit,
707 615 762 642 quo
778 616 838 635 sum
856 610 977 637 circum-

186 651 314 684 amictus,
343 652 547 686 corpusculum,
569 660 651 687 quain
685 654 858 688 paucissimis
882 656 915 682 a.l
947 663 976 683 sc

184 697 213 724 iii
235 697 289 724 vita
315 697 447 724 tuendum
471 703 651 731 contentum,
677 704 704 727 et
726 700 854 734 expedito
873 700 975 728 Christi

186 742 265 769 militi
290 749 423 777 perquam
440 742 539 776 simile,
559 743 605 778 qui
624 744 657 771 ad
672 744 765 771 omnia
780 745 881 772 tribuni
897 746 973 780 jussa

184 788 361 823 exsequenda
392 789 427 816 sit
444 796 527 824 quam
552 790 758 824 paratissimus,
785 792 887 826 quique
902 792 975 820 velut

184 841 266 868 Super
283 833 444 861 tenuissima
468 840 544 867 rate,
566 836 628 862 vitae
641 836 724 870 hujus
748 838 859 872 pelagiis
881 843 972 866 trans-

187 879 288 911 mittat,
321 886 356 906 ne
376 887 429 913 qua
446 887 476 907 re
497 886 628 914 gravante
653 880 780 916 impedita
796 882 856 915 illa,
878 890 973 910 neces-

183 925 257 952 sario
284 932 396 953 cursum
431 926 535 953 tardius
563 927 706 954 conﬁciat?
736 927 814 956 Unde
848 929 931 964 igitur
957 931 1012 960 aB

183 971 316 998 sententia
339 979 382 999 me
401 979 460 999 mea
484 973 589 1006 poteris
615 973 762 1001 revocare?
777 974 911 1009 quibusve
926 983 974 1003 ca-

183 1024 246 1051 pere
273 1017 481 1050 blandimentis,
499 1023 528 1045 ut
553 1026 596 1046 ine
621 1026 664 1046 res
681 1019 742 1046 vitae
762 1020 844 1055 hujus
861 1028 971 1055 permo-

182 1067 272 1094 veant,
290 1061 337 1096 qui
356 1062 482 1090 maxima:
498 1063 571 1091 illius
588 1064 645 1098 jam
665 1065 733 1098 parii
750 1071 876 1093 mortuus
890 1066 973 1093 sum?

180 1106 281 1142 quippe
291 1108 338 1143 qui
351 1108 536 1143 voluptatibus
547 1109 755 1137 contemnendis
765 1110 824 1145 ipse
836 1111 863 1138 in
877 1111 973 1138 volun-

183 1153 281 1180 tariam
300 1161 343 1181 me
365 1158 481 1181 mortem
503 1154 676 1186 tradiderim,
701 1160 783 1190 atque
797 1156 849 1183 hoc
864 1156 971 1191 ipsum,

178 1196 252 1230 quod
267 1204 341 1224 nunc
358 1197 430 1230 vivo,
443 1205 477 1225 eo
493 1198 581 1226 vivam
595 1218 602 1231 ,
616 1199 689 1233 quod
701 1199 762 1234 ejus
778 1200 902 1234 iniussu,
922 1201 970 1237 qui

179 1250 224 1269 ins
238 1243 265 1269 in
279 1243 363 1270 vitam
378 1243 496 1276 induxit,
513 1244 597 1271 nolim
611 1246 686 1272 exire
697 1245 731 1272 de
746 1246 811 1273 vita.
828 1245 969 1282 Siquidem

179 1295 242 1314 enm
260 1287 387 1323 jubemiir
418 1294 593 1324 exspectare,
613 1291 678 1317 dum
693 1291 830 1319 vinculum
843 1293 940 1326 solvat,
955 1301 970 1321 a

177 1340 234 1367 quo
257 1334 386 1361 nimirum
411 1334 438 1361 in
457 1342 516 1361 eam
532 1334 633 1363 fuimus
648 1335 755 1371 illigati.
773 1337 807 1364 Et
823 1337 899 1372 quid,
918 1339 968 1366 ob-

177 1387 274 1413 secro,
302 1387 392 1406 nonne
411 1380 463 1407 hoc
478 1388 592 1408 summa:
609 1386 682 1408 esset
693 1382 853 1415 dementiae,
868 1384 968 1418 quibus

174 1425 286 1459 juvenis
304 1426 433 1452 nuntium
458 1427 640 1459 reinisissem,
661 1427 704 1455 his
728 1427 821 1456 denuo
833 1430 969 1464 cupidita-

176 1476 230 1498 b-m
247 1471 315 1498 velle
333 1471 453 1504 irritare,
468 1475 549 1506 atque
564 1479 608 1502 ea.
623 1480 685 1507 qua:
698 1473 863 1508 jampridem
879 1475 969 1502 omni-

177 1516 240 1548 bus,
255 1516 302 1551 qui
319 1524 350 1544 ea
367 1517 478 1550 vellent,
496 1515 584 1544 libens
600 1518 779 1551 dimisisscin,
799 1521 893 1555 gratia:
909 1520 968 1548 loco

175 1569 249 1588 nunc
267 1562 392 1596 cupidius
406 1563 553 1597 appetere?
566 1565 720 1598 praesertim
734 1573 795 1592 cum
813 1565 879 1593 illud
893 1571 968 1594 esset

175 1612 327 1641 incertum,
343 1616 378 1635 an
400 1609 446 1636 diu
470 1610 553 1637 simul
574 1617 606 1637 ac
626 1619 656 1638 ca
671 1619 760 1639 esseni
779 1611 907 1646 adeptus,
925 1613 966 1640 eis

174 1655 241 1681 mihi
256 1662 354 1682 secure
375 1663 423 1690 per
437 1656 524 1682 otium
540 1657 593 1683 frui
610 1657 713 1684 liceret.
728 1657 780 1685 Sed
798 1663 825 1685 iit
841 1659 966 1693 adempta

175 1707 288 1734 prorsus
305 1700 341 1728 sit
352 1701 444 1729 omnis
457 1702 492 1729 de
513 1702 564 1729 hac
578 1710 607 1730 re
632 1703 779 1737 dubitatio,
797 1705 868 1732 haud
884 1705 966 1732 dubie

173 1746 198 1771 is
221 1745 350 1780 degeneri
373 1746 555 1782 illiberalique
575 1755 606 1776 se
627 1756 690 1776 esse
705 1750 799 1777 animo
820 1751 964 1783 ostendat,

172 1793 220 1826 qni
248 1793 330 1820 rebus
353 1794 464 1822 aeternis
484 1795 603 1822 caducas
619 1800 786 1831 anteponat,
802 1797 963 1825 stabilibus-

171 1845 236 1872 que,
262 1845 294 1865 ac
311 1839 540 1874 peruianentibus
562 1847 605 1872 ea,
627 1849 688 1876 quae
712 1842 793 1869 citius
819 1841 962 1874 dimuunt,

171 1890 254 1916 quam
280 1884 432 1912 caiisistere
462 1885 610 1919 potuerint.
642 1884 674 1912 Et
697 1885 770 1921 quod
794 1887 904 1921 quidem
928 1887 961 1913 ad

173 1936 216 1955 me
234 1929 343 1962 attinet,
360 1930 412 1957 hoc
429 1931 512 1957 modo
528 1939 535 1957 :
554 1930 614 1963 Quo
631 1936 710 1966 parto
727 1939 789 1959 vero
809 1932 892 1959 etiam
912 1931 963 1959 Sa-

172 1982 283 2002 inoiiain
315 1975 388 2004 hunc
413 1977 479 2012 (pro
504 1984 537 2005 eo
559 1984 633 2004 enim
660 1978 766 2012 loquor,
787 1979 859 2013 quod
884 1979 908 2006 is
934 1982 962 2006 et

171 2020 256 2047 animi
271 2029 416 2054 sensuum,
438 2027 464 2049 et
482 2022 619 2057 praeclara:
631 2021 712 2057 hujus
732 2023 960 2058 peregrinationis

171 2067 237 2092 mihi
253 2067 345 2095 sucius
360 2068 414 2104 est)
429 2075 444 2095 a
458 2076 526 2096 sano
538 2076 590 2096 suo
606 2068 689 2096 animi
703 2069 845 2104 proposito
859 2069 960 2104 poteris

169 2120 286 2141 avocare
294 2114 307 2140 ἵ

206 2159 277 2187 XIV.
291 2160 371 2189 Dices
386 2161 514 2195 fortasse,
527 2170 582 2190 non
596 2162 741 2190 convenire
758 2161 956 2190 adolescentem

168 2211 251 2234 aetate
275 2207 398 2242 integra,
423 2213 451 2236 et
474 2208 580 2236 viribus
602 2209 725 2243 corporis
746 2208 956 2241 valentissimis,

978 1599 1001 1631 C

1037 298 1143 320 ctoruin
1166 303 1286 330 praeceps
1307 297 1371 324 ruit.
1387 297 1504 326 Mirabili
1524 300 1607 334 igitur
1623 302 1752 332 incensus
1770 306 1826 334 ira-

1036 339 1146 372 cundia,
1165 340 1197 366 iis
1212 341 1337 368 celeriter
1353 344 1386 369 ad
1403 351 1433 370 se
1450 346 1603 379 accersitis,
1622 355 1740 383 quorum
1762 359 1825 379 mu-

1035 392 1088 412 nus
1108 390 1149 412 est
1167 385 1319 414 istiusmodi
1341 389 1515 418 carnilicinas
1535 400 1673 426 exercere,
1700 397 1823 429 mandat,

1035 434 1064 456 iit
1089 430 1154 458 l‘iine
1173 432 1258 459 altera
1286 441 1368 460 manu
1397 435 1525 469 religatos
1546 443 1691 473 martyres,
1717 441 1762 468 diu
1787 442 1823 469 ita

1033 475 1166 503 sulxliincs
1183 481 1293 504 teneant
1312 488 1319 506 ε
1337 480 1437 513 quibus
1454 487 1636 517 praeterquam
1652 486 1725 519 quod
1741 487 1825 514 totius

1033 521 1155 555 cui-poris
1169 523 1290 556 pondere
1313 526 1416 558 gravati
1434 527 1642 561 divellebaiittir,
1657 532 1690 558 ad
1711 533 1822 567 majoris

1031 568 1112 593 etiam
1131 573 1260 602 pra'terea
1281 577 1392 597 sensum
1411 571 1526 607 doleris,
1553 574 1753 605 intolerandum
1773 586 1822 614 pe-

1030 612 1111 639 dibus
1123 614 1210 647 aptari
1230 614 1337 649 pondus
1349 615 1437 651 jubet.

1063 678 1123 707 XV.
1140 679 1244 708 Norunt
1265 681 1399 717 plerique,
1424 683 1471 711 sed
1485 685 1607 712 omnium
1625 689 1744 715 maxime
1766 697 1822 717 me-

1028 724 1126 752 dicinae
1144 725 1213 753 artis
1235 727 1333 761 periti,
1353 728 1400 762 qui
1421 734 1527 758 naturae
1543 739 1644 759 arcana
1668 734 1718 768 ipsi
1736 735 1822 762 subti—

1028 769 1081 796 iins
1100 769 1275 805 indngarunt,
1304 780 1387 807 quain
1414 774 1596 805 intolerabilis
1614 778 1687 806 illius
1703 780 1738 808 sit
1755 788 1820 808 cru-

1028 815 1116 842 ciatus
1131 816 1210 843 dolor
1225 817 1252 844 in
1267 820 1365 852 quovis
1380 820 1530 854 animante,
1549 823 1572 850 si
1592 829 1713 852 extrema
1730 827 1821 862 aliqua

1027 859 1068 885 sui
1085 863 1161 894 parte
1176 869 1340 896 suspensum
1357 869 1493 899 teneatur,
1508 871 1591 902 atque
1609 869 1636 896 in
1651 878 1712 897 eam
1733 859 1816 899 unam

1027 905 1185 933 universum
1223 909 1348 943 corporis
1381 911 1466 938 totius
1498 913 1606 946 pondus
1637 917 1779 944 recumbat
1809 925 1817 945 :

1026 949 1127 984 quippe
1140 959 1202 978 cum
1214 953 1319 980 ossium
1332 962 1478 991 compages
1490 958 1516 984 in
1530 966 1563 985 eo
1577 959 1640 992 sint,
1659 965 1689 987 ut
1702 962 1816 995 jamjain

1024 996 1209 1025 disrludcudie
1226 998 1291 1031 sint,
1308 1001 1440 1036 nervique
1454 1003 1505 1037 ipsi
1523 1004 1578 1031 sint
1592 1011 1690 1040 praiter
1704 1008 1817 1035 modum

1024 1041 1146 1074 distenti,
1165 1048 1191 1070 et
1207 1045 1323 1072 musculi
1338 1046 1473 1080 distracti,
1489 1054 1514 1076 et
1533 1054 1606 1078 totus
1620 1052 1678 1086 ipse
1693 1054 1818 1088 corporis

1025 1092 1141 1115 truncus
1157 1094 1253 1123 suopte
1265 1095 1346 1126 atque
1358 1092 1447 1121 alieno
1458 1095 1540 1121 etiam
1556 1097 1677 1130 pondere
1687 1098 1818 1128 diductus

1023 1133 1228 1170 constringatur
1249 1145 1256 1163 :
1275 1136 1375 1165 deinde
1398 1146 1460 1166 cum
1480 1143 1614 1169 naturalis
1640 1144 1739 1170 liiimor
1762 1152 1817 1172 una

1022 1186 1085 1205 cum
1113 1180 1227 1208 animali
1251 1183 1365 1217 spiritu,
1393 1192 1447 1219 qua
1477 1187 1586 1220 quidem
1612 1188 1639 1215 in
1665 1191 1817 1218 exteriores

1021 1229 1114 1258 partes
1126 1231 1295 1260 coarctetur,
1313 1237 1367 1264 qua
1384 1238 1449 1258 vero
1463 1237 1575 1267 propter
1588 1239 1727 1262 meatuum
1745 1244 1816 1263 con-

1020 1270 1195 1304 slipationem
1208 1274 1299 1307 egredi
1315 1276 1504 1309 prohibeatur,
1516 1279 1626 1313 gravior
1636 1280 1663 1307 in
1675 1281 1814 1309 animante

1022 1315 1159 1343 excitatur
1171 1317 1276 1347 doloris
1292 1319 1343 1352 vis,
1359 1320 1430 1349 inter
1445 1327 1544 1351 caetera
1558 1325 1651 1352 omnia
1666 1326 1718 1354 hoc
1729 1328 1812 1355 etiam

1020 1360 1092 1395 ipso,
1120 1363 1192 1396 quod
1217 1364 1309 1392 exitiis
1330 1365 1357 1392 in
1379 1366 1494 1395 elisione
1518 1370 1704 1405 prmeluditur,
1725 1379 1814 1408 eoque

1020 1407 1118 1442 magis,
1129 1409 1151 1435 si
1163 1409 1295 1437 distensio
1309 1419 1370 1446 quae
1387 1412 1426 1444 tit,
1440 1421 1472 1440 ex
1487 1414 1620 1443 diametro
1636 1418 1753 1449 exsistit,
1765 1407 1814 1453 qui

1018 1451 1128 1485 quidem
1153 1453 1261 1487 longior
1279 1455 1452 1490 excogitatus
1477 1458 1524 1490 sit,
1547 1466 1631 1493 quam
1654 1461 1689 1488 sit
1706 1451 1812 1496 qumvis

1018 1502 1156 1524 rectarum
1170 1499 1288 1533 partium
1305 1501 1394 1528 media
1409 1502 1493 1530 tinea.
1505 1503 1563 1531 Tali
1582 1504 1666 1540 igitur
1679 1510 1813 1543 tantoque

1020 1541 1131 1570 Satanae
1155 1544 1344 1572 ministrorum
1362 1547 1474 1574 solertia
1492 1555 1650 1584 comparato
1663 1541 1810 1585 tormento,

1019 1595 1082 1614 cum
1100 1588 1128 1615 in
1143 1597 1176 1616 co
1194 1597 1241 1624 per
1254 1590 1403 1619 dimidiata:
1420 1593 1473 1620 diei
1497 1595 1628 1630 spatium,
1645 1604 1732 1632 eoque
1752 1605 1811 1625 am-

1018 1633 1090 1668 plius
1120 1633 1157 1661 illi
1177 1639 1335 1663 constanter
1364 1645 1598 1673 perseverassent,
1624 1642 1670 1668 ubi
1690 1651 1720 1669 se
1740 1643 1808 1671 nihil

1017 1680 1151 1713 prolicere
1179 1679 1280 1716 impius
1305 1682 1389 1717 judex
1407 1684 1611 1720 animadvertit,
1632 1695 1647 1715 a
1674 1689 1809 1724 supplicio

1017 1725 1126 1752 tandem
1144 1727 1272 1761 relaxari,
1288 1735 1371 1763 atque
1387 1730 1413 1757 in
1428 1731 1652 1760 obscurissimum
1669 1742 1807 1763 carcerein

1016 1774 1087 1800 trudi
1113 1779 1248 1809 martyres
1269 1775 1363 1811 jubet,
1385 1777 1478 1813 ibique
1495 1779 1625 1807 diuturna
1649 1788 1698 1808 eos
1718 1782 1807 1809 inedia

1016 1820 1160 1846 macerari.
1180 1819 1248 1847 Tiini
1264 1822 1381 1856 quaestio
1396 1831 1504 1855 rursus.
1522 1831 1548 1852 et
1571 1829 1708 1854 tormenta
1728 1828 1808 1861 longe

1014 1865 1143 1892 omnibus
1164 1866 1208 1898 iis,
1234 1874 1295 1900 qute
1319 1874 1529 1903 praecesserant,
1548 1871 1675 1905 graviora
1705 1872 1806 1900 imma-

1014 1912 1158 1945 nioraque.

1047 1988 1117 2016 XVI.
1134 1989 1270 2017 Caeterum
1287 1991 1397 2019 Curiam
1425 1993 1488 2026 ille,
1505 1999 1600 2029 utpote
1620 2000 1647 2024 et
1664 2002 1804 2026 senectute

1009 2034 1064 2067 jam
1080 2039 1108 2062 et
1129 2034 1230 2068 inedia,
1253 2040 1280 2063 et
1295 2036 1339 2069 iis,
1356 2045 1427 2072 quos
1453 2039 1533 2072 paulo
1557 2045 1620 2068 ante
1642 2043 1801 2076 pertulerat,

1010 2080 1177 2108 cruciatibus
1204 2089 1273 2116 pene
1290 2082 1458 2116 confectum,
1470 2085 1564 2112 statuit
1581 2089 1722 2115 tormentis
1739 2095 1800 2115 ain-

1010 2125 1081 2160 plius
1097 2133 1151 2154 non
1173 2127 1314 2159 divexare,
1344 2136 1388 2161 ne,
1413 2129 1436 2156 si
1456 2129 1481 2156 id
1511 2131 1597 2163 tieret,
1613 2132 1733 2159 animam
1753 2133 1800 2161 ille

1010 2172 1080 2199 inter
1100 2176 1245 2206 tormenta,
1267 2174 1426 2210 priusquam
1443 2175 1574 2203 voluisset
1592 2177 1659 2212 ipse,
1676 2182 1703 2206 ei
1716 2178 1800 2208 lentis

1007 2225 1070 2244 cuin
1101 2218 1191 2253 pcenis
1207 2219 1353 2253 atl'ccisset,
1373 2221 1537 2255 cii-spiraret,
1555 2226 1636 2256 atque
1649 2223 1701 2251 hoc
1717 2225 1799 2252 modo

169 2251 276 2279 viVendi
293 2253 374 2279 linem
390 2252 491 2287 facere,
508 2257 535 2280 et
552 2258 616 2281 ante
631 2254 810 2288 praestitutam
828 2254 881 2281 sibi
896 2253 958 2281 vita:
973 2286 975 2293 ι

1018 2270 1058 2298 ipe
1085 2251 1172 2298 ipsum
1199 2266 1320 2292 maxima
1346 2251 1513 2294 deturbarct.
1540 2251 1682 2302 Siquidem
1702 2269 1799 2297 existi-

169 2298 259 2331 diem,
284 2298 319 2326 de
344 2299 400 2327 vita
420 2299 489 2327 velle
515 2300 657 2328 decedere.
686 2300 794 2333 Fateor,
819 2301 890 2336 viget
914 2301 959 2328 ille

170 2344 279 2378 quidem
293 2349 383 2375 aetate.
397 2345 444 2373 sed
461 2345 516 2373 Deo
527 2346 610 2381 viget,
626 2347 698 2374 unde
712 2351 739 2374 et
750 2347 869 2382 vigorem
882 2347 957 2373 illum

170 2389 277 2424 accepit
296 2398 303 2416 :
321 2389 394 2425 viget
414 2390 478 2418 item
498 2391 613 2423 viribus,
631 2391 678 2418 sed
694 2391 746 2418 hoc
763 2398 873 2426 quoque
889 2391 959 2418 inter

171 2442 215 2462 res
227 2435 347 2463 maxime
362 2435 515 2464 laudabiles
531 2441 584 2469 est,
596 2445 658 2472 qua:
669 2441 748 2464 aetate
763 2442 828 2465 sunt
842 2437 957 2471 integra,

168 2485 196 2508 ct
211 2481 317 2509 viribus
333 2481 431 2514 ﬁrmis,
444 2490 475 2510 ea
491 2483 530 2510 illi
544 2482 652 2517 oﬂerre,
668 2483 711 2511 cui
725 2488 804 2511 vetus
818 2485 899 2511 etiam
915 2483 958 2510 lex

166 2531 272 2561 gratam
285 2527 422 2555 victimam
435 2528 524 2561 otTert,
542 2529 657 2556 vitulum
676 2529 824 2562 novellum,
837 2533 865 2557 et
877 2534 956 2557 aetate

168 2572 309 2600 tlorrntem
321 2593 330 2606 ,
352 2573 482 2601 cornibus
503 2581 577 2602 nunc
593 2574 739 2609 primulum
756 2582 785 2602 se
804 2574 878 2602 foras
898 2579 956 2601 tru-

167 2618 306 2651 dentibus,
318 2624 346 2646 et
357 2619 466 2655 ungulis
475 2620 616 2648 decorum.
629 2620 703 2648 Talis
712 2621 794 2648 ctiam
811 2622 955 2654 Santonus,

168 2663 214 2691 tali
241 2664 324 2692 etiam
343 2665 471 2693 similiter
487 2665 659 2699 inimoletur,
678 2665 784 2694 ﬂorenti
806 2667 955 2694 etiamnum

167 2714 257 2742 :ctate,
283 2715 311 2738 et
334 2711 430 2738 nitenti
449 2711 518 2740 facie
537 2720 545 2739 :
567 2719 621 2739 non
636 2717 725 2739 autem
742 2712 768 2739 iii
789 2717 955 2740 senectutem

165 2755 221 2788 jam
236 2761 373 2790 vergente.
387 2764 422 2784 ne
437 2757 554 2785 fortasse
572 2757 647 2792 rugis
666 2759 748 2784 etiam
764 2757 955 2784 insidiantium

168 2801 249 2829 nobis
275 2810 411 2834 annorum
434 2807 594 2838 corruptus,
613 2803 730 2830 \ictiuia:
745 2803 820 2831 vitiet
844 2803 955 2838 integii-

168 2851 262 2875 intem.
280 2848 328 2876 His
341 2849 454 2881 auditis,
471 2854 579 2877 astutus
593 2849 638 2878 ille
653 2857 686 2877 ac
701 2853 845 2883 veterator,
864 2849 956 2878 conl'e-

164 2893 230 2921 stiin
247 2901 335 2929 spem,
355 2903 437 2930 quani
453 2901 633 2931 conceperat,
648 2895 749 2924 amisit.
769 2896 952 2930 Quamobrem

1013 2309 1107 2336 mahat
1136 2317 1165 2338 se
1188 2310 1262 2338 illum
1279 2313 1391 2339 omnino
1417 2313 1566 2348 aliquando
1593 2318 1744 2349 tentatum,
1769 2316 1797 2344 in

1009 2359 1169 2389 potestatein
1184 2364 1263 2385 suam
1279 2358 1464 2390 redacturum,
1477 2359 1578 2393 quippe
1595 2364 1643 2387 aut
1658 2360 1797 2390 blanditiis

1009 2400 1161 2428 emollitum
1183 2407 1230 2428 aut
1249 2404 1393 2430 tormentis
1408 2403 1524 2431 fractum
1546 2405 1579 2432 iri
1595 2405 1703 2434 animos
1717 2406 1796 2442 ejus,

1009 2450 1056 2473 aut
1069 2447 1187 2482 denique
1202 2447 1259 2476 fore
1287 2454 1326 2481 ut,
1345 2457 1407 2477 cum
1422 2450 1534 2483 videret,
1550 2452 1650 2486 quibus
1668 2453 1713 2480 alii
1733 2461 1797 2481 cru-

1009 2491 1126 2520 ciatibus
1135 2493 1316 2525 adicerentur.
1331 2495 1420 2523 alieno
1430 2497 1550 2531 periculo
1560 2498 1688 2530 disceret,
1700 2507 1796 2533 quent-

1009 2536 1155 2563 adinoduin
1179 2545 1227 2565 eos
1251 2538 1318 2573 ipse,
1347 2541 1475 2568 mutanda
1509 2544 1644 2570 sententia
1672 2551 1732 2574 sua,
1748 2544 1796 2571 de-

1008 2581 1130 2609 clinarct.
1154 2582 1251 2611 Verum
1275 2584 1440 2619 Saiuonam,
1460 2588 1533 2622 quod
1547 2596 1609 2616 eum
1626 2593 1652 2616 et
1666 2589 1794 2623 juvenem

1009 2626 1122 2659 videret,
1146 2633 1173 2655 et
1192 2630 1344 2662 robustum,
1373 2635 1508 2660 tormento
1529 2632 1619 2660 denuo
1639 2633 1794 2667 aggreditur

1007 2672 1142 2700 atrociore
1162 2673 1257 2709 longe,
1284 2680 1312 2702 et
1335 2684 1418 2711 supra
1440 2685 1523 2712 quam
1549 2678 1602 2705 dici
1623 2677 1794 2713 copitariquc

1006 2717 1103 2751 possit,
1129 2718 1243 2754 majore,
1266 2727 1348 2755 quam
1369 2726 1459 2749 antea.
1479 2721 1547 2750 Nam
1566 2730 1599 2750 ex
1620 2723 1706 2750 altero
1725 2723 1794 2758 pede

1006 2763 1148 2798 capiteque
1159 2772 1221 2792 eum
1235 2766 1379 2795 sublimem
1391 2772 1534 2801 statutum,
1547 2768 1666 2802 pondere
1676 2768 1791 2796 alterum

1006 2807 1071 2835 ferri
1085 2809 1238 2838 incredibili
1254 2811 1282 2839 in
1296 2812 1434 2841 diversum
1448 2813 1565 2841 distrahi
1579 2813 1677 2848 jussit,
1692 2813 1792 2848 quippe

1005 2854 1049 2882 cui
1064 2861 1168 2883 certum
1183 2861 1272 2890 esset,
1299 2857 1375 2885 illum
1393 2866 1506 2893 prorsus
1528 2860 1580 2887 hoc
1600 2859 1680 2886 modo
1694 2867 1792 2894 quain-

1006 2900 1123 2936 primum
1140 2902 1208 2930 velle
1235 2903 1401 2938 discerpere.
1423 2904 1462 2932 Ex
1487 2912 1542 2940 quo
1565 2904 1675 2940 quidem
1690 2904 1791 2933 laetum
