2092 3157
282 203 338 236 795

688 199 853 231 ARETIL’E
873 196 1063 230 ΟιΕΞΛΒΕίΕ
1081 191 1326 226 CAPPADOCIE
1345 190 1516 223 EPISCOPI

1856 186 1912 219 796

284 262 337 288 est,
366 261 395 284 ut
420 257 509 284 laxata
539 254 695 283 coxendicis
717 254 856 289 iunctura,
886 253 1000 281 claudus
1025 252 1070 280 ille
1085 254 1107 282 Α
1122 250 1183 286 gius
1195 247 1378 278 munerarius,
1394 251 1514 280 suosque
1527 243 1644 272 athletas
1658 242 1685 270 in
1699 241 1809 270 aeternis
1824 242 1914 268 taber-

286 307 380 339 postea
399 311 452 329 non
468 303 527 329 sine
544 308 626 328 causa
644 301 819 328 remanserit.

322 348 402 375 XVII.
420 347 472 375 Sed
487 354 548 374 eutn
573 347 630 374 haec
649 354 759 382 quoque
783 346 833 373 viri
859 343 1001 372 fortissimi
1024 350 1074 378 pro

288 394 375 421 nihilo
390 393 559 424 habuissent,
573 399 739 426 omnemque
751 391 775 419 ei
790 391 897 426 penitus
912 397 987 425 spem
1003 396 1075 424 pra:-

288 439 429 470 cidissem,
445 438 504 465 fore
518 441 548 465 ut
567 437 602 465 ab
618 445 652 465 eo
667 444 788 472 unquam
804 437 876 464 vinci
897 435 1076 471 superariquc

290 488 411 518 possent,
432 484 522 511 denuo
545 491 593 511 eos
615 483 660 511 ille
674 483 702 510 in
726 482 878 510 custodiam
897 481 1049 516 compingit
1067 489 1075 507 :

289 530 334 557 ubi
351 537 413 556 cum
436 529 596 564 aliquandiu
617 529 850 564 permansissent,
875 531 966 562 postea
996 530 1077 554 nocte

289 576 452 610 intempesta
471 575 504 602 iis
519 579 601 609 caput
614 574 766 609 amputari,
783 579 813 600 ut
828 573 879 600 hoc
894 573 975 600 modo
991 572 1076 599 vitam

289 620 485 655 relinquerent,
505 620 592 655 jubet.
608 620 697 647 Proh!
720 624 834 655 quantae
855 617 991 647 sententia
1019 617 1078 645 htec

289 666 391 694 laetitiae
408 666 574 702 martyribus
600 665 670 699 fuit,
686 672 738 692 non
754 664 864 700 quidem
880 663 916 691 ob
929 671 989 690 eam
1011 670 1078 690 cau-

292 720 361 744 sam,
382 713 453 747 quod
482 712 604 739 viderent
621 711 672 738 hoc
690 709 771 738 modo
798 710 909 737 allatum
939 709 971 736 iri
995 708 1078 736 ﬁnem

291 757 499 788 acerbitatibus,
515 760 597 791 atque
614 755 744 783 arumnis
761 755 820 782 suis
835 754 975 786 omnibus,
995 760 1080 788 seque

292 805 423 836 tanquant
442 809 475 828 ex
494 800 642 836 iactatione
659 805 686 827 et
702 799 880 827 ﬂuctuatione
895 798 1013 834 quadam
1033 805 1080 833 pe-

294 846 373 874 renni
395 847 422 874 in
445 851 541 882 portus
563 845 734 881 tranquillos'
750 849 914 880 pacatosque
933 847 1082 880 perventu-

293 899 340 919 ros
355 901 362 919 :
377 893 422 919 sed
441 892 514 927 quod
537 891 587 919 iter
604 890 670 919 illud
689 890 801 922 inirent,
819 889 892 917 unde
911 896 973 916 mox
989 891 1082 915 essent

1125 294 1232 323 nacttlis
1246 293 1374 320 collocat.

1161 340 1219 366 xx.
1236 339 1289 366 Sed
1303 345 1363 373 quae
1385 341 1451 364 sunt
1470 335 1547 364 haec?
1562 341 1659 370 nempe
1681 333 1728 361 ubi
1742 334 1814 369 quod
1834 340 1916 361 suum

1125 389 1167 414 est
1180 385 1278 420 cuique
1297 383 1455 419 prazrnimn,
1474 390 1523 417 pro
1540 383 1639 409 merito
1658 381 1797 412 tribuitur,
1819 384 1846 407 et
1864 387 1915 407 cu-

1124 429 1248 465 iusmodi
1274 429 1337 460 hoc,
1357 428 1429 455 scire
1455 426 1573 453 fortasse
1598 425 1748 453 desideras.
1775 422 1916 458 Ejusmodi

1127 466 1269 508 nimirum,
1284 475 1328 502 ctti
1343 473 1434 502 simile
1450 472 1554 500 rtttilunt
1572 476 1627 499 tam
1651 475 1713 498 ante
1727 471 1813 504 legem
1833 476 1916 503 quam

1128 523 1155 549 in
1180 523 1238 556 lege
1264 521 1327 556 quis
1355 519 1441 555 possit
1468 518 1625 545 ostendere.
1650 517 1702 550 Qui
1728 516 1800 543 hac?
1821 522 1919 548 nempe

1127 570 1200 603 quod
1214 568 1256 595 his
1272 574 1368 594 eorum
1388 573 1468 592 nerito
1481 571 1530 599 par
1541 564 1605 595 ruit,
1620 562 1693 597 quod
1709 569 1741 589 ex
1758 561 1791 588 iis
1805 559 1919 595 quilibet

1128 614 1210 649 longo
1233 613 1267 640 ab
1284 612 1326 640 his
1348 610 1492 639 intervallo
1514 613 1699 644 superaretur.
1719 606 1859 642 Siquidem
1877 605 1919 631 in-

1129 659 1232 688 stitutis
1246 657 1355 686 vivendi
1373 657 1473 684 veteris
1488 655 1556 691 legis
1578 654 1776 690 praestabiliora
1794 656 1857 679 sttnt
1873 658 1918 680 ea.

1128 714 1191 741 quae
1207 709 1272 732 sunt
1291 704 1443 732 secundutn
1465 702 1604 730 Christum
1626 709 1633 727 :
1649 707 1681 727 ex
1699 700 1733 726 iis
1749 702 1852 730 autem,
1871 696 1919 731 qui

1130 755 1192 786 post
1210 751 1350 778 Christum
1371 748 1463 781 fuere,
1478 747 1546 775 nulli
1563 746 1649 774 videri
1672 745 1779 779 possint
1794 742 1919 774 secundi,

1129 795 1231 830 quippe
1260 794 1308 829 qui
1337 794 1408 820 inter
1423 796 1568 827 martyres,
1593 795 1728 825 martyres
1750 792 1824 819 sttnt,
1849 787 1920 814 inter

1131 841 1282 869 monachos
1295 838 1436 871 monachi,
1448 838 1520 865 inter
1530 836 1692 865 sacerdotali
1706 835 1840 870 dignitate
1850 840 1921 868 pra:-

1131 887 1202 914 ditos
1233 884 1412 913 sacerdotalis
1442 882 1586 918 dignitatis
1612 881 1768 917 participes.
1800 878 1867 905 Nm
1895 881 1922 904 ct

294 946 355 965 cum
375 939 484 966 Christo
511 938 609 970 futuri,
635 936 746 973 quicum
767 936 849 963 etiarn
881 933 1035 963 certissime
1051 941 1082 961 se
1097 926 1118 954 Β
1132 936 1282 963 certarunt,
1302 935 1329 958 et
1348 934 1411 957 ante
1426 934 1584 964 susceptum
1601 932 1741 955 certamen
1758 930 1870 954 strenue
1893 931 1923 952 se

294 988 457 1019 rcgnaturos
479 984 636 1018 sperabant,
658 981 889 1017 quemadmodum
908 980 981 1008 illius
999 979 1082 1006 etiam

295 1029 324 1056 in
352 1029 475 1057 adversis
499 1028 620 1056 ferendis
642 1027 755 1063 vestigia
775 1026 884 1054 fuerant
906 1025 1015 1053 imitati.
1044 1024 1085 1052 Ae

294 1075 385 1102 Curia:
411 1075 521 1109 quidem
543 1079 570 1101 ct
593 1073 721 1101 Samona:
745 1076 884 1101 certamen
902 1071 1084 1105 victoriaque,

296 1120 359 1147 talia
373 1127 406 1148 ac
419 1124 473 1146 tant
491 1118 610 1155 insignia
624 1119 712 1146 fuere.

331 1185 427 1214 XVIII.
450 1185 535 1218 Quale
551 1193 615 1213 vero
629 1185 710 1212 etiam
723 1184 829 1212 Abibus
848 1183 966 1210 stadium
986 1189 1086 1209 cucur~

296 1232 373 1265 rerit,
400 1237 509 1265 tempus
529 1237 579 1264 est,
606 1236 636 1259 ut
662 1239 736 1259 nunc
751 1233 934 1266 exponamus.
959 1229 1007 1256 llic
1023 1235 1086 1256 cum

297 1274 369 1301 inter
386 1275 528 1303 ministros
549 1275 651 1303 Christi
673 1275 869 1310 mysteriorum
887 1282 958 1301 tinus
978 1274 1088 1301 habere-

297 1324 354 1352 tur,
367 1325 394 1347 et
408 1320 464 1354 pari
477 1327 539 1348 cum
554 1321 587 1348 iis
601 1321 764 1352 rusticitate,
781 1320 828 1355 qui
845 1325 908 1347 ante
920 1320 1008 1354 ipsum
1023 1325 1088 1345 ροη-

297 1365 430 1394 summati
443 1365 566 1399 fuerant,
584 1366 712 1398 ferretur,
734 1365 887 1393 insimulari
910 1364 980 1399 apud
996 1371 1088 1399 persc-

298 1417 409 1440 cutores
419 1417 527 1447 cceptus
535 1417 586 1444 est,
598 1412 671 1447 quod
683 1412 786 1444 multis,
799 1412 844 1446 qui
859 1411 926 1438 salvi
939 1411 1043 1438 tit-rent.
1057 1417 1088 1437 ea

299 1458 481 1491 ministraret,
505 1466 567 1494 quae
582 1458 615 1485 ad
639 1458 759 1493 ipsorum
775 1457 891 1485 salutem
912 1456 1088 1491 pertinerent.

298 1504 416 1537 Quando
442 1503 612 1533 Diocletiano
639 1504 738 1531 merito
763 1511 796 1530 ex
825 1502 900 1529 fatali
926 1501 1090 1529 necessitate

300 1551 353 1577 vita
368 1549 424 1585 iam
443 1550 546 1583 functo,
564 1550 597 1582 is,
614 1550 660 1585 qui
673 1549 818 1577 adversum
837 1556 886 1576 nos
901 1548 1089 1580 exercebatur,

301 1595 379 1624 furor
399 1596 434 1624 ad
464 1596 601 1624 Licinium
627 1595 768 1631 delapsus,
791 1595 875 1622 veluti
903 1594 971 1622 diris
993 1593 1090 1620 devota
1105 1594 1126 1622 C

300 1642 424 1678 quaedam
454 1643 618 1675 haereditas,
642 1642 678 1670 ab
704 1642 751 1669 illo
780 1642 814 1669 ad
842 1642 915 1669 httnc
941 1639 1090 1668 miserabili

301 1689 409 1724 imperii
431 1690 520 1725 specie
543 1690 711 1725 impegisset.
731 1689 865 1717 Caeterum
884 1687 1014 1723 quoniam
1043 1687 1092 1714 ho-

303 1735 424 1762 rninibus
454 1743 536 1762 sensu
568 1735 726 1763 carentibus
758 1733 901 1762 tolerabile
926 1733 1011 1760 videri
1037 1740 1090 1759 non

302 1785 419 1815 poterat,
436 1781 458 1809 si
477 1781 504 1808 in
519 1781 614 1808 eodem
629 1789 692 1808 cum
713 1781 823 1816 pietatis
839 1779 992 1807 cultoribus
1013 1785 1093 1813 grege

304 1832 525 1859 numerarentur,
542 1827 576 1854 ab
595 1827 628 1854 iis
650 1827 741 1854 denuo
762 1827 917 1862 persecutio
935 1826 1068 1853 excitatur
1084 1832 1091 1851 :

305 1873 352 1900 sed
378 1873 405 1899 irt
427 1880 511 1899 unum
528 1872 645 1899 Abibutn
664 1876 720 1899 tota
742 1871 856 1906 periculi
881 1870 969 1897 moles
985 1870 1093 1897 incum-

306 1918 397 1951 beltal,
411 1919 490 1953 cuius
502 1919 667 1954 expugnatio
681 1917 793 1953 perinde
810 1917 902 1944 futttra
916 1916 1007 1950 impiis
1023 1919 1092 1947 erat,

305 1972 338 1991 ac
369 1965 392 1992 si
421 1969 536 1992 cunctos
565 1964 667 2000 pariter
703 1963 826 1991 funditus
857 1963 1031 1990 Christianos
1045 1962 1093 1989 dc-

305 2010 444 2038 levisscnt.

343 2077 414 2106 XIX.
431 2077 539 2113 Ubique
554 2078 740 2113 vestigabatur
755 2077 860 2105 Abibus
877 2083 926 2112 per
940 2077 999 2103 loca
1020 2075 1097 2102 babi-

308 2124 400 2151 taltilia
426 2124 686 2158 inhabitabiliaque,
715 2131 764 2151 nec
780 2127 871 2150 tanton
890 2130 1006 2156 ttsquaru
1021 2128 1097 2156 repe-

308 2169 363 2196 rire
393 2169 470 2196 illurn
501 2173 628 2204 poterant
653 2169 779 2196 homines
806 2168 888 2196 vafri.
917 2168 1008 2201 Itaque
1034 2174 1095 2194 cum

308 2215 494 2250 perquirendo
514 2215 588 2248 fessi,
605 2223 682 2255 spem
703 2215 759 2250 iant
783 2215 882 2250 praeda:
897 2222 1007 2241 omnem
1023 2213 1098 2248 abie-

1134 979 1161 1005 in
1179 976 1287 1013 pietatis
1301 974 1408 1003 cultura
1427 981 1545 1010 gessere,
1570 979 1598 1001 et
1622 972 1693 1001 sacri
1719 970 1836 1003 ordinis,
1859 977 1922 1005 pro-

1135 1028 1225 1058 pterea
1246 1022 1319 1056 qttod
1339 1020 1445 1047 Abibus
1461 1020 1596 1047 diaconus
1620 1024 1712 1050 esset,
1728 1024 1823 1044 orrtnes
1849 1015 1924 1042 fuere

1134 1072 1286 1096 consortes.
1303 1065 1444 1100 Siquidem
1465 1065 1493 1091 in
1509 1063 1640 1091 societate
1654 1069 1716 1098 quae
1728 1068 1824 1088 eorum
1841 1059 1922 1094 quis-

1135 1121 1191 1149 que
1218 1113 1312 1143 habet,
1329 1119 1362 1140 ca
1378 1109 1565 1138 communicat
1581 1108 1672 1139 alteri,
1696 1111 1724 1135 et
1743 1105 1848 1134 mutuis
1867 1103 1925 1131 σαὶ·

1135 1160 1186 1187 ciis
1210 1157 1310 1193 singuli
1333 1156 1394 1192 eius
1411 1156 1451 1184 rei
1473 1154 1622 1191 participes
1640 1154 1718 1185 fiunt,
1744 1152 1771 1178 in
1786 1158 1839 1186 qtta
1856 1150 1926 1177 alter

1135 1204 1253 1232 excellit.
1280 1203 1412 1236 Quinimo
1436 1202 1494 1237 (sed
1517 1200 1636 1228 fortasse
1659 1197 1740 1226 alicui
1765 1196 1868 1224 nimius
1884 1195 1927 1222 vi-

1137 1249 1238 1284 debor)
1257 1249 1280 1277 si
1295 1255 1357 1276 cum
1380 1248 1413 1275 iis
1424 1267 1431 1280 ,
1448 1254 1510 1282 qua:
1525 1245 1676 1273 secundum
1693 1243 1834 1271 Christum
1851 1245 1925 1271 sunt.

1138 1297 1314 1324 conferantur
1339 1293 1557 1321 animadvertere
1584 1290 1664 1318 facile
1683 1289 1847 1324 poterimus,
1866 1286 1929 1321 qui-

1138 1343 1253 1371 busdam
1266 1342 1293 1369 iu
1306 1341 1387 1368 rebus
1402 1346 1449 1367 eos
1462 1338 1618 1374 superiores
1635 1336 1768 1364 exsistere
1802 1343 1809 1361 :
1828 1338 1929 1368 marty-

1139 1388 1216 1416 ribus
1241 1386 1363 1422 quidem.
1393 1385 1435 1412 via
1456 1388 1520 1412 ante
1551 1383 1712 1418 martyrium
1738 1379 1892 1407 monacbali
1919 1386 1927 1404 :

1140 1433 1281 1462 monachis
1294 1440 1367 1465 vero,
1383 1430 1515 1466 martyrio
1532 1439 1539 1457 :
1557 1427 1722 1463 martyribus
1740 1431 1863 1456 rursum,
1881 1423 1930 1458 qui

1140 1481 1167 1508 in
1183 1479 1348 1508 militaribus
1367 1482 1416 1506 aut
1439 1476 1569 1505 civilibus
1589 1482 1619 1503 se
1635 1473 1795 1502 muneribus
1813 1478 1931 1505 occupa-

1141 1531 1218 1556 rent.
1242 1532 1292 1557 eo,
1318 1524 1363 1559 qni
1392 1531 1424 1551 ex
1456 1520 1621 1550 sacerdotali
1650 1519 1783 1554 dignitate
1800 1516 1932 1552 splendor

1142 1572 1262 1606 effulget.
1298 1570 1374 1597 Talis
1400 1569 1488 1597 beatis
1516 1567 1582 1594 viris
1610 1573 1709 1594 cursus
1742 1564 1808 1596 fuit,
1837 1567 1932 1590 tantus

1144 1618 1222 1645 labor
1242 1627 1249 1644 τ
1272 1615 1430 1651 huiusmodi
1455 1615 1482 1641 in
1500 1614 1579 1641 terris
1593 1612 1756 1648 periculum,
1773 1607 1931 1644 huiusmodi

1143 1664 1254 1700 praemia
1269 1662 1510 1691 celeberrimorum
1524 1660 1622 1688 ltorum
1639 1658 1774 1685 laborum.

1179 1710 1250 1737 XXI.
1267 1710 1339 1737 Inter
1351 1715 1412 1744 qua;
1427 1707 1494 1734 illud
1507 1711 1618 1741 quoque
1632 1703 1709 1732 nullo
1726 1702 1808 1731 modo
1823 1700 1934 1729 silentio

1145 1755 1374 1792 praetereundum,
1390 1754 1425 1781 de
1448 1753 1549 1788 puella.
1569 1751 1642 1786 qttod
1661 1754 1772 1785 propter
1788 1748 1827 1775 rei
1845 1746 1936 1774 admi-

1146 1802 1309 1830 rabilitatem
1325 1808 1433 1828 omnem
1449 1799 1644 1835 propemodum
1666 1796 1744 1823 fidem
1775 1797 1935 1828 exsuperat.

1147 1848 1247 1876 Vivens
1262 1853 1381 1881 namque
1396 1846 1464 1877 haec,
1489 1852 1551 1871 cum
1570 1843 1605 1870 ab
1622 1840 1760 1870 sceleratis
1776 1838 1935 1867 hominibus

1148 1894 1175 1922 in
1199 1893 1354 1929 sepulcrum
1380 1898 1476 1919 recens
1500 1889 1679 1917 cadaveribus
1706 1887 1835 1922 plenum,
1863 1888 1937 1911 esset

1148 1939 1267 1973 deiecta,
1282 1937 1310 1964 in
1335 1937 1447 1972 regione
1462 1936 1590 1967 barbara,
1608 1939 1692 1968 atque
1710 1940 1725 1959 a
1741 1931 1829 1967 patria
1850 1930 1937 1965 ipsius

1149 1985 1229 2020 longe
1259 1982 1445 2011 remotissima
1475 1989 1482 2008 :
1517 1980 1563 2008 ubi
1595 1983 1754 2007 sanctorum
1785 1980 1937 2011 martyrum

1150 2031 1229 2058 Iidem
1257 2029 1385 2067 precibus
1419 2026 1592 2062 imploravit,
1631 2031 1748 2059 quorum
1776 2023 1859 2049 etiam
1888 2027 1940 2055 ope

1151 2075 1237 2108 freta,
1253 2075 1362 2110 longam
1390 2073 1460 2100 adeo
1487 2071 1735 2107 peregrinationem
1759 2070 1939 2102 susceperat.

1151 2119 1305 2148 certissime
1317 2117 1388 2153 quod
1403 2121 1587 2151 exspectarat,
1599 2119 1746 2143 consecuta
1760 2118 1811 2141 est.
1821 2112 1941 2148 Vespero

1151 2166 1224 2192 enim
1247 2172 1309 2192 cum
1327 2164 1354 2191 in
1378 2169 1486 2191 summa
1507 2161 1595 2198 posita
1611 2165 1685 2189 esset
1704 2158 1896 2194 desperatione
1913 2161 1942 2184 et

1151 2212 1226 2245 fietu,
1250 2212 1319 2239 bene
1336 2217 1416 2238 mane
1429 2209 1535 2245 patriai,
1551 2207 1642 2240 matri,
1659 2205 1764 2233 tumulo
1782 2209 1942 2232 sanctorum

309 2262 422 2293 cisscnl,
448 2261 516 2296 ipse,
537 2249 856 2296 quemiinsectabanlur,
882 2260 955 2288 ultro
980 2267 1010 2287 se
1024 2267 1098 2294 quat-
1115 2270 1136 2298 ι)
1151 2266 1213 2286 cum
1229 2257 1320 2285 laetitia
1338 2256 1462 2284 restituta
1487 2260 1540 2287 est,
1563 2253 1724 2281 mirabiliter
1739 2251 1836 2279 educta
1851 2249 1886 2276 de
1899 2256 1943 2276 se-

310 2307 433 2334 rentibus
443 2307 564 2338 exhibet,
581 2313 664 2341 atque
683 2306 716 2333 ad
732 2307 852 2342 iudicetn
872 2305 1067 2336 introducitur,
1081 2311 1097 2331 a

310 2360 376 2387 quo,
396 2352 525 2387 quoniam
542 2352 651 2380 difﬁcile
666 2352 819 2385 videbatur,
834 2359 896 2379 eum
917 2351 990 2378 dicto
1007 2350 1100 2385 aliqtto

311 2398 469 2426 factoreab
491 2402 565 2425 certa
591 2405 642 2426 sua
666 2398 700 2425 de
719 2405 786 2425 sana
811 2397 943 2432 religione
965 2396 1100 2424 sententia

311 2443 461 2475 dimoveri,
489 2451 537 2478 per
564 2443 653 2479 ignem
682 2443 715 2470 ad
745 2451 826 2474 ettrrt,
853 2442 933 2477 cuius
964 2441 1101 2469 desiderio

311 2489 455 2522 aestuabat,
465 2489 565 2524 ignitus
580 2493 687 2516 amator
698 2489 844 2517 dimittitur
860 2496 867 2515 τ
896 2493 978 2523 atque
999 2488 1036 2514 ita
1057 2487 1102 2519 iis,

312 2536 358 2571 qui
381 2544 443 2564 eum
479 2540 703 2566 antecesserant,
729 2535 895 2570 martyribus
921 2535 1013 2567 datur,
1037 2541 1104 2561 con-

312 2589 430 2616 sorsque
456 2581 574 2616 srpnlcri
595 2589 691 2609 earum
717 2581 842 2614 ellieitur,
869 2580 1101 2615 qucruadmodum

313 2629 395 2656 etiam
413 2628 537 2656 laborum
555 2633 582 2655 et
599 2629 693 2664 gloriae
715 2632 779 2655 autc
799 2628 826 2655 irt
843 2632 995 2655 mercatura
1012 2626 1104 2655 socius

315 2674 415 2706 fuerat.
427 2674 563 2708 Quoniam
577 2675 659 2702 etiam
669 2674 753 2702 simili
770 2674 851 2701 modo
865 2674 989 2701 viceruttt
1005 2672 1106 2707 princi-

317 2725 397 2756 patus
428 2721 549 2756 pestifcri
581 2721 732 2753 daemonis,
762 2724 928 2755 superarunt
956 2723 1106 2754 potestates

318 2766 413 2794 mundi
431 2767 523 2802 huius,
539 2766 679 2801 cortiuncti
695 2771 760 2794 sunt
777 2774 840 2793 cum
859 2765 974 2801 angelis,
989 2765 1106 2793 transic-

319 2819 384 2840 rttrtt
402 2813 434 2840 ad
448 2813 606 2841 certaminis
622 2813 756 2839 arbitrum
774 2811 926 2844 Christum,
947 2811 1047 2838 sudore
1063 2810 1108 2838 ad-

320 2858 374 2885 huc
401 2859 588 2894 sanguineque
609 2859 645 2886 ob
669 2859 818 2886 exhaustos
836 2857 870 2889 ,in
888 2857 978 2884 stadio
1002 2857 1108 2885 labores

283 2910 287 2915 ”
315 2905 525 2941 certaminaque
537 2906 687 2938 madentes,
701 2905 815 2940 porrigit
827 2904 866 2933 eis
877 2904 1017 2933 dexteram
1036 2912 1109 2940 agre-

1150 2305 1256 2340 pulcro,
1274 2306 1368 2338 utpote
1379 2309 1441 2337 quas
1453 2308 1467 2327 a
1479 2298 1746 2328 circumsedentibus
1763 2297 1829 2324 illud
1847 2299 1942 2323 custo—

1149 2351 1230 2379 dibus
1251 2349 1336 2377 videri
1359 2347 1528 2383 nequiverit,
1545 2345 1707 2373 admiranda
1735 2343 1853 2379 quadam
1871 2341 1943 2369 cele-

1151 2397 1231 2424 ritate
1255 2395 1290 2422 ab
1321 2394 1355 2422 iis
1385 2392 1447 2420 inde
1467 2395 1617 2426 asportata.
1649 2389 1789 2425 Siquidem
1815 2388 1884 2415 albis
1904 2386 1943 2413 illi

1151 2443 1219 2470 vecti
1249 2441 1328 2476 eqttis
1351 2440 1380 2475 (ο
1400 2439 1497 2466 miram
1517 2441 1677 2465 sanctorum
1705 2436 1732 2463 in
1757 2435 1866 2463 ferenda
1891 2440 1945 2468 ope

1152 2487 1394 2525 promptitudinem
1419 2490 1500 2520 atque
1524 2482 1722 2517 celeritatem!)
1737 2489 1799 2509 cum
1826 2479 1944 2515 puellam

1153 2535 1344 2570 appellassent,
1360 2536 1441 2567 atque
1456 2533 1482 2559 in
1497 2538 1583 2566 equos
1598 2529 1787 2558 sustulissent.
1801 2533 1861 2554 eam
1874 2526 1945 2552 intra

1153 2581 1296 2608 delubrum
1326 2586 1406 2607 suum
1432 2578 1567 2608 intulere.
1597 2576 1668 2603 unde
1692 2575 1775 2603 etiam
1799 2572 1946 2600 scelestum

1154 2627 1235 2663 paulo
1265 2631 1327 2654 ante
1355 2626 1443 2652 virnrn
1471 2621 1830 2655 assectabantur,valibus
1858 2619 1892 2646 iis
1912 2617 1948 2644 ab

1155 2681 1188 2701 eo
1203 2673 1322 2707 acceptis
1334 2682 1341 2698 :
1355 2671 1402 2706 qui
1415 2670 1483 2703 dati,
1500 2669 1674 2697 sanctissime
1686 2665 1949 2702 religiosissimoth

1156 2720 1247 2747 datam
1270 2719 1350 2745 fidem
1364 2721 1518 2750 servarunt,
1538 2718 1565 2743 et
1581 2714 1644 2742 huic
1658 2714 1785 2744 salutem,
1802 2716 1829 2739 ct
1842 2711 1880 2737 illi
1899 2710 1947 2745 qui

1158 2766 1236 2793 fidem
1251 2764 1410 2796 violaverat,
1425 2764 1553 2790 meritum
1575 2761 1656 2796 paulo
1674 2764 1735 2795 post
1751 2757 1864 2785 exitium
1879 2760 1950 2782 attu-

1159 2814 1259 2840 lerunt.
1279 2809 1302 2838 0
1317 2813 1469 2838 servatores
1482 2809 1585 2835 Celeres
1613 2804 1805 2840 expeditique!
1829 2805 1850 2829 υ
1868 2801 1948 2828 tidem

1159 2862 1277 2886 vestram
1302 2856 1507 2892 implorantium
1543 2853 1686 2888 adiutores
1711 2850 1814 2878 strenui
1844 2848 1950 2875 invicti-

1161 2914 1213 2941 qttc
1234 2905 1240 2930 !
1257 2903 1280 2931 0
1296 2903 1327 2931 ad
1345 2911 1388 2934 ea,
1405 2910 1465 2937 qua:
1485 2899 1682 2936 spopondistis,
1698 2895 1876 2932 persulvcnda
1892 2894 1953 2920 sine
