2092 3157
181 211 232 242 791

634 211 776 241 ORATIO
796 211 845 242 DE
868 212 1075 243 TRANSLAT.
1098 213 1127 243 S.
1148 213 1351 244 EUTHYMH.

1745 215 1800 247 793

179 274 254 294 mora
274 265 481 300 promptissimi,
511 271 536 292 et
555 266 582 292 itt
610 266 757 293 tribuendo
775 266 848 300 quod
865 267 964 301 cuique
979 275 998 298 Α
1013 273 1142 302 praeterea
1153 270 1235 295 etiam
1248 269 1419 296 sanctitatem
1430 277 1437 295 :
1449 275 1531 303 quam
1544 268 1654 296 aliunde
1662 277 1795 304 nusquam

175 311 312 342 convenit,
334 311 447 338 tttinitue
465 311 541 338 lenti.

211 355 292 383 XX'II.
308 355 427 384 Prorsus
449 356 505 391 jam
516 377 524 389 ,
540 364 557 383 ο
584 364 662 384 sacer
676 361 840 387 conventus.
858 364 891 384 ac
907 357 962 384 Dro

174 401 264 429 dicata
282 401 389 433 concio,
421 402 487 429 mihi
506 403 616 437 quidem
637 403 776 438 persoluta
802 409 877 435 suttt,
903 411 964 438 qua:

174 446 252 473 vobis
266 453 341 473 eram
356 446 503 480 pollicitus,
519 452 546 473 et
561 447 693 475 orationis
708 455 785 475 creua
802 453 896 482 parata
910 454 962 481 est,

175 496 201 518 et
214 498 274 525 quae
287 491 319 518 ad
333 493 553 526 repra-sctttanda
570 497 720 528 martyrum
738 494 887 520 certamina
903 500 963 528 pcr-

174 536 315 569 tinebant,
331 537 414 563 veluti
431 537 457 563 in
480 537 543 564 albo
558 538 667 565 aurium
683 543 837 566 vestrarum
861 546 910 573 pro
926 539 965 564 vi-

177 582 254 609 ribus
275 581 410 609 delineata
434 589 449 610 a
466 582 545 610 nobis
561 587 636 610 sunt.
660 583 715 611 Vos
730 591 797 611 vero
811 584 899 618 quid?
916 583 963 618 qui

176 627 210 655 ad
227 627 299 654 diem
319 626 418 654 festum
435 627 614 660 convenistis,
628 628 675 662 qui
688 628 807 655 conviva:
824 628 901 660 estis,
917 629 965 663 qui

176 672 330 704 auditores,
346 673 393 708 qui
404 680 470 701 oves
482 675 587 701 ratione
595 673 713 708 praedita:
730 683 737 701 :
750 674 827 708 quid,
841 674 963 709 inquam,

176 718 384 746 cuui'essoribus
407 719 482 746 hisce
506 720 684 755 martyribus,
707 719 772 754 quid
789 720 853 747 item
870 726 964 747 contra

178 764 257 792 nobis
281 765 444 799 reponetis?
469 764 604 792 Nimirum
621 765 681 792 illos
707 766 816 799 quident
839 766 965 801 hymnis,

176 809 359 845 laudibusque
387 811 609 846 prosequemini,
638 816 665 839 et
694 819 755 846 qua:
781 811 851 838 bona
884 816 964 844 suttt,

177 862 284 882 summa
299 862 352 890 ope
368 855 456 890 magis
479 862 513 883 ac
526 856 613 890 magis
636 855 662 882 in
681 856 739 883 dies
753 855 852 882 set-tari
876 855 966 883 stude-

175 900 243 928 bitis
256 909 263 928 :
276 900 410 936 siquidem
430 906 537 936 gratum
550 901 716 937 martyribus
723 906 775 934 est,
789 901 811 929 si
823 901 874 929 hoc
885 902 967 929 modo

1013 313 1126 347 adipisci
1142 314 1205 348 quis
1216 317 1309 348 queat.
1321 320 1403 347 quant
1416 313 1557 345 membris,
1568 320 1630 348 qum
1641 318 1705 341 sunt
1717 321 1798 348 super

1014 365 1130 389 terram.
1154 359 1361 386 mortit‘tcandis.
1383 358 1442 392 Quo
1464 359 1575 393 quidem
1595 359 1705 386 nomine
1726 360 1799 386 arbi-

1013 409 1071 432 tror
1099 412 1149 440 ego
1175 406 1257 432 vitam
1280 413 1341 432 eam
1369 405 1518 440 appellari.
1548 412 1610 440 quae
1634 405 1798 433 turbulentis

1013 450 1097 478 animi
1123 451 1242 477 motibus
1265 451 1383 478 obnoxia
1407 455 1459 478 est.
1484 450 1526 477 llll
1544 457 1608 477 vero
1627 452 1799 478 sanet'dicare

1014 504 1062 523 vos
1074 495 1254 529 dedicarequc
1268 503 1376 522 summo
1390 495 1482 523 studio
1497 495 1612 528 debetis,
1627 496 1673 531 qui
1689 496 1733 528 iis,
1751 496 1798 531 qui

1013 547 1061 567 cor
1073 548 1087 567 a
1105 540 1292 568 materialibus
1305 540 1434 568 sordibus
1447 546 1642 576 expurgarunt,
1656 542 1798 577 praemium

1014 586 1079 613 ilhtd
1096 586 1227 620 largitur,
1254 589 1284 612 ut
1309 593 1339 613 se
1364 586 1438 613 clare
1461 585 1636 620 pervideant,
1652 592 1680 614 et
1695 587 1798 615 coelesti

1015 630 1059 658 illa
1075 630 1159 665 gloria
1175 630 1295 657 indidem
1310 630 1484 665 impleantur,
1501 636 1531 657 ut
1543 630 1660 665 Moyses.

1051 675 1096 702 Sic
1110 675 1218 710 quidem
1235 682 1286 710 ego
1306 679 1383 710 pater
1400 680 1500 709 vester,
1517 683 1565 703 vos
1579 683 1643 703 vero
1657 676 1716 709 illii,
1733 676 1800 703 cha-

1017 721 1156 748 rissimum
1171 726 1197 748 et
1211 721 1439 749 amabilissimum
1451 729 1550 749 nomen
1565 722 1735 749 inveniemus
1746 722 1803 748 for-

1017 771 1100 800 tasse,
1113 775 1175 795 cum
1188 767 1222 793 ad
1238 767 1423 794 luereditatem
1443 766 1517 794 illam
1534 771 1663 794 aeternam
1676 767 1800 794 translati

1016 813 1131 844 erimus,
1150 818 1179 839 ιιι
1194 813 1285 840 vivere
1305 820 1358 839 una
1375 813 1525 847 possimus,
1538 812 1676 846 simulque
1690 813 1775 839 laetari
1793 821 1800 839 :

1016 861 1126 895 quando
1157 860 1281 887 videlicet
1315 859 1398 887 etiam
1429 867 1530 887 corona
1569 860 1740 894 gloriationis
1769 860 1803 886 de

1017 906 1095 934 vobis
1108 906 1282 938 honestatus,
1305 906 1339 933 ad
1352 913 1525 933 communem
1543 905 1687 932 Dominum
1710 905 1804 932 excla-

179 945 239 974 I’esti
266 953 362 973 eorum
377 947 435 974 dies
455 936 636 975 celebrentur.
663 947 722 976 lloc
739 947 820 975 modo
838 952 966 975 strenuos
980 936 1004 966 Β
1018 951 1109 983 mabo,
1126 952 1197 978 Ecce
1210 936 1280 985 ego,
1300 955 1327 977 ct
1345 951 1433 985 pueri,
1449 958 1519 985 quos
1533 950 1630 978 dedisti
1654 951 1733 982 mihi,
1749 951 1803 977 υο-

177 990 278 1018 Christi
295 991 397 1026 pugiles
416 992 551 1020 honorare
575 992 711 1020 laudabile
724 996 777 1025 est,
796 992 844 1020 tali
861 992 964 1024 studio,

180 1036 280 1064 talibus
298 1035 433 1065 fructibus
448 1046 455 1064 :
471 1037 553 1065 nobis
568 1045 633 1065 vero
653 1038 837 1066 obedientiam
852 1043 966 1073 praesta-

181 1082 256 1116 bilis,
270 1083 522 1116 mansuetudinem,
536 1091 630 1119 pacem
643 1089 725 1119 atque
739 1084 926 1117 concordiam,
939 1088 968 1112 et

187 1190 231 1193 ___
295 1190 322 1204 ες
348 1190 382 1203 κ
413 1190 628 1204 ==_._____.

1019 996 1093 1023 utine
1119 1004 1126 1022 :
1146 995 1197 1030 ipsi
1213 995 1299 1031 gloria
1318 1000 1346 1023 et
1359 995 1504 1030 imperiuut
1525 995 1553 1022 in
1575 995 1674 1022 saecula
1689 994 1791 1023 saeculo

1018 1048 1093 1069 rum.
1109 1041 1205 1069 Amen.

528 1291 876 1354 ARETHfE
919 1290 1459 1358 GZESARIENSIS

924 1407 1045 1434 ORATIO

480 1493 529 1525 DE
549 1493 848 1524 TBANSLATIO‘NE
867 1492 897 1524 S.
921 1492 1107 1523 EUTHYMII
1131 1492 1426 1524 ARCHEEPISCOPI
1451 1495 1508 1525 ΟΡ.

745 1585 796 1616 Ad
817 1583 994 1624 sepulcrum
1014 1583 1103 1615 illius
1122 1584 1242 1615 habita.

351 1669 436 1703 (Apud
451 1668 594 1694 Ltromntnt
608 1667 644 1693 De
658 1665 714 1693 vilis
725 1669 872 1696 sanctarum,
886 1665 999 1691 Venetlis
1013 1665 1056 1690 153
1062 1665 1082 1695 ι,
1095 1664 1129 1695 4⁸,
1143 1668 1201 1690 tum.
1221 1665 1263 1696 Ill,
1277 1675 1285 1689 I
1303 1666 1439 1698 interprete
1456 1668 1508 1692 viro
1520 1668 1599 1693 docto,
1616 1669 1642 1699 ι)

222 1818 292 1852 Quid
304 1819 357 1847 ltoc
369 1823 422 1851 est,
439 1826 516 1846 sacer
532 1823 694 1850 conventus.
705 1818 851 1847 hiet-editas
866 1818 975 1846 saucti—
988 1826 1010 1855 α
1026 1818 1160 1853 siquidem
1177 1817 1307 1845 memoria
1335 1817 1402 1852 justi
1415 1825 1477 1845 cum
1501 1816 1716 1852 laudationibus,
1735 1820 1811 1855 atqui

190 1866 280 1898 Beata,
307 1866 408 1901 populo
424 1865 478 1893 Deo
494 1865 601 1893 amate?
623 1866 686 1900 quis
714 1874 800 1894 novus
824 1870 915 1893 vester
931 1866 977 1893 ille

191 1919 344 1939 concursus
361 1915 390 1939 et
402 1911 562 1939 inusitatum
579 1912 718 1939 solemne!
731 1916 822 1946 utpote
840 1912 885 1939 ubi
901 1912 976 1939 nulla

189 1957 290 1985 laetitia:
306 1958 396 1993 signa,
418 1957 492 1984 nulla
510 1957 652 1992 amplioris
662 1957 802 1992 dignitatis
811 1963 976 1992 appareant;

189 2008 339 2038 contraque
361 2003 450 2038 potius
471 2003 516 2030 ubi
534 2003 602 2030 nihil
623 2010 677 2029 non
698 2003 775 2029 triste
790 2010 820 2030 ac
836 2007 976 2035 moestum,

191 2047 257 2074 nihil
275 2056 327 2075 non
337 2047 508 2075 lamentabile
523 2054 556 2075 ac
566 2047 663 2079 ﬂebile,
672 2046 737 2073 nihil
747 2054 799 2073 non
810 2054 904 2073 eorum
917 2053 978 2081 qua

191 2093 218 2120 in
232 2093 359 2120 maximis
371 2092 574 2120 ealautitatibus
589 2091 731 2119 acerbitati
748 2099 780 2118 ac
793 2092 903 2119 mterori
917 2098 980 2119 csso

192 2139 338 2166 horninibus
365 2142 577 2171 consueverunt,
606 2145 666 2165 sese
696 2138 836 2172 copiosum
851 2137 976 2169 etl‘undit,

194 2188 222 2211 ut
244 2191 258 2211 a
284 2184 392 2212 cunctis
412 2184 620 2219 propemodum,
638 2184 712 2210 velut
733 2183 768 2210 ab
785 2191 839 2210 uno
859 2183 979 2211 ttinebris

193 2229 286 2257 haberi
307 2229 395 2257 oratio
412 2230 558 2257 videatur?
575 2229 643 2263 Quae
657 2229 706 2256 ista
720 2229 803 2264 igitur
816 2230 885 2256 adeo
897 2229 980 2256 velte—

195 2283 274 2303 mcns
285 2280 327 2303 est
339 2276 438 2311 plaga?
449 2276 547 2310 quisve
557 2275 618 2304 iste.
631 2275 678 2310 qui
704 2279 803 2310 praeter
813 2282 914 2302 morr-ut
931 2282 980 2302 no-

192 2325 279 2348 strum
291 2321 413 2348 omnium
426 2322 534 2348 animos
546 2321 689 2355 occupavit
697 2321 776 2348 dolor
783 2321 831 2347 ?nt
840 2328 874 2348 ne
884 2321 979 2348 oculos

192 2366 303 2400 quidem
330 2366 555 2402 a'lacrymarum
588 2365 698 2393 tristitia
729 2373 831 2393 vacuos
869 2365 979 2392 tollendi

193 2412 308 2439 liberam
334 2412 410 2440 vobis
429 2412 585 2439 facultatem
602 2411 761 2446 permittat?
773 2411 909 2439 Nimirum
927 2411 981 2438 Eu-

194 2459 324 2494 thymius,
346 2467 461 2494 magnus
485 2459 531 2487 ille
557 2459 604 2486 Dei
628 2459 759 2494 pontifex,
779 2459 980 2486 lamentationis

1011 1865 1147 1892 ‘laudatio
1167 1864 1246 1891 hilari
1269 1863 1420 1898 gratiarum
1444 1868 1472 1891 et
1488 1865 1597 1892 laudum
1615 1865 1733 1897 actione,
1757 1874 1811 1893 tton

1028 1909 1098 1937 tristi
1130 1908 1324 1936 lamentatiorte
1349 1912 1376 1935 et
1407 1908 1482 1936 luctu
1512 1909 1612 1943 quibus
1635 1917 1683 1937 vos
1712 1911 1813 1938 turbati

1028 1963 1101 1983 nunc
1124 1955 1202 1986 estis,
1229 1954 1362 1981 contineri
1386 1954 1466 1982 solita
1489 1959 1541 1982 est.
1568 1953 1627 1982 Non
1645 1960 1718 1988 sunt,
1746 1957 1815 1983 mihi

1028 2001 1142 2031 credite,
1168 2001 1219 2027 ista
1246 2000 1386 2026 hominum
1411 1999 1458 2033 qui
1482 2007 1543 2027 esse
1562 2000 1692 2028 moderati
1720 2001 1816 2032 velint,

1028 2048 1116 2075 aliena
1132 2051 1195 2074 sunt
1208 2054 1224 2073 a
1249 2054 1327 2081 grcge
1346 2051 1512 2080 nostroquae
1524 2053 1538 2072 a
1556 2045 1632 2073 Vobis
1646 2054 1719 2073 nunc
1735 2047 1812 2074 ﬁunt.

1028 2092 1154 2119 Surrexit
1174 2091 1207 2118 ad
1224 2099 1297 2123 eum,
1318 2091 1397 2126 cujus
1414 2091 1552 2119 desiderio
1565 2091 1717 2126 tenebatur,
1734 2100 1818 2128 egre—

1030 2137 1091 2173 gius
1116 2141 1237 2170 amator;
1262 2143 1375 2172 peregre
1404 2135 1438 2163 ad
1461 2136 1648 2164 munerarium
1675 2137 1818 2172 profectus

1029 2188 1071 2211 est
1085 2190 1192 2215 cursor,
1217 2182 1250 2209 ad
1280 2190 1342 2209 cum
1376 2182 1448 2210 unde
1471 2182 1590 2217 legitime
1616 2183 1668 2218 ipsi
1693 2183 1818 2211 dandum

1030 2229 1171 2264 praemium
1191 2232 1260 2260 erat,
1275 2227 1342 2255 abiit
1361 2228 1474 2256 illustris
1501 2229 1695 2264 paucraliasla,
1711 2230 1819 2257 sudore

1029 2275 1180 2302 etiamnum
1210 2282 1242 2302 ex
1259 2274 1411 2302 vehementi
1429 2282 1444 2302 a
1460 2283 1490 2303 se
1506 2275 1630 2303 adhibita
1643 2276 1670 2303 in
1685 2277 1819 2304 certauich

1031 2320 1206 2347 contentione
1239 2319 1365 2354 madens,
1390 2326 1472 2355 atque
1505 2328 1540 2348 ex
1572 2321 1665 2349 labore
1694 2329 1821 2351 cursui-ae

1031 2365 1149 2400 graviter
1169 2365 1311 2398 anhelans,
1330 2373 1444 2401 seseque
1469 2367 1513 2394 vix
1531 2375 1586 2402 pra:
1604 2368 1764 2395 lassitudine
1783 2377 1820 2397 ac

1031 2411 1129 2438 virium
1146 2411 1230 2438 anitni
1243 2411 1438 2445 imbecillitate,
1455 2418 1621 2447 sustentans,
1641 2415 1673 2441 azl
1691 2419 1815 2449 paratam

1032 2457 1084 2485 sibi
1098 2457 1124 2484 in
1141 2458 1225 2484 altera
1251 2458 1306 2485 vita
1329 2458 1449 2492 requiem
1475 2460 1606 2494 pervenit,
1624 2460 1701 2494 cujus
1722 2469 1736 2487 a
1758 2469 1818 2487 utn-

194 2504 273 2531 vobis
293 2504 373 2532 istius
391 2512 476 2532 causa
499 2505 561 2537 fuit,
582 2505 714 2532 innocens
730 2505 863 2540 iniuriose
880 2510 979 2532 tracta-
997 2505 1018 2532 D
1033 2503 1118 2531 lestiis
1133 2504 1261 2530 omnibus
1278 2511 1369 2531 vacua:
1385 2503 1441 2538 jam
1460 2504 1546 2532 factus
1565 2510 1607 2532 est
1626 2505 1771 2540 particeps.
1785 2505 1814 2531 ltt

195 2553 250 2580 tus,
266 2557 280 2576 a
296 2550 360 2577 sede
377 2558 427 2577 sua
445 2550 542 2585 procul
556 2551 726 2583 exturbatus,
747 2551 781 2578 ab
795 2551 876 2586 impia
893 2552 980 2579 scele-

196 2598 319 2620 ratorum
353 2602 435 2621 manu
464 2595 619 2627 damnatus,
646 2600 735 2623 morte
762 2603 835 2623 nunc
862 2595 981 2630 denique

197 2639 339 2673 multatus,
363 2644 445 2675 atque
472 2640 502 2667 in
516 2639 545 2667 id
569 2644 720 2674 postremo,
743 2641 816 2676 quod
848 2640 893 2669 hic
916 2645 979 2668 ante

196 2685 291 2712 oculos
310 2686 429 2719 positum
445 2690 498 2719 est,
511 2687 664 2721 sepulcrum
683 2687 783 2713 illatus.

231 2729 265 2756 Et
289 2731 355 2763 quid
385 2731 494 2763 borum,
525 2738 630 2764 qureso,
658 2738 786 2764 maguum
812 2730 879 2758 adeo
902 2731 980 2759 vobis

197 2775 320 2802 excitare
333 2775 428 2802 il-rtum
440 2775 558 2803 debuit?
570 2776 625 2802 imo
647 2783 709 2802 vero
726 2776 793 2810 quid
809 2774 861 2809 est,
880 2777 907 2804 in
924 2783 982 2812 quo

198 2829 254 2848 non
266 2830 373 2849 summa
388 2830 448 2851 esse
470 2822 562 2850 laetitia
578 2831 740 2858 sumntaquc
763 2824 921 2858 incunditas
934 2825 982 2852 de-

199 2866 281 2894 beat?
291 2868 390 2900 quidve
399 2868 546 2903 ejusmodi,
556 2876 611 2902 quo
622 2877 674 2896 non
688 2869 788 2904 quivis,
798 2869 867 2905 quia
882 2870 982 2898 szeeulo

198 2911 253 2940 Deo
281 2914 316 2941 sit
332 2919 521 2947 consecratus,
546 2915 620 2943 velut
645 2915 806 2944 honestatus
829 2916 982 2952 glorietur?

1034 2556 1064 2575 ca
1084 2548 1302 2583 pulchritudines
1327 2548 1412 2583 ipsas,
1435 2557 1550 2584 quarunt
1571 2558 1654 2577 causa
1677 2551 1704 2577 itt
1730 2555 1818 2577 certa-

1033 2594 1107 2620 mina
1121 2594 1166 2620 illa
1189 2594 1379 2628 descenderat,
1394 2595 1450 2630 jam
1467 2597 1676 2630 contemplatur,
1694 2596 1819 2623 laborum

1036 2646 1148 2666 suorum
1168 2639 1279 2673 pra-mia
1295 2640 1328 2667 de
1345 2648 1434 2667 rerum
1452 2641 1573 2667 ontniutn
1590 2645 1699 2674 poteme
1716 2640 1819 2673 acet-pit

1035 2684 1157 2718 dextera,
1182 2689 1340 2720 aeternaque
1367 2685 1467 2720 potitur
1487 2687 1664 2713 beatitudine.
1684 2686 1818 2719 Quocirca

1035 2731 1134 2767 gaudio
1165 2731 1288 2763 exsilire.
1314 2732 1461 2766 laetitiaque
1487 2732 1576 2760 cﬂerri
1604 2738 1722 2768 oportet,
1746 2735 1818 2769 quod

1032 2777 1189 2805 ctelestihus
1209 2777 1252 2804 illo
1267 2779 1371 2813 potitur
1395 2778 1525 2813 pratmiis,
1547 2779 1620 2814 quod
1637 2780 1818 2815 lacrymarum

1031 2831 1143 2859 suarum
1177 2824 1319 2856 sementis,
1344 2832 1426 2858 quattt
1449 2824 1518 2852 ﬂens
1541 2825 1641 2860 sparsit
1663 2825 1689 2852 in
1707 2831 1818 2859 terram,

1032 2877 1104 2897 nunc
1121 2870 1244 2903 gaudens
1262 2870 1419 2904 manipulos
1439 2869 1544 2905 colligit
1561 2879 1594 2898 ac
1609 2871 1704 2898 beatus
1725 2871 1820 2898 trimu-

1031 2917 1109 2951 pltat.
