2092 3157
263 193 317 224 799

670 188 834 218 ARETIl/E
855 186 1044 218 CrESAREE
1064 185 1304 217 CAPPADOCl/E
1330 184 1500 216 EPISCOPI

1838 185 1891 218 800

302 247 342 274 ’l‘u
356 253 421 274 vero
439 245 539 281 quibus
553 250 585 270 ex
608 243 691 270 rebus
715 250 852 269 summam
871 248 970 276 capere
987 241 1054 268 laeti-
1072 245 1091 272 Α
1107 247 1194 274 eaque
1219 241 1276 274 ipse
1298 243 1494 275 persecuturus
1519 239 1710 267 tantummodo
1731 247 1792 275 quae
1807 241 1842 268 ab
1855 249 1890 271 eo

267 292 332 318 tiam
352 291 444 322 debes,
463 289 498 316 ob
514 295 560 315 cas
576 287 723 314 dolendum
740 286 788 312 tibi
803 291 829 312 ct
845 285 1050 312 lamentandnm

267 336 366 371 putas?
389 335 471 368 Atqui
497 340 585 366 neque
609 332 664 358 Deo
691 336 767 365 grata
791 334 855 358 sunt
877 330 939 363 ista,
964 337 1053 364 neque

267 380 414 414 Eutliymio
441 377 619 405 conveniunt.
645 375 767 403 Tametsi
799 375 872 402 enim
905 376 982 402 visus
1011 380 1053 402 est

267 426 354 453 oculis
367 423 555 458 insipientium
570 422 639 448 mori
659 422 705 455 (ut
720 425 763 448 est
778 421 805 448 in
819 421 906 448 sacris
923 419 1052 453 Litteris)

268 476 295 498 et
321 469 476 497 existimata
493 473 535 496 est
551 467 663 494 alllietio
679 467 770 493 exitus
786 466 856 500 ejus,
872 470 900 493 et
915 466 1053 492 discessus

268 522 283 542 a
312 514 390 542 nobis
417 513 562 545 contritio;
593 512 774 539 nihilominus
794 516 883 538 tamen
915 518 987 538 nunc
1011 515 1054 538 est

269 559 295 586 in
318 567 395 594 pace,
413 558 543 593 quoniam
560 557 632 584 Deus
646 557 721 583 illum
744 556 873 588 suscepit,
890 556 1003 583 tentavit
1020 556 1053 582 il-

269 604 325 631 lum
339 609 365 630 et
387 603 491 630 invenit
511 603 625 637 dignum
643 609 688 634 se;
704 605 833 636 tanquam
848 609 943 628 aurum
959 601 984 628 in
999 601 1054 628 for-

269 657 336 677 nacc
362 649 486 683 probavit
504 649 592 679 illum,
609 653 636 675 et
652 649 730 682 quasi
754 648 941 675 holocaustum
961 647 1054 673 hostia:

271 694 377 729 accepit
393 694 486 726 illum;
509 699 591 728 atque
610 694 646 720 ob
667 687 727 719 eam
746 699 857 720 causam
881 692 909 718 in
933 697 1054 726 tempore

270 742 352 767 ctiam
387 740 550 768 visitationis
584 739 748 774 splendebit.
782 738 892 773 quando
930 737 1055 764 videlicet

270 793 366 813 omnes
387 785 454 820 justi
481 785 622 820 fulgebunt
639 789 668 812 ut
685 784 736 815 sol,
758 784 918 811 clarissimae
942 783 996 810 luci
1015 782 1054 809 illi

271 830 444 864 conjunctus,
455 829 627 863 tenebrisque
636 837 668 856 ac
679 829 795 864 caligine
803 836 866 863 pars
872 829 905 855 ad
915 828 1054 855 sinistram

271 875 357 910 posita
379 875 627 905 circumfnmletur;
646 874 784 908 stabitque
802 874 894 908 justus
923 873 1055 900 adversus

271 927 319 946 eos
333 919 380 954 qui
401 927 430 946 se
450 919 687 954 angustiaverunt,
710 919 733 946 si
750 919 815 953 quid
831 918 924 945 divino
942 917 1056 945 credcn~
1070 912 1094 941 Β

270 965 334 992 dum
363 970 404 992 est
429 965 576 999 prophetat,
601 965 646 999 qui
678 964 812 999 supplicia
841 963 943 998 quibus
964 967 1058 998 postea

271 1010 407 1045 plecteudi
433 1018 483 1045 pro
509 1010 614 1037 incritis
645 1009 770 1045 injuriosi
792 1009 919 1036 homines
944 1008 1058 1039 fuerint,

271 1056 419 1084 describit.

307 1099 408 1127 Verum
431 1100 504 1128 enim
530 1100 594 1135 quid
616 1105 658 1127 est
683 1100 781 1126 horum
803 1097 970 1133 hujusmodi,
985 1095 1059 1132 quod

273 1145 402 1173 lamentis
423 1145 641 1180 prosequamur?
662 1144 727 1177 Quae
744 1143 825 1171 istius
854 1151 915 1178 quae
939 1150 990 1170 nos
1013 1150 1059 1170 oc-

273 1191 383 1226 cupavit
408 1191 526 1218 tristitia:
549 1197 654 1223 causa,
683 1189 790 1217 undeve
820 1193 911 1216 tantus
937 1189 989 1216 iste
1012 1189 1058 1224 qui

274 1243 383 1265 nostros
413 1237 519 1264 animos
546 1236 641 1271 aﬂligit
673 1235 791 1263 mteror?
821 1235 977 1270 potiusque,
994 1234 1059 1269 quid

274 1284 346 1318 quod
365 1291 419 1310 non
445 1283 628 1311 sanctissimae
655 1282 737 1317 hujus
761 1282 811 1309 viri
833 1281 931 1308 animat
957 1288 1060 1308 conve-

274 1329 352 1356 niat?
368 1327 504 1363 Quodque
519 1335 573 1355 non
590 1327 720 1354 laudabili
741 1327 825 1354 totius
848 1326 908 1360 eius
921 1327 982 1353 vita:
996 1333 1061 1353 cur-

275 1375 364 1401 riculo
383 1382 470 1408 usque
486 1374 521 1401 ab
536 1372 708 1400 incunabulis
724 1371 910 1407 respondeat?

310 1419 418 1454 Quippe
433 1419 506 1446 enim
529 1418 680 1446 Seleuciam
697 1417 742 1445 ille
758 1418 851 1444 habuit
865 1422 990 1448 matrem,
1000 1423 1062 1451 qua:

274 1466 383 1499 generis
403 1465 605 1492 necessitudine
635 1463 797 1498 Gregorium
824 1462 946 1491 divinum
972 1462 1059 1489 virum

275 1512 351 1539 illum
381 1511 537 1546 attingeret,
568 1518 649 1545 quem
674 1510 789 1537 alterum
822 1508 1060 1543 Thaumaturgum

278 1564 378 1591 magno
406 1564 456 1583 suo
482 1556 554 1583 bono
571 1560 638 1583 aetas
660 1563 693 1582 ea
713 1555 785 1586 tulit,
806 1562 867 1589 quae
888 1554 958 1580 hanc
979 1553 1060 1587 paulo

275 1606 339 1630 ante
350 1607 469 1629 nostram
481 1601 629 1636 praecessit,
642 1606 733 1628 ortum
749 1600 837 1634 ipsum
850 1606 957 1634 quoque
966 1606 998 1626 ex
1008 1597 1060 1624 De-

276 1647 363 1682 capoli
381 1645 508 1679 lsauriar;
523 1653 673 1680 verumque
689 1652 750 1671 esse
767 1644 870 1671 dictum
886 1643 951 1670 illud
969 1642 1063 1670 docuit

276 1697 304 1720 et
324 1691 522 1719 conﬁrmavit:
544 1690 690 1717 Gem-ratio
714 1694 850 1716 rectorum
876 1688 1062 1715 bcnedicetur.

279 1737 414 1772 Excrp'us
430 1744 494 1764 vero
513 1744 577 1762 mox
593 1741 635 1762 est
650 1735 685 1762 ab
703 1734 828 1770 Olympo.
852 1733 1063 1768 praeclarissimo

275 1782 439 1810 Christiana:
452 1780 603 1814 disciplinae
622 1779 768 1807 domicilio.
785 1777 860 1805 Unde
877 1782 937 1812 post
953 1778 980 1804 in
1002 1783 1063 1804 mo-

277 1827 428 1854 nasterium
452 1830 495 1853 est
517 1825 644 1857 traditus,
669 1825 741 1859 quod
763 1827 806 1850 est
820 1823 851 1850 ad
869 1823 959 1850 sinum
983 1823 1063 1850 Asta-

277 1880 386 1904 cenum,
402 1872 448 1899 ubi
462 1871 588 1898 similiter
606 1877 716 1906 quoque
731 1869 838 1904 egregie
851 1869 981 1897 certando
995 1877 1063 1904 prae-

276 1918 351 1945 clara
365 1917 425 1953 ejus
444 1917 531 1944 virtus
548 1917 658 1944 enituit.

312 1964 450 1990 Caeterum
469 1970 530 1998 quae
547 1962 600 1990 sibi
633 1961 678 1989 ille
703 1966 803 1996 tropma
829 1960 989 1995 singillatim
1014 1959 1063 1988 ad-

276 2017 374 2037 versus
386 2016 561 2036 communem
583 2007 706 2035 omnium
730 2011 853 2034 nostrum
876 2005 1061 2034 adversarium

275 2055 402 2087 erexerit,
415 2061 529 2090 queque
544 2061 577 2081 ex
591 2053 623 2080 iis
637 2054 664 2080 in
676 2053 776 2088 quibus
793 2052 955 2080 excellenter
967 2052 1063 2079 admo-

276 2101 342 2128 dum
355 2107 384 2128 se
394 2101 479 2136 gessit
495 2099 692 2128 certaminibus
709 2099 839 2134 praeclara
854 2099 977 2126 victoriae
995 2099 1062 2126 insi-

276 2147 338 2181 gnia
364 2146 526 2181 reportarit,
554 2152 648 2173 eorum
675 2145 798 2172 omnium
821 2145 1064 2172 commemOratio-

277 2199 339 2219 nem
356 2191 410 2218 illis
423 2199 484 2218 sum
502 2191 659 2222 relicturus,
674 2190 720 2224 qui
735 2190 785 2224 ipsi
801 2190 896 2217 invicti
909 2190 959 2217 viri
981 2189 1063 2224 hujus

1106 291 1181 322 gesta
1197 290 1259 313 sunt
1274 289 1381 320 postea.

1148 330 1270 358 Habebat
1285 338 1318 358 ex
1341 337 1374 358 eo
1388 335 1509 365 tempore
1526 337 1608 366 penes
1626 338 1655 359 se
1670 331 1848 360 celeberrima
1863 338 1891 361 et

1105 377 1181 412 regia
1196 376 1254 405 haec
1268 376 1366 404 civitas
1382 376 1515 403 illustrem
1533 382 1657 404 nostrum
1674 378 1746 405 hunc
1760 378 1889 413 pugilem,

1106 423 1153 457 qui
1179 430 1241 450 cum
1261 422 1377 457 benigne
1401 429 1416 449 a
1433 422 1547 456 privatis
1573 422 1692 457 hospitio
1712 424 1890 459 reciperetur,

1107 468 1256 495 mercedem
1271 475 1330 494 eam
1346 468 1436 495 collati
1455 467 1483 494 in
1499 475 1528 495 se
1542 468 1577 494 ab
1593 468 1659 502 ipsis
1672 467 1751 496 oﬂicii
1765 469 1891 496 omnibus

1106 513 1281 548 rcpendebat,
1295 521 1375 547 quam
1391 514 1499 548 assequi
1515 513 1578 541 illos
1597 514 1720 547 decebat,
1741 514 1787 549 qui
1803 515 1889 542 virum

1106 559 1253 586 virlutibus
1267 559 1334 586 adeo
1348 558 1537 592 excellentem,
1554 559 1668 586 comiter
1680 560 1892 594 humaniter-quc

1108 608 1266 631 tractarent.
1292 604 1406 637 Quando
1428 604 1527 631 mulier
1555 604 1636 632 etiam
1662 605 1708 632 illa
1739 604 1891 640 Sareptana

1107 651 1197 677 meriti
1213 649 1286 684 quod
1302 650 1329 676 in
1344 649 1429 677 Eliam
1451 650 1526 676 illum
1546 649 1705 677 Thesbiten)
1724 651 1891 683 contulerat,

1107 693 1198 721 debita
1221 693 1344 721 mercede
1366 692 1491 720 fraudata
1509 700 1562 719 non
1586 693 1654 725 fuit;
1673 693 1808 728 siquidem
1829 700 1893 728 pro-

1108 744 1199 774 pterea
1216 739 1287 774 quod
1304 739 1391 766 amice
1413 739 1489 765 illum
1507 738 1627 772 hospitio
1643 742 1812 773 susceperat,
1833 747 1893 765 am-

1108 785 1194 820 pliora
1219 785 1244 812 ei
1269 784 1402 812 divinitus
1425 784 1460 811 ad
1489 785 1572 811 vitam
1597 784 1747 819 degendam
1773 784 1892 812 vicissim

1109 832 1208 858 tributa
1227 830 1303 858 fuere
1324 830 1462 865 praesidia.
1487 829 1611 857 Celebris
1637 829 1692 864 jam
1720 837 1893 864 quoquover—

1109 885 1168 905 sum
1182 876 1301 904 nominis
1312 876 1371 911 ejus
1385 876 1457 903 fama
1476 875 1686 911 pervagabatur.
1700 874 1793 910 Neque
1807 875 1892 906 enim,

1109 928 1137 951 ut
1164 923 1296 950 Dominus
1317 922 1366 954 ait,
1392 921 1524 949 abscondi
1549 929 1632 955 supra
1662 925 1780 948 montem
1802 922 1892 956 posita

1108 968 1202 995 civitas
1218 971 1315 1001 potest.
1336 967 1405 994 Hinc
1417 967 1443 994 in
1458 967 1530 1001 regis
1547 966 1671 993 notitiam
1693 967 1826 1000 pervenit,
1844 967 1895 993 mi-

1109 1018 1183 1040 ratur
1195 1013 1302 1040 virtutis
1319 1012 1378 1047 ejus
1395 1011 1658 1046 egregiamindolem
1671 1030 1678 1043 ,
1699 1011 1818 1038 amicum
1844 1011 1894 1037 sibi

1109 1057 1184 1084 illum
1202 1056 1337 1091 adjungil,
1355 1063 1387 1083 ac
1407 1055 1569 1090 patriarcha:
1582 1055 1628 1090 qui
1643 1059 1702 1083 erat
1720 1062 1754 1082 eo
1769 1059 1895 1090 tempore

1107 1101 1331 1130 contubernalem
1348 1099 1424 1128 facit.

1145 1147 1221 1175 llaud
1239 1147 1276 1174 ita
1299 1146 1385 1174 multo
1402 1150 1465 1182 post
1484 1146 1632 1174 vehemens
1652 1144 1802 1173 Ecclesiam
1826 1148 1897 1172 tem-

1109 1193 1410 1229 postasinvasit,quam
1419 1193 1491 1227 ejus,
1509 1193 1536 1219 in
1549 1192 1629 1226 cujus
1644 1195 1700 1219 tum
1716 1198 1799 1218 manu
1816 1195 1896 1218 erant

1109 1239 1304 1273 gubernacula,
1333 1238 1490 1274 arrogantia
1505 1238 1657 1266 excitarat:
1675 1237 1702 1264 in
1717 1244 1772 1272 quo
1785 1236 1895 1271 quidem

1110 1285 1229 1313 tumultu
1251 1292 1314 1312 cum
1341 1288 1436 1312 auctor
1459 1285 1519 1320 ejus
1536 1283 1581 1311 ille
1597 1283 1644 1318 qui
1663 1282 1752 1310 fuerat
1770 1282 1893 1309 animum

1109 1331 1316 1365 despondisset,
1332 1331 1458 1365 sacrique
1472 1330 1514 1358 sui
1530 1329 1640 1357 honoris
1650 1328 1756 1364 repudii
1773 1328 1894 1354 libellum

1110 1376 1241 1404 Ecclesiae
1256 1375 1387 1407 dedisset,
1399 1376 1489 1403 malus
1507 1375 1577 1402 male
1596 1374 1673 1401 abiit.
1699 1373 1802 1400 Aderat
1826 1380 1898 1400 unus

1111 1421 1134 1448 is
1161 1425 1216 1448 tum
1245 1420 1371 1454 idoneus,
1396 1421 1444 1455 qui
1477 1420 1616 1448 desertum
1642 1419 1668 1446 id
1688 1419 1723 1446 ab
1740 1426 1773 1446 co
1797 1426 1897 1446 munus

1111 1467 1275 1502 susciperet.
1293 1466 1360 1500 Quis
1379 1467 1452 1494 enim
1471 1472 1515 1497 eo,
1529 1465 1576 1500 qui
1592 1465 1663 1499 apud
1678 1472 1775 1492 omnes
1794 1468 1854 1491 erat
1869 1464 1897 1490 in

1113 1512 1212 1547 gratia,
1236 1513 1322 1547 magis
1347 1511 1394 1546 qui
1419 1511 1445 1538 ei
1469 1510 1576 1538 muneri
1600 1509 1780 1545 praeficeretur
1804 1515 1897 1544 aptus,

1112 1559 1254 1593 magisque
1279 1558 1378 1592 dignus
1403 1561 1512 1592 poterat
1535 1555 1670 1591 judicari?
1696 1556 1733 1582 Ex
1756 1563 1810 1590 quo
1833 1562 1899 1583 sane

1115 1606 1215 1634 factum
1242 1609 1284 1632 est
1311 1608 1341 1630 ut
1367 1603 1440 1638 quod
1458 1602 1520 1629 aliis
1546 1601 1639 1629 multis
1659 1609 1710 1629 usu
1733 1609 1788 1629 non
1811 1601 1896 1632 venit,

1114 1651 1243 1686 suffragio
1271 1650 1415 1682 universae,
1431 1655 1503 1683 "qua:
1526 1648 1577 1675 sub
1601 1648 1671 1675 coelo
1698 1652 1750 1680 est,
1770 1647 1899 1674 Ecclesiae

1113 1697 1235 1724 delectus
1263 1694 1310 1727 sit,
1338 1694 1386 1729 qui
1408 1692 1739 1727 Constantinopolitanam
1766 1693 1836 1719 hanc
1856 1699 1898 1718 re-

1113 1742 1228 1776 gendam
1249 1739 1408 1774 susciperet.
1428 1738 1630 1765 Animadvertis
1653 1737 1743 1772 qualis
1758 1738 1792 1765 sit
1809 1739 1859 1764 iste
1872 1741 1899 1765 et

1115 1791 1234 1822 quantus
1259 1786 1311 1819 vir,
1324 1789 1351 1812 et
1366 1784 1519 1819 cuiusmodi
1536 1783 1654 1819 praemiis
1666 1784 1702 1811 ob
1716 1783 1826 1810 virtutis
1840 1782 1899 1816 ejus

1113 1831 1298 1867 pnestantiam
1316 1830 1447 1858 allicitur'l
1465 1829 1517 1857 Sed
1530 1829 1576 1863 qui
1590 1836 1622 1856 ea
1645 1829 1772 1864 persequi
1792 1834 1898 1863 potem,

1113 1885 1173 1910 quae
1190 1881 1255 1904 sunt
1277 1876 1407 1910 deinceps
1432 1875 1545 1903 secuta?
1562 1874 1732 1902 Notariorum
1757 1874 1898 1901 hominum

1114 1923 1257 1955 invidiam,
1288 1922 1389 1950 caedem
1419 1921 1454 1948 ab
1479 1920 1570 1955 impiis
1588 1919 1699 1952 factam,
1731 1919 1841 1946 crudele
1866 1927 1899 1946 ac

1113 1968 1261 1996 violentum
1281 1966 1428 2001 jndiciutn,
1442 1965 1582 2000 judicibus
1600 1964 1634 1991 iis
1651 1964 1689 1999 (ο
1703 1963 1839 1998 justitiam
1857 1963 1899 1988 di-

1114 2014 1217 2046 vinam,
1232 2019 1249 2039 o
1264 2012 1452 2046 incorruptum
1467 2009 1512 2036 Dei
1528 2008 1647 2036 tribunal
1659 2008 1665 2035 l
1679 2008 1688 2042 )
1706 2007 1807 2043 quibus
1821 2006 1894 2033 nulla

1113 2067 1178 2087 cura
1197 2058 1249 2085 fuit
1264 2064 1417 2087 sacrorum.
1434 2057 1481 2082 sed
1494 2055 1542 2082 toti
1556 2055 1583 2082 in
1599 2061 1683 2081 unum
1701 2057 1806 2081 tantum
1819 2056 1900 2080 erant

1113 2109 1248 2140 qumstum
1269 2103 1378 2130 intenti.
1399 2101 1484 2136 Cujus
1500 2108 1581 2128 causa
1596 2100 1646 2135 ipsi
1668 2100 1703 2127 ab
1724 2099 1850 2127 universa
1872 2104 1900 2126 et

1113 2157 1180 2178 sana
1195 2148 1320 2176 Ecclesia:
1336 2151 1413 2182 parte
1425 2145 1555 2178 abscissi,
1579 2146 1611 2172 ad
1637 2145 1783 2172 sanitatem
1810 2144 1900 2171 redire

1114 2203 1167 2222 non
1182 2197 1340 2229 potuerunt,
1354 2197 1382 2220 et
1403 2196 1520 2227 arrepta,
1538 2198 1618 2225 quam
1637 2198 1744 2218 summe
1760 2193 1899 2224 optarant,

275 2236 474 2264 cnrtaminibus
502 2235 658 2263 interfuere.
686 2235 826 2270 Siquidem
853 2235 869 2262 ii
882 2243 977 2262 eorum
1002 2244 1064 2270 quae
1076 2240 1102 2269 Ι)
1116 2239 1271 2269 occasione,
1287 2245 1302 2265 a
1319 2237 1394 2264 nullo
1417 2244 1447 2265 se
1461 2235 1564 2272 (modo
1577 2235 1707 2270 possent)
1724 2234 1900 2270 quantumvis

275 2281 363 2309 oculis
381 2281 433 2316 ipsi
446 2281 562 2309 viderint
578 2281 647 2313 suis,
664 2285 746 2308 testes
763 2288 824 2308 esse
840 2285 967 2314 poterunt
985 2281 1061 2308 locu—

276 2327 432 2361 pletissinti,
448 2327 532 2354 veluti
552 2334 667 2354 summae
684 2326 764 2354 fatuis
780 2333 812 2353 ac
823 2326 885 2353 sitis
897 2326 1061 2359 tolerantiae,

277 2380 446 2408 sinnnncquc
467 2372 618 2405 nuditatis;
638 2372 739 2407 quippe
765 2379 828 2399 cum
855 2372 935 2399 unica
955 2375 1061 2399 tantum

275 2421 352 2444 veste
374 2416 573 2444 intolerabilem
596 2416 651 2444 vim
670 2417 743 2443 illam
767 2415 878 2452 frigoris
904 2416 1060 2449 sustineret,

275 2462 438 2490 uncinornm
461 2467 592 2497 praeterea
617 2462 794 2489 hamorumve
822 2470 837 2489 e
860 2462 971 2490 sublimi
995 2470 1061 2497 pen-

275 2508 410 2540 dentium,
437 2508 537 2543 quibus
560 2508 643 2535 veluti
669 2507 832 2535 necessitate
851 2508 968 2542 quadam
988 2515 1061 2536 som-

276 2561 343 2580 num
359 2553 404 2580 ille
419 2553 454 2580 ab
468 2553 557 2581 oculis
571 2553 681 2581 arcebat
694 2554 763 2585 suis,
779 2554 852 2588 quod
870 2553 995 2588 exemplo
1009 2553 1060 2581 Da-

274 2599 320 2626 vid
333 2599 519 2627 habitaculum
531 2599 663 2631 invenire,
680 2599 826 2634 locumque
840 2599 885 2627 ubi
898 2600 1059 2635 quiesceret,

275 2645 450 2673 vehementer
474 2651 591 2681 optaret,
611 2646 657 2673 ubi
680 2645 811 2673 nimirum
836 2645 910 2673 nulla
926 2653 959 2674 ex
985 2646 1060 2673 curis

274 2691 339 2719 vitae
363 2691 444 2727 hujus
465 2691 617 2724 ﬂuctuatio,
646 2692 720 2720 nulla
748 2697 791 2720 est
813 2692 968 2720 animorum
993 2696 1061 2719 tem-

276 2740 377 2769 pestas,
396 2737 468 2764 nulla
484 2737 593 2772 gravior
613 2744 628 2764 a
652 2738 776 2766 scelestis
792 2738 936 2772 spiritibus
955 2738 1059 2766 invecta

275 2781 403 2814 procella.
426 2781 540 2816 llorum,
563 2783 685 2818 inquam,
711 2784 833 2810 ornnium
859 2791 1058 2811 commemora-

276 2826 390 2859 tionem,
415 2836 447 2856 ae
466 2829 499 2856 dc
516 2830 777 2858 commemoratione
791 2830 906 2865 gloriam
926 2830 1057 2864 integram

277 2871 330 2898 illis
354 2872 400 2908 qui
415 2881 445 2901 ea
465 2875 514 2910 ipsi
532 2881 683 2911 prmscntcs
699 2876 801 2910 videre,
822 2884 883 2904 sum
899 2876 1057 2907 relicturus.

1117 2283 1221 2311 nefario
1245 2282 1410 2318 flagitiorum
1433 2289 1466 2308 ac
1481 2280 1631 2309 facinorum
1647 2288 1747 2315 genere
1763 2285 1899 2314 tempera-

1116 2333 1191 2360 runt,
1207 2335 1240 2355 ne
1256 2328 1279 2355 si
1296 2328 1415 2363 parietes
1430 2326 1539 2361 quidem
1555 2325 1672 2364 perfodi,
1692 2329 1739 2353 aut
1753 2331 1899 2352 crumcuas

1115 2375 1236 2403 desecari
1251 2382 1321 2409 opus
1337 2374 1444 2405 fuisset,
1459 2373 1560 2407 quippe
1575 2380 1637 2400 eum
1654 2372 1750 2400 domos
1769 2370 1899 2406 iniquita-

1116 2425 1173 2447 tum
1188 2420 1292 2454 replere
1308 2419 1470 2446 festinarent
1487 2417 1624 2445 tenebrosi
1648 2421 1736 2444 terrae.
1760 2416 1830 2443 Hinc
1855 2415 1899 2441 in-

1114 2465 1253 2493 credibilis
1272 2472 1367 2492 eorum
1383 2464 1473 2492 rabies
1488 2463 1600 2496 exarsit,
1611 2463 1739 2498 quoniam
1753 2462 1826 2489 nulla
1842 2461 1898 2494 jam

1116 2510 1150 2538 iis
1164 2510 1235 2545 juris
1252 2510 1355 2544 species
1370 2509 1500 2540 reslabat,
1518 2515 1600 2543 quam
1618 2507 1770 2535 facinorum
1785 2513 1898 2534 suorum

1114 2556 1257 2584 audaciam
1277 2559 1455 2590 prmtexerent
1469 2563 1477 2588 ;
1491 2559 1518 2582 et
1535 2553 1620 2581 totius
1644 2553 1715 2580 sacri
1731 2551 1835 2580 ordinis
1853 2559 1899 2578 se~

1113 2606 1177 2630 cuta
1202 2601 1323 2629 venditio
1341 2604 1457 2636 estquae
1475 2599 1575 2635 palam,
1595 2598 1652 2634 jam
1665 2597 1784 2633 projects
1808 2595 1900 2623 omnis

1113 2647 1288 2679 verecundia,
1300 2646 1392 2674 fiebat.

1149 2693 1219 2721 llinc
1244 2697 1341 2728 praeter
1368 2696 1481 2720 caeteros
1507 2691 1534 2718 in
1567 2690 1641 2718 hunc
1668 2695 1779 2723 quoque
1807 2687 1897 2714 virum

1113 2740 1258 2768 sanctitate
1280 2737 1469 2774 plenissimum
1492 2735 1617 2772 superba:
1639 2733 1899 2767 contumeliosaeque

1114 2785 1224 2813 silentio
1246 2783 1443 2819 prmtereundae
1458 2781 1511 2809 illa:
1533 2788 1607 2808 nunc
1629 2787 1644 2807 a
1670 2779 1748 2807 nobis
1773 2778 1898 2813 injuriae;

1113 2830 1191 2858 nefas
1216 2836 1333 2864 namque
1356 2827 1423 2855 mihi
1445 2826 1564 2854 arbitror
1585 2832 1656 2858 esse,
1681 2824 1704 2852 si
1731 2821 1897 2851 reccnseuda

1113 2876 1202 2904 denuo
1215 2882 1309 2904 carum
1325 2872 1492 2908 turpitudine
1514 2871 1633 2906 linguam
1646 2871 1784 2905 inquincm
1798 2874 1897 2900 meam,
