2092 3157
152 161 204 193 801

613 158 754 189 ORATIO
773 158 822 188 DE
839 157 1048 189 TRANSLAT.
1069 158 1098 186 S.
1119 158 1323 189 EUTllYMll.

1722 160 1776 192 802

152 227 215 247 cum
236 226 284 246 eas
301 217 383 245 etiam
400 217 579 245 Barbarornm
599 218 671 245 oculi
696 217 793 244 merito
820 216 940 244 aversari
954 219 977 247 Α
991 222 1018 244 et
1034 217 1195 245 uutritorem
1215 218 1290 245 illum
1314 226 1395 245 suum
1418 218 1495 253 egeni
1515 219 1700 254 appellabant,
1719 228 1777 246 Iun-

153 265 358 297 abhorrereque
377 262 552 294 debuissent;
573 261 796 296 quandoquidem
825 261 940 288 aderant

153 310 238 338 etiam
261 308 403 344 legationis
425 315 507 343 causa
536 307 678 339 Saraceni,
704 311 731 334 et
757 307 841 334 totius
866 306 939 334 illius

154 355 267 390 majoris
282 362 365 389 quam
387 354 502 381 scenicae
518 358 566 380 aut
581 354 690 388 tragicae
707 353 788 380 ullius
808 352 940 379 fmditatis

156 401 302 435 participes
336 399 427 431 fuere,
466 403 587 426 actorum
621 398 725 425 similes
757 401 940 432 spectatores,

154 446 264 482 quando
280 445 357 472 nefas
372 449 430 472 erat
445 445 547 480 alioqui
560 449 590 471 ut
603 444 660 471 haec
673 443 818 477 impiorum
836 442 942 469 theatro

156 495 357 525 spectarentur,
372 497 433 524 quae
445 496 500 517 tam
520 490 653 517 scelerate
666 489 701 516 ab
716 489 807 523 impiis
823 488 941 522 ageban—

157 542 211 564 tur.
229 536 389 570 llujusmodi
410 543 492 571 porro
513 536 646 571 praeclara
665 535 743 562 initio
759 542 873 562 munera
897 535 940 560 illa

157 589 219 609 mox
247 581 328 607 etiam
351 581 550 615 sequebantur,
574 581 658 607 multa
681 580 792 611 exsilii,
816 583 941 606 notorum

156 627 191 653 ab
208 635 241 654 eo
261 626 402 653 hominum
420 630 532 661 propter
548 625 722 652 imminentes
738 625 898 652 formidines
915 625 942 651 in

156 672 240 699 rebus
256 671 362 705 asperis
377 670 456 704 fuga,
473 670 578 698 coactis
601 669 742 697 malevolis
761 677 823 696 eum
852 668 943 696 videre

156 725 237 752 quem
249 717 314 744 odio
339 717 592 752 prosequebantur;
613 716 656 743 his
671 723 736 743 vero
759 716 841 742 etiam
864 715 944 748 longe

156 763 314 796 disiunctis,
327 763 384 790 sive
396 762 468 796 quod
484 761 608 789 assidens
629 769 677 789 eos
693 760 819 788 militaris
838 760 944 788 duritas

156 807 336 843 custodiaque
353 811 548 840 summoveret,
571 807 628 834 sive
651 806 724 841 quod
745 813 777 833 ex
796 807 889 833 innata
915 805 942 832 in

156 853 256 881 animis
275 853 423 880 multorum
442 853 562 886 levitate,
591 853 619 880 in
635 853 693 887 ipsa
708 860 803 879 eorum
820 859 887 879 usus
903 851 944 878 in-

156 900 276 935 digentia
308 906 435 934 perverse
461 899 571 926 inutiles
599 899 773 931 exsisterent,
803 903 831 925 ct
862 897 942 932 cujus

157 951 222 972 ante
249 945 315 972 illud
341 950 448 980 tempus
473 945 587 972 miriliee
618 944 726 971 fuerant
757 944 886 976 studiosi,
916 943 941 970 ei

158 997 244 1021 nunc,
264 990 376 1017 mutatis
392 991 419 1017 in
434 990 603 1016 contrarium
617 989 812 1020 voluntatibus,
822 989 943 1022 impense

157 1035 363 1068 obtrectarent;
379 1036 488 1070 quando
508 1040 605 1063 natura
621 1035 658 1062 ita
681 1040 867 1069 comparatum
888 1039 941 1065 est,

157 1085 188 1108 ut
208 1082 290 1108 rebus
303 1081 431 1108 secundis
446 1081 566 1108 adversm
587 1088 693 1115 semper
708 1080 832 1106 insidiari
855 1080 943 1107 solita:

157 1127 233 1154 sint:
258 1126 395 1161 quonihil
418 1126 454 1154 sit
476 1126 625 1161 quidquam
648 1127 675 1153 in
700 1126 781 1157 rebus
802 1126 940 1159 humanis,

156 1171 229 1206 quod
244 1179 258 1197 a
273 1172 311 1198 rei
325 1171 377 1198 sibi
391 1172 534 1198 contrarize
548 1171 609 1199 labe
629 1179 728 1206 purum
756 1172 943 1206 intactumque

156 1217 202 1247 sit,
237 1216 347 1251 cuique,
375 1216 438 1244 licet
463 1216 703 1251 praeclarissimum
732 1216 779 1248 sit,
808 1217 941 1250 quasdam

156 1261 234 1295 quasi
251 1261 347 1289 sordes
371 1261 511 1288 hominum
528 1268 646 1296 nequam
662 1260 773 1288 invidiae
793 1260 863 1288 livor
887 1269 941 1289 non

157 1306 263 1333 allinat.

194 1350 235 1377 Ad
252 1351 320 1378 'haec
342 1351 423 1378 etiam
452 1351 569 1386 positum
595 1351 639 1378 hic
667 1351 695 1378 in
723 1355 869 1386 conspectu
899 1358 944 1379 se-

158 1395 296 1430 pulcrum,
312 1396 339 1423 in
360 1404 415 1431 quo
435 1396 479 1424 hic
498 1401 664 1428 asservatur.
682 1397 876 1431 superantibus
892 1397 944 1424 hu-

160 1439 291 1466 manitate
317 1447 366 1467 sua
403 1439 455 1474 piis
484 1440 592 1474 regibus
624 1439 821 1467 immanitatem
851 1439 945 1467 ferita-

159 1489 268 1520 temque
292 1485 448 1520 superstitis
475 1485 564 1513 adhuc
589 1486 707 1521 tyranni,
741 1486 822 1520 cujus
859 1493 942 1520 opera

994 263 1113 290 licrcula:
1129 271 1222 296 suum,
1240 271 1303 290 cum
1321 272 1335 291 a
1352 264 1406 291 Deo
1426 265 1630 298 discessissent,
1650 265 1777 292 defenso-

992 316 1050 335 rcm
1076 308 1250 342 primarium,
1273 309 1348 343 pueri
1369 309 1524 343 disciplima
1545 317 1601 336 suae
1626 311 1781 337 moderato-

994 361 1050 381 rem
1062 354 1298 387 vociferabantur;
1309 361 1403 381 omnes
1417 355 1547 389 denique,
1563 362 1610 389 per
1625 363 1654 382 se
1663 355 1781 390 quisque

992 398 1054 427 eum
1067 400 1094 427 in
1106 408 1161 434 quo
1175 405 1360 434 opportunum
1371 401 1424 427 sibi
1434 400 1609 428 subici-audis
1621 401 1780 435 indigentiis

993 446 1052 472 suis
1082 445 1202 479 positum
1229 449 1301 472 esset
1330 445 1495 480 perfugiunt.
1523 445 1616 480 Itaque
1641 445 1704 472 dum
1728 446 1780 472 hn-

990 488 1108 522 jusmodi
1126 496 1189 515 cum
1208 488 1363 516 laudatione
1383 488 1466 515 funus
1483 489 1648 522 celebratur,
1671 490 1699 516 in
1726 490 1780 516 hoc

993 534 1227 568 religiosissimum
1235 534 1364 568 templum
1375 535 1544 562 abomnibns
1554 536 1726 567 convenitur,
1734 536 1781 562 ubi

994 581 1112 614 peractis
1133 580 1254 614 reliquis.
1270 588 1331 614 qua:
1348 580 1380 606 ad
1400 581 1577 614 persolvenda
1595 581 1684 608 funeri
1703 581 1779 615 justa

993 627 1115 658 deerant,
1140 632 1202 652 cum
1227 625 1284 659 jam
1310 626 1462 659 periculum
1480 631 1566 658 esset,
1585 634 1619 653 ne
1634 627 1708 661 quod
1731 634 1780 653 su-

993 671 1132 706 perfuerat
1156 671 1323 699 sanctissimi
1347 672 1397 698 viri
1423 672 1639 705 tabernaculum,
1670 677 1781 706 propter

994 725 1089 744 eorum
1117 717 1163 752 qui
1187 724 1221 744 eo
1245 717 1431 744 confluxerant
1456 717 1535 744 [idem
1563 717 1775 751 discerperetur.

996 762 1127 789 violenter
1148 761 1183 788 de
1203 766 1342 796 raptorum
1370 762 1498 790 inanibus
1521 768 1660 789 extortum
1683 769 1782 789 excus-

995 815 1111 842 sumque
1130 813 1182 840 est,
1198 812 1280 842 atque
1308 809 1358 835 hoc
1376 807 1458 835 modo
1476 808 1502 834 in
1534 813 1713 835 sacrosancto
1729 807 1781 834 hoc

995 861 1075 888 quem
1095 853 1227 886 videmus,
1242 853 1332 880 loculo
1363 857 1570 881 sacrosanctum
1587 861 1650 881 vere
1666 853 1715 880 Dei
1729 853 1779 880 bo-

996 899 1094 926 tninem
1115 898 1321 926 collocat/imus.

1029 943 1070 970 An
1087 943 1234 970 mediocris
1248 943 1306 969 haec
1321 942 1369 970 tibi
1386 942 1513 969 videntur
1529 941 1660 970 momenti
1677 941 1710 969 ad
1729 942 1778 969 de-

994 989 1151 1016 clarandam
1187 989 1238 1016 viri
1283 988 1365 1023 hujus
1397 989 1538 1020 virtutem,
1567 987 1670 1022 Deique
1716 994 1780 1022 erga

995 1042 1090 1062 servus
1112 1042 1189 1065 suos,
1208 1034 1273 1060 dum
1296 1034 1387 1061 adhuc
1401 1034 1482 1060 etiam
1504 1034 1531 1060 in
1558 1033 1608 1060 hac
1629 1032 1683 1059 vita
1701 1036 1779 1064 sunt,

994 1088 1088 1108 curam
1114 1081 1196 1107 rebus
1229 1079 1359 1107 secundis
1389 1079 1516 1106 similiter
1546 1083 1627 1112 atque
1655 1077 1778 1104 adversis

994 1125 1187 1152 indicandam?
1201 1125 1285 1152 Nemo
1303 1125 1349 1155 sit.
1362 1124 1471 1159 opinor,
1488 1123 1535 1158 qui
1546 1123 1718 1153 adversetur.
1738 1122 1780 1149 uio

994 1171 1016 1199 si
1039 1171 1062 1198 si
1083 1171 1146 1206 quis
1166 1170 1300 1205 ejusmodi
1319 1171 1355 1197 sit
1382 1170 1428 1204 qui
1448 1169 1557 1196 virtutis
1585 1169 1727 1203 przemium
1754 1169 1780 1194 in

993 1224 1026 1244 eo
1050 1216 1239 1244 tantummodo
1259 1216 1377 1251 positum
1401 1219 1489 1249 putet,
1515 1214 1537 1242 si
1561 1213 1713 1241 continenti
1737 1220 1782 1239 rc-

996 1270 1056 1290 rum
1082 1262 1217 1290 bonarum
1244 1269 1326 1288 cursu
1357 1266 1489 1295 perpetuo
1513 1260 1541 1286 in
1566 1259 1617 1286 hac
1641 1259 1697 1285 vita
1720 1259 1785 1292 quis

994 1309 1069 1336 nulla
1081 1315 1142 1335 cum
1157 1307 1309 1334 oﬂensione
1321 1311 1423 1338 utatur,
1439 1309 1590 1339 contraque
1603 1304 1781 1332 d-iﬂiciliorem

994 1353 1021 1380 in
1042 1353 1103 1388 ejus
1119 1353 1162 1380 via
1176 1359 1353 1387 progressum
1372 1358 1470 1386 ptenas
1486 1350 1619 1385 quasdam
1634 1357 1695 1377 esse
1709 1349 1783 1376 arbi-

994 1402 1092 1430 tretur,
1108 1397 1209 1432 quibus
1229 1397 1340 1424 assidue
1356 1404 1406 1431 pro
1425 1395 1532 1423 meritis
1545 1395 1677 1422 divinitus
1693 1393 1785 1422 homi-

994 1451 1059 1471 num
1082 1443 1224 1470 malefacta
1241 1442 1401 1477 puniantur,
1422 1442 1556 1476 opinione
1574 1448 1636 1468 cum
1653 1440 1705 1474 ipsi
1721 1447 1775 1473 prr-

996 1488 1111 1520 niciosa,
1124 1491 1180 1514 tum
1193 1495 1208 1514 a
1222 1487 1268 1513 Dei
1280 1487 1349 1520 aequi
1361 1493 1452 1513 rerum
1463 1485 1588 1512 omnium
1600 1483 1781 1511 moderatoris

158 1530 329 1565 potissimum
342 1531 369 1558 in
381 1538 427 1558 eas
437 1531 482 1558 ille
492 1531 581 1558 fuerat
597 1531 768 1558 calamitates
787 1531 940 1566 conjectus,
956 1545 977 1573 α
995 1533 1129 1568 sapientia
1145 1532 1292 1560 admodum
1315 1531 1413 1558 aliena.

159 1582 241 1612 atque
265 1578 288 1605 is
310 1577 404 1610 etiam,
428 1577 474 1612 qui
492 1576 595 1604 nefarie
609 1576 699 1605 fuerat
713 1577 868 1609 damnatus,
884 1577 942 1604 suis

159 1624 256 1652 saltent
276 1629 338 1660 post
363 1625 467 1652 obitum
494 1624 646 1657 restitutus,
671 1628 699 1650 ut
719 1625 832 1652 haberet
859 1624 941 1651 etiam

159 1669 249 1697 denuo
261 1677 338 1698 sacra
351 1670 541 1705 promissionis
554 1676 625 1698 terra
638 1670 730 1697 dilecti
747 1677 809 1698 ossa
831 1669 944 1704 Joseph,

159 1716 260 1750 quibus
283 1723 332 1750 per
358 1715 522 1742 lectissimos
545 1721 669 1749 quosque
689 1715 721 1742 ex
745 1721 827 1742 sacro
850 1714 945 1741 ordine

161 1760 235 1787 viros
246 1761 320 1796 justa
336 1760 517 1788 solverentur.
536 1759 718 1787 Commodum
735 1760 809 1787 enim
824 1759 944 1787 edictum

159 1813 240 1840 reges
261 1806 478 1840 promulgarunt,
496 1809 578 1840 atque
602 1806 722 1840 undique
737 1805 883 1840 extemplo,
900 1813 946 1832 ve-

159 1850 201 1878 lut
223 1858 256 1878 ex
276 1851 427 1885 composito
443 1850 642 1885 (‘quamobrem
668 1850 741 1878 enim
767 1851 825 1878 haec
848 1858 946 1885 magna

159 1896 228 1924 adeo
255 1903 318 1923 cum
351 1896 510 1924 celebritate
539 1903 594 1923 non
626 1896 762 1931 tierent?)
796 1896 947 1931 ingensque

159 1941 294 1970 cal-ﬂuxit
305 1942 460 1975 multitudo,
477 1942 596 1969 maxima
614 1942 731 1976 quadam
748 1950 845 1977 pompa
860 1943 948 1970 victo-

158 1996 216 2016 rem
239 1988 314 2016 illum
337 1990 372 2016 ab
386 1988 482 2016 exsilio
503 1988 662 2016 redeuntem
690 1988 780 2022 empit
807 1987 945 2021 comitari,

158 2034 409 2062 innumerabilibus
440 2034 545 2062 facibus
572 2041 688 2069 quarum
713 2034 813 2061 bOnam
839 2040 944 2069 partem

159 2081 234 2116 regia
256 2081 343 2116 pietas
360 2081 561 2116 suppeditabat,
577 2087 653 2108 mare
665 2085 752 2108 totum
769 2080 947 2112 collustrans,

158 2125 384 2160 suavissimisque
392 2125 511 2153 incensis
517 2125 648 2153 odoribus
657 2125 801 2152 molestam
815 2125 885 2152 illam
895 2133 949 2152 ma-

159 2170 334 2198 risnauscam
340 2170 500 2203 discutiens,
508 2175 534 2198 et
543 2174 670 2205 perpetua
679 2170 842 2205 hymnorum
853 2170 948 2197 modu‘

1030 1580 1129 1607 Verum
1145 1578 1216 1604 enim
1235 1577 1364 1612 quoniam
1382 1575 1498 1603 dicendo
1513 1575 1546 1602 ad
1565 1576 1636 1602 hanc
1652 1573 1784 1601 orationis

993 1629 1097 1660 partem
1113 1623 1298 1659 pervenimus,
1315 1621 1502 1652 conferamus,
1514 1620 1537 1647 si
1553 1620 1654 1655 placet,
1678 1626 1710 1646 ea
1723 1626 1784 1653 qua:

994 1675 1090 1698 sancto
1106 1670 1171 1696 huic
1184 1669 1243 1696 viro
1257 1675 1383 1698 evenere,
1396 1667 1574 1701 vicissimque
1593 1673 1654 1700 quae
1668 1665 1786 1692 Alexan-

994 1716 1044 1743 dro
1067 1719 1145 1742 antea
1169 1715 1304 1744 accidere,
1328 1714 1524 1746 videamusque
1548 1710 1779 1746 quemadmodum

996 1759 1043 1786 Dei
1057 1759 1164 1794 justitia
1181 1758 1301 1794 praemiis
1320 1757 1468 1792 unicuique
1485 1764 1518 1783 ex
1538 1756 1637 1783 merito
1658 1754 1783 1782 tribuen-

995 1805 1038 1832 dis
1056 1804 1210 1832 ret-tissime
1225 1804 1317 1831 omnia
1331 1803 1498 1830 moderetur.
1523 1801 1569 1829 ille
1582 1801 1655 1828 enim
1672 1807 1735 1828 cum
1755 1806 1784 1827 et

997 1858 1043 1877 rex
1067 1853 1141 1877 esset
1166 1853 1194 1876 et
1220 1849 1296 1883 regio
1314 1854 1413 1882 genere
1436 1851 1523 1879 ortus,
1549 1845 1732 1879 miseramque
1755 1844 1782 1870 in

1000 1895 1059 1930 ipsa
1080 1895 1186 1929 imperii
1203 1894 1336 1929 dignitate
1355 1892 1505 1920 animulam
1531 1890 1677 1918 infeliciter
1697 1891 1783 1917 exha-

998 1941 1091 1972 lasset,
1107 1939 1209 1974 quibus
1231 1940 1286 1966 vita
1308 1937 1420 1965 functus
1439 1936 1570 1964 laudibus
1594 1940 1636 1963 est
1653 1935 1785 1963 affectus?

1003 1986 1084 2017 Cura,
1105 1985 1219 2019 repetita
1248 1983 1329 2018 paulo
1356 1983 1438 2010 altius
1464 1982 1599 2014 oratione,
1622 1988 1654 2008 ea
1678 1987 1739 2015 qua:
1757 1981 1784 2006 in

999 2035 1117 2066 utroque
1131 2030 1218 2062 fuere,
1234 2029 1379 2063 diligenter
1392 2027 1613 2058 consideremus,
1628 2026 1683 2059 hic,
1698 2033 1781 2061 quem

999 2077 1026 2104 in
1060 2077 1111 2103 hoe
1137 2076 1198 2103 loco
1228 2075 1365 2109 sepultum
1390 2074 1532 2105 habemus,
1562 2080 1595 2100 eo
1626 2071 1708 2099 modo
1729 2079 1785 2106 quo

1000 2122 1122 2149 diximus
1144 2121 1216 2147 altus
1239 2120 1426 2154 educatusque
1449 2123 1510 2154 post
1527 2122 1567 2146 tot
1583 2118 1707 2150 adversa,
1723 2118 1786 2152 qui-

999 2167 1052 2195 bus
1081 2166 1171 2194 fuerat
1198 2165 1394 2197 conllictatus,
1424 2169 1518 2200 totque
1554 2163 1696 2199 praeclara,
1725 2171 1787 2198 quae

159 2215 261 2243 latione
277 2215 435 2250 pontilicem
448 2215 516 2242 mire
530 2214 736 2242 concelebraris.
748 2213 884 2241 Caeterum
901 2214 942 2241 si-
962 2220 983 2246 |)
1000 2211 1108 2239 virtutis
1134 2219 1191 2238 sua;
1217 2210 1341 2238 ediderat
1365 2210 1542 2242 documenta,
1574 2209 1654 2236 talem
1677 2208 1785 2244 qualem

159 2261 216 2288 ntul
237 2266 266 2288 nt
278 2260 313 2287 ad
331 2259 440 2295 Virgam
456 2259 601 2295 (littoralis
613 2264 715 2287 tractus
728 2259 754 2287 id
769 2265 811 2287 est
825 2259 945 2294 nomen)

160 2306 334 2341 appulerunt,
355 2306 492 2333 sublatqu
513 2310 556 2334 est
572 2306 607 2333 de
631 2306 707 2341 regio
733 2305 822 2333 lembo
849 2313 946 2332 sacro-

160 2356 286 2379 sanctum
307 2352 374 2379 illud
391 2352 609 2385 tabernaculum,
630 2357 713 2387 atque
735 2352 761 2379 in
783 2352 839 2379 divi
859 2351 948 2379 [Emi-

160 2397 224 2424 liani
241 2398 324 2424 aedem
338 2398 454 2430 illatum,
470 2398 562 2433 ibique
573 2389 700 2426 similiter
714 2397 848 2432 appositis
864 2397 946 2432 hym-

160 2441 204 2469 nis
225 2442 386 2470 decantatus
405 2446 447 2470 est
469 2442 515 2469 Dei
541 2449 648 2475 servus,
670 2446 696 2470 et
716 2441 874 2469 laudatione
897 2449 946 2469 cu-

158 2487 269 2523 jusdam
287 2488 321 2515 de
337 2488 495 2523 pontificum
511 2495 626 2515 numero
641 2488 812 2515 honestatus.

198 2533 245 2561 lbs
271 2535 308 2561 ita
341 2534 472 2569 peractis,
494 2542 556 2562 cum
583 2534 720 2561 sublatum
747 2534 811 2561 inde
837 2541 945 2561 sacrutn

160 2583 312 2620 gestaretqr
330 2580 500 2614 pheretrum,
518 2583 601 2614 atque
616 2580 643 2606 in
664 2578 888 2606 honestissimum
905 2578 946 2605 lu-

160 2631 223 2651 cum
248 2625 354 2652 buncce
371 2624 529 2656 inferretur,
545 2625 652 2652 sustolli
674 2625 795 2659 undique
809 2625 844 2651 ab
858 2624 947 2650 omni-

162 2668 214 2696 bus
234 2675 340 2704 emptus
365 2675 407 2697 est
431 2670 544 2702 clamor,
570 2670 794 2703 magistratibus,
821 2669 945 2703 privatis,

161 2714 355 2748 locupletibus,
379 2716 519 2747 tenuibus,
543 2715 619 2746 vitis,
637 2714 754 2746 feminis,
770 2714 871 2749 parvis,
898 2721 948 2747 pu-

162 2759 282 2792 beribus,
309 2761 475 2795 impubibus,
499 2768 616 2796 quorum
646 2759 743 2795 partim
765 2767 827 2786 eum
849 2767 946 2786 secun-

161 2806 226 2832 dum
245 2804 327 2833 Deum
349 2811 452 2841 patrem
468 2807 613 2839 vocabant,
635 2805 732 2841 partim
750 2810 885 2840 pastorem
905 2813 946 2831 re-

162 2851 319 2885 quirebanl,
338 2852 385 2880 alii
410 2856 640 2888 propugnatorem
656 2851 858 2880 desiderabant.
878 2849 945 2877 Nam

998 2266 1080 2293 supra
1097 2256 1311 2285 memoravimus
1333 2257 1395 2283 vita:
1413 2256 1518 2283 exitum
1545 2255 1651 2287 habuit,
1671 2262 1787 2289 eamque

999 2307 1096 2330 nactus
1118 2307 1162 2329 est
1182 2302 1352 2337 sepulturam
1369 2309 1451 2336 quam
1465 2309 1513 2329 vos
1529 2301 1658 2327 nimirum
1676 2300 1784 2331 videtis,

999 2347 1173 2382 magniﬁcam
1217 2353 1316 2380 nempe
1341 2349 1369 2372 et
1408 2344 1569 2379 gloriosam,
1599 2343 1789 2377 ejusmodique

997 2401 1081 2428 quam
1099 2393 1172 2420 viros
1188 2392 1242 2419 Deo
1256 2392 1362 2418 dicatos
1382 2390 1513 2424 consequi
1530 2396 1578 2424 par
1590 2393 1648 2421 est;
1665 2388 1692 2416 id
1711 2388 1786 2423 quod

998 2439 1085 2474 magis
1107 2438 1258 2465 etiamnum
1279 2437 1379 2463 mirum
1398 2435 1480 2462 debet
1502 2434 1586 2462 videri
1601 2453 1608 2466 ,
1626 2433 1699 2468 quod
1722 2434 1787 2460 dra-

998 2483 1076 2511 conis
1091 2488 1174 2516 caput
1189 2489 1205 2509 a
1221 2489 1276 2516 quo
1296 2481 1440 2508 insanabili
1458 2480 1503 2506 ille
1522 2486 1613 2506 morsu
1636 2477 1726 2505 fuerat
1748 2478 1788 2504 ic-

998 2535 1052 2562 tus,
1074 2529 1179 2563 reliqua
1205 2527 1295 2555 adhuc
1317 2526 1359 2553 sui
1379 2526 1502 2560 corporis
1524 2529 1599 2560 parte
1627 2523 1785 2558 palpitabat.

998 2581 1151 2608 magnaque
1167 2574 1234 2599 'cnm
1250 2572 1365 2599 audacia
1388 2579 1472 2598 ruens
1491 2570 1641 2600 ferebatur,
1661 2573 1784 2595 metuens

998 2619 1113 2651 scilicet,
1138 2626 1172 2646 ne
1189 2618 1255 2653 quid
1278 2624 1308 2645 se
1327 2622 1469 2652 propterea
1497 2615 1594 2642 unctius
1614 2613 1782 2644 ostenderet,

999 2665 1108 2692 tametsi
1133 2664 1274 2691 incassum
1300 2670 1396 2690 onmes
1425 2661 1478 2697 ipsi
1503 2666 1617 2689 conatus
1643 2659 1682 2686 illi
1709 2663 1784 2685 erant.

998 2711 1101 2741 casuri,
1133 2717 1194 2737 cum
1212 2709 1238 2736 id
1258 2708 1357 2743 egisset
1380 2713 1489 2735 terrena
1506 2710 1640 2741 potestas,
1659 2708 1688 2730 ut
1703 2703 1784 2731 soluti

999 2756 1026 2782 in
1040 2762 1164 2790 spumam
1180 2754 1240 2789 ejus
1259 2753 1359 2781 lluctus
1380 2753 1498 2785 abirent,
1518 2756 1600 2785 atque
1615 2750 1660 2777 hic
1673 2749 1784 2784 quidem

998 2802 1050 2829 hoc
1063 2801 1155 2828 modo.

1032 2847 1133 2875 Contra
1159 2854 1224 2875 vero
1250 2844 1411 2873 Alexander.
1444 2842 1468 2871 ls
1495 2842 1566 2870 enim
1597 2838 1729 2876 quidquid
1756 2837 1785 2865 iu
