2092 3157
288 137 341 166 :03

600 133 764 165 ARETHJE
782 130 1042 162 CESARIENSIS
1062 130 1078 159 II

1127 129 1336 160 TRANSLAT.
1357 128 1386 158 S.
1408 125 1612 157 EUTHYMII.

1858 124 1911 155 804

291 191 373 218 terris
398 188 492 217 haberi
516 188 664 223 voluptatis
694 194 725 213 ne
742 185 904 212 deliciarum
925 189 1025 219 potest,
1047 183 1071 210 ul
1088 186 1111 213 Α
1126 184 1279 211 universam
1297 183 1428 210 existimo
1445 189 1488 217 me
1505 187 1613 208 morum
1630 179 1690 215 ejus
1706 179 1908 214 perversitatem

291 245 373 264 omuc
392 236 426 262 ab
443 235 508 270 ipsis
527 233 701 260 incunabulis
716 232 789 266 large
806 239 914 266 semper
931 231 1072 263 habuerat,

291 287 372 316 atque
400 288 414 306 a
445 280 527 306 fratre
553 278 642 305 fuerat
668 276 800 304 educatus
829 276 887 303 viro
917 275 1072 308 commodo,

291 331 452 359 stttmuaque
478 328 505 350 et
535 322 680 349 sanctitate
709 320 822 356 praedito
854 324 882 348 et
909 319 1073 352 innocentia,

295 370 453 402 iuajoreque
481 368 552 401 apud
580 373 643 394 eum
674 366 758 401 digno
784 370 858 393 certe
883 364 1074 400 appellatione,

290 421 371 448 qu.-m
386 413 488 440 fratris.
502 412 527 440 ls
537 411 621 443 enim,
640 411 750 439 tametsi
761 411 833 446 quod
846 410 929 438 multa
946 410 1076 437 adversus

291 459 380 492 ipsum
410 465 478 484 nova
508 461 568 484 erat
588 457 718 488 molitus,
740 460 939 491 proptereaque
959 454 994 481 ab
1016 455 1075 488 ipso

289 507 363 530 esset
380 503 608 537 comprehensus.
628 502 718 528 nullas
734 506 824 528 tamen
841 500 963 535 concepti
979 500 1005 526 in
1021 500 1076 527 fra-

292 552 358 573 trem
383 547 493 574 sceleris
513 554 608 581 puenas
632 546 771 580 gratiores
799 545 874 572 dedit
900 544 1076 580 (cujusmodi

292 592 368 618 tntilli
388 592 479 619 multis
495 596 559 618 ante
581 591 606 617 id
622 597 728 625 tempus
745 590 852 617 fuerint
870 590 979 625 affecti)
994 597 1076 624 quam

292 637 363 664 utin
380 637 533 664 custodiam
561 640 666 663 tantum
686 637 809 666 daretur.
833 636 1078 670 proltibereturque

294 689 329 708 ne
351 689 412 716 quae
437 681 520 715 impie
533 681 560 708 iu
587 681 699 708 fratrem
717 680 808 708 facere
827 681 971 715 cogitarat,
991 687 1022 707 ea
1042 679 1076 707 ad

293 727 395 754 exitum
420 726 599 762 perduceret,
616 733 631 754 a
646 733 702 762 quo
726 726 833 753 tametsi
849 734 883 752 eo
905 725 985 753 modo
1008 726 1077 753 insi-

292 773 346 799 diis
371 772 467 807 petito,
491 779 576 806 regno
601 771 746 798 incolumis
767 770 859 806 (quod
883 770 989 798 utinam
1007 778 1078 797 nun-

294 822 376 849 quam
393 814 522 849 fecisset)
541 815 713 846 servabatur,
735 815 808 849 qttod
827 821 934 849 tequum
953 815 1075 849 putabat,

1124 230 1334 256 declaraturum.

1160 274 1218 302 Mos
1243 279 1286 302 est
1316 273 1425 308 regibus
1445 272 1678 313 Christianqrum.
1697 270 1744 306 qui
1769 270 1840 298 idem
1859 270 1912 297 illis

1125 321 1280 348 communis
1297 324 1338 347 est
1354 327 1417 347 cum
1432 319 1563 346 omnibus
1586 317 1762 349 Christianis,
1784 321 1825 348 ut,
1842 324 1912 350 quo-

1124 366 1284 400 tiescunque
1298 364 1345 392 Dei
1356 363 1483 391 basilicas
1498 363 1700 397 ingrediuntur,
1716 366 1810 396 apa'rto
1825 366 1913 395 capte

1125 410 1380 446 easingredlantur.
1399 400 1606 443 Quem-quidem
1614 406 1716 434 Paulus
1726 406 1784 440 ipse
1800 410 1912 440 aposto-

1126 457 1169 484 lus
1181 456 1286 491 pritnus
1303 455 1408 482 inducit
1423 458 1506 489 atque
1515 452 1644 480 omnibus
1657 452 1684 479 in
1703 451 1857 480 Christiana
1870 459 1912 478 re-

1126 501 1233 537 publica
1246 500 1445 528 ubservandum
1467 498 1616 526 mandavit.
1640 496 1718 525 Hune
1731 504 1833 524 morem
1849 503 1911 524 eum

1126 545 1323 581 sapientissimi
1337 545 1461 572 videlicet
1470 544 1507 571 illi
1521 549 1602 578 atque
1610 542 1707 578 optimi
1721 542 1773 568 viri
1786 541 1912 569 sustulis-

1127 596 1198 623 sent,
1214 595 1410 626 persuaserunt
1423 589 1524 616 homini
1542 596 1642 616 crassa:
1654 587 1725 616 cutis
1737 595 1769 615 ac
1782 587 1815 614 de
1831 587 1913 614 suillo

1127 645 1234 673 genere,
1248 641 1276 664 et
1284 641 1387 664 tantum
1401 643 1455 662 non
1470 634 1625 672 grunnienti
1638 634 1693 670 (cui
1708 634 1792 665 enim,
1808 639 1912 668 quaso,

1126 683 1232 718 aequius
1241 682 1394 717 comparari
1404 682 1448 709 ille
1456 685 1562 716 poterat
1573 687 1654 715 quant
1665 679 1706 707 sui
1718 678 1844 706 Bteotica:
1850 676 1873 713 τ)
1884 682 1915 704 ut

1126 733 1255 764 cooperto
1269 729 1357 764 capite
1381 728 1408 756 in
1434 729 1492 755 loca
1513 731 1688 755 sacrosancta
1715 724 1912 760 ingrederetur.

1127 775 1214 809 Quam
1224 775 1333 810 quidem
1345 775 1390 801 ille
1399 773 1571 808 disciplinam
1581 780 1643 800 cum
1653 771 1821 801 admisisset,
1830 776 1913 805 atque

1128 821 1162 849 ad
1174 821 1277 855 majora
1289 820 1438 848 etiamnum
1454 818 1540 845 multo
1556 816 1733 853 perdiscenda
1750 815 1873 843 facinora
1884 822 1913 843 se

293 865 324 888 ut
338 868 420 895 quem
437 860 488 887 sibi
508 867 569 887 sors
585 860 660 894 regni
694 859 799 887 socium
814 860 942 893 dedisset,
954 860 979 887 ei
995 867 1077 895 paca-
1094 855 1115 885 Β
1130 871 1257 903 panum,
1275 866 1420 902 ρι-ωιηι-οι,
1443 865 1574 892 nimirum
1598 863 1711 898 pulchre
1735 862 1779 890 me
1804 868 1913 897 quoque

295 910 353 932 tum
376 905 568 939 incolumeque
591 905 656 932 illud
677 906 806 932 traderet.
825 904 924 932 Verum
947 912 1008 932 eum
1025 905 1077 933 ltu-

294 950 485 983 tnanissimus,
501 950 628 985 idemque
644 949 826 978 suavissimus
846 957 892 977 rex
906 949 962 977 Leo
973 957 1005 976 ex
1027 950 1078 977 hac

292 996 347 1023 vita
359 996 386 1023 in
402 1003 469 1031 pace
480 1000 555 1024 esset
565 995 707 1028 dimissus,
733 1003 898 1031 summaque
915 1002 1007 1023 rerum
1019 1002 1079 1022 om-

292 1041 369 1068 niunt
383 1044 504 1074 potestas
517 1040 553 1067 ab
564 1048 596 1067 eo
610 1040 644 1068 ad
661 1041 733 1068 hunc
745 1041 911 1073 devertisset,
933 1040 1077 1068 confestim

293 1085 338 1112 hic
353 1085 413 1120 ipso
427 1086 504 1112 initio
516 1086 671 1120 cujusmodi
686 1090 757 1114 esset
767 1085 929 1118 declaravit,
940 1094 1079 1121 quantque

294 1131 363 1158 nihil
383 1131 435 1159 sibi
463 1131 610 1166 profuisset
635 1131 696 1159 vitae
720 1131 900 1164 consuetudo,
925 1139 986 1167 quae
1015 1139 1078 1159 cum

297 1175 383 1204 fratre
399 1177 450 1212 ipsi
462 1176 571 1209 fuisset,
582 1177 710 1212 quodque
720 1177 755 1204 ab
767 1184 800 1203 eo
812 1177 960 1205 clementer
969 1177 1079 1205 habitus

295 1225 386 1254 esset;
402 1227 552 1256 verumque
570 1228 631 1248 esse
648 1220 827 1248 Proverbium
848 1220 942 1247 docuit
958 1227 966 1247 :
982 1219 1078 1247 Virum

294 1271 459 1303 potestatem
485 1267 628 1294 habentem
652 1266 679 1294 in
696 1266 772 1301 pejus
793 1265 937 1301 proﬁcere.
959 1265 1080 1299 Repente

295 1320 415 1348 namque
441 1316 471 1339 ut
496 1312 736 1343 scelestissimum,
760 1318 793 1339 ac
815 1311 934 1338 maxime
957 1309 1079 1338 nefarius

294 1359 459 1395 flagitiisque
473 1365 506 1385 ac
523 1357 694 1385 facinoribus
708 1356 899 1392 opertissimus
915 1355 1032 1391 quisque
1045 1354 1079 1382 ad

294 1412 357 1432 cum
373 1412 403 1432 se
415 1404 588 1435 contulisset,
606 1402 724 1438 ejusque
743 1402 847 1430 assecla
862 1409 923 1430 esse
940 1402 1080 1437 coepisset,

294 1450 332 1477 ita
354 1456 462 1477 summa
484 1448 557 1484 apud
580 1448 657 1475 illum
672 1451 731 1476 erat
746 1447 772 1475 in
791 1447 889 1483 gratia,
904 1447 931 1475 in
951 1446 1080 1474 consilia-

294 1495 454 1530 riorumque
497 1501 640 1522 numerum
677 1493 851 1526 admittebat,
887 1499 920 1520 ac
949 1499 1014 1527 pars
1054 1491 1079 1519 ei

294 1542 386 1577 aliqua
401 1540 653 1569 administrationis
666 1539 774 1573 imperil
789 1537 1021 1566 committebatur.
1036 1538 1077 1566 Ex

294 1595 351 1623 quo
375 1587 497 1621 quidem,
517 1586 540 1613 si
563 1585 630 1620 quid
666 1590 748 1612 antea
778 1591 873 1612 eorum
898 1591 959 1618 quas
975 1582 1079 1611 occulte

295 1633 323 1661 itt
340 1633 451 1660 fratrem
467 1631 662 1662 moliebantur,
681 1630 763 1665 vulgo
780 1637 869 1664 usque
880 1629 907 1656 in
928 1629 954 1657 id
972 1633 1078 1662 tempus

295 1678 384 1705 fuerat
396 1677 530 1712 ignotum,
544 1677 571 1703 id
582 1680 649 1704 tunc
676 1676 763 1710 palam
774 1675 830 1709 jam
845 1679 992 1709 aperteque
1004 1673 1079 1701 dete-

295 1723 420 1758 gebatur,
450 1721 676 1756 impudenterque
691 1720 856 1754 iactabatur.
885 1718 953 1746 Nam
971 1723 999 1746 et
1020 1718 1076 1745 cle-

295 1767 462 1796 mentissimi
476 1767 503 1794 iit
520 1766 612 1802 ipsum
639 1765 733 1792 fratris
748 1769 941 1793 testamentum
957 1764 1077 1792 rescindi

298 1817 429 1849 emptum,
440 1817 545 1840 veteres
559 1811 620 1846 ejus
634 1811 714 1838 amici
732 1810 848 1845 superbe
860 1809 1078 1837 contumeliosa:-

294 1867 348 1894 que
372 1858 480 1885 tractari
501 1858 649 1892 rejicique;
679 1856 812 1883 innocens
845 1859 974 1890 praetcrea
1001 1858 1078 1882 torus

297 1905 356 1940 ipse
375 1904 467 1939 regius
485 1903 586 1938 injuria
601 1903 670 1930 allici
688 1907 772 1933 atque
786 1909 802 1928 e
816 1900 889 1936 regia
903 1899 1076 1933 submoveri;

294 1957 322 1978 ct
350 1951 402 1978 nisi
427 1950 508 1977 terris
533 1948 665 1976 Dominus
680 1947 771 1983 Regia:
786 1947 880 1982 stirpis
897 1953 992 1974 semen
1011 1945 1077 1973 reli-

293 1998 411 2033 quisset,
438 1996 527 2031 ipsum
552 1995 625 2022 ltnne
648 1995 743 2027 etiam,
763 2000 846 2028 quem
873 1998 945 2019 nunc
963 1990 1078 2019 feliciter

295 2043 439 2078 imperium
477 2041 644 2069 obtinentem
683 2039 828 2071 ridemus,
866 2037 1075 2066 Constantinum

295 2090 412 2125 ejectum
438 2089 633 2118 submovisset.
664 2090 691 2114 et
720 2085 924 2113 adolescentulo
948 2083 1076 2111 sclaveno

294 2136 364 2163 facie
372 2134 442 2169 turpi
461 2133 585 2161 moribus
610 2133 693 2160 etiam
713 2131 840 2166 turpiori,
856 2130 986 2158 traditum
1004 2132 1078 2156 esset

295 2179 502 2217 gubernandum
518 2179 663 2214 imperium
679 2177 843 2205 Romanum.

330 2227 372 2254 Ab
387 2227 439 2254 hac
462 2225 634 2260 iniquissima
659 2224 779 2251 novitate
796 2223 907 2258 injurite
923 2222 1006 2250 etiam
1027 2222 1078 2250 illae

296 2273 431 2308 prodiere.
462 2273 562 2306 quibus
590 2270 704 2298 affectus
731 2269 783 2296 fuit
816 2273 927 2296 sanctus
955 2268 1000 2295 hic
1024 2268 1076 2294 vir.

297 2319 420 2353 Namque
442 2317 608 2345 consiliariis
628 2323 696 2343 usus
710 2315 754 2347 iis,
771 2322 841 2350 quos
859 2313 914 2341 Leo
933 2321 1005 2348 saepe
1018 2314 1079 2341 vita:

298 2372 356 2392 suae
379 2363 493 2391 insidias
511 2362 595 2390 fuisse
621 2361 730 2389 molitus
751 2359 895 2387 manifeste
912 2360 1077 2392 convictu-at,

297 2416 329 2435 ac
345 2412 488 2444 propterea
502 2407 584 2434 ctiam
600 2407 635 2434 ab
653 2406 776 2434 ecclesiis
799 2405 948 2440 repulerat,
965 2404 1006 2432 vel
1027 2404 1079 2439 ipsi

296 2456 400 2489 potius,
425 2459 497 2481 metu
520 2461 553 2480 ne
570 2453 847 2488 deprehenderentur,
865 2459 914 2479 sua
934 2458 964 2478 se
983 2455 1081 2486 sponte

295 2505 479 2532 removerant,
495 2505 524 2527 ut
538 2507 608 2535 quos
622 2498 744 2534 ejusdem
757 2505 848 2525 secum
865 2497 1006 2524 sententia:
1018 2504 1079 2524 esse

296 2546 420 2581 putabat,
434 2545 499 2572 viris
509 2545 676 2572 immanibus
693 2551 725 2571 ac
743 2543 820 2574 feris,
838 2542 941 2577 quique
956 2542 1003 2569 uni
1016 2545 1079 2568 tan-

295 2596 352 2618 tum
367 2591 482 2626 quaestui
504 2590 658 2623 inhiabant,
673 2596 705 2617 ea
729 2589 841 2617 saevitia:
858 2587 981 2622 exempla
998 2587 1026 2614 in
1044 2587 1079 2614 il-

294 2637 350 2664 lum
367 2637 462 2669 edidit,
477 2643 531 2671 qus
547 2636 573 2664 in
590 2643 653 2664 eum
670 2636 712 2663 edi
730 2642 781 2670 par
802 2639 855 2668 est,
872 2635 918 2669 qui
935 2634 964 2661 in
981 2634 1081 2669 hujus-

297 2682 371 2710 modi
400 2682 595 2710 sceleratorum
612 2689 709 2709 mattus
726 2681 841 2708 traditus
859 2681 905 2707 sit.
923 2680 962 2707 Ac
982 2684 1078 2707 caetera

292 2727 402 2762 quidem
431 2727 525 2754 videor
539 2727 606 2754 mihi
631 2727 714 2754 missa
742 2725 875 2757 facturus,
909 2732 1080 2760 quaecunque

291 2772 520 2800 contumeliosius
535 2772 580 2800 ille
600 2772 627 2800 in
651 2776 763 2799 sanctos
784 2771 858 2798 viros
873 2770 972 2803 effecit,
992 2778 1080 2805 eaque

291 2819 515 2847 commemorabo
546 2818 756 2850 tantummodo,
790 2817 864 2845 unde
893 2816 1078 2852 pulcherrime

1127 916 1293 941 consecutus
1318 917 1362 939 est
1387 918 1480 939 casus.
1506 909 1612 938 Etenim
1640 908 1686 937 ubi
1711 908 1848 936 hominem
1874 906 1915 934 sic

1126 965 1289 994 persuasum
1305 957 1342 985 illi
1357 957 1541 989 introduxere,
1555 963 1588 983 ac
1606 954 1717 982 violacei
1733 953 1834 981 coloris
1845 953 1914 979 ami-

1126 1005 1188 1032 culo
1209 1008 1309 1031 tectum
1325 1010 1411 1030 sacrae
1434 1009 1536 1029 mensae
1556 1001 1712 1032 admovere,
1737 1006 1837 1034 magno
1850 1006 1912 1025 cum

1127 1055 1187 1081 suo,
1195 1052 1252 1075 tum
1260 1047 1332 1074 illius
1339 1047 1431 1074 futuro
1438 1046 1570 1074 dedecore
1576 1044 1708 1080 (quando,
1716 1044 1823 1079 opinor,
1833 1050 1915 1078 pana

1129 1094 1187 1121 haec
1212 1093 1295 1120 illatae
1316 1093 1376 1120 viro
1399 1096 1495 1120 sancto
1520 1091 1596 1119 necis
1615 1095 1675 1119 erat
1700 1089 1826 1124 futura),
1846 1095 1913 1116 con-

1128 1138 1220 1166 festim
1243 1138 1288 1165 ille
1317 1142 1379 1172 post
1402 1137 1510 1165 facinus
1535 1136 1602 1164 illud
1624 1140 1679 1163 tam
1705 1135 1795 1163 audax
1821 1139 1915 1161 mente

1128 1189 1226 1218 captus
1246 1188 1298 1216 est,
1323 1190 1413 1217 neque
1426 1190 1461 1210 ex
1476 1190 1509 1209 eo
1532 1181 1577 1209 die
1590 1182 1616 1209 in
1633 1185 1769 1216 potestate
1786 1187 1835 1207 sua
1852 1187 1912 1206 am-

1129 1229 1202 1264 plius
1219 1227 1281 1256 fuit.
1300 1227 1370 1255 Nam
1383 1233 1410 1255 et
1424 1227 1651 1259 audacissimum,
1668 1233 1721 1253 nou
1738 1231 1828 1252 tamen
1839 1223 1914 1251 omni

1128 1282 1160 1302 ex
1181 1278 1258 1309 parte
1273 1272 1539 1307 reprehendendum,
1556 1271 1665 1298 facinus
1685 1269 1789 1305 majore
1807 1276 1868 1295 mox
1882 1275 1915 1295 ac

1130 1317 1325 1354 pcrniciosiore
1338 1317 1392 1345 alio
1410 1315 1570 1344 cumulavit.
1593 1315 1661 1343 Cum
1674 1315 1746 1342 enim
1761 1314 1858 1341 statuis
1868 1312 1914 1344 iis,

1129 1371 1191 1399 quae
1215 1363 1243 1390 in
1265 1362 1450 1398 hippodromo
1467 1365 1540 1394 sunt,
1556 1360 1666 1388 solitum
1683 1359 1789 1386 Baccho
1810 1357 1916 1386 sacrifi-

1129 1411 1201 1437 ciutn
1217 1408 1274 1436 fleri
1290 1407 1409 1440 fecisset,
1419 1414 1486 1435 sane
1499 1407 1623 1434 meritam
1632 1406 1692 1440 ejus
1707 1405 1746 1433 rei
1762 1404 1914 1432 mercedem

1130 1455 1204 1483 illico
1227 1454 1378 1489 reportavit
1396 1461 1403 1480 :
1428 1452 1564 1487 siquidem
1590 1452 1624 1479 iis
1640 1450 1762 1479 nondum
1784 1449 1913 1486 peractis,

1131 1500 1325 1529 miserabiliter
1346 1499 1473 1527 sublimis
1499 1498 1571 1526 intra
1595 1497 1750 1525 cubiculum
1772 1504 1852 1524 suum
1874 1499 1918 1523 est

1132 1547 1307 1581 importetur.
1321 1544 1392 1572 Casu
1409 1544 1495 1571 nihilo
1514 1543 1627 1570 meliore
1639 1549 1719 1577 quam
1738 1541 1790 1568 fttit
1805 1541 1849 1568 ille
1863 1541 1917 1568 Hc-

1131 1591 1219 1622 rodis,
1231 1590 1278 1625 qui
1293 1597 1355 1617 cum
1368 1588 1501 1616 Jacohum
1517 1587 1639 1615 Zebedari
1655 1588 1740 1615 filium
1754 1587 1782 1615 in
1801 1587 1916 1623 gratiam

1131 1644 1228 1664 eorum
1244 1636 1293 1672 qui
1318 1636 1457 1663 Christum
1478 1634 1645 1668 occiderant,
1664 1633 1859 1666 interemisset,
1883 1640 1917 1661 ac

1132 1682 1243 1710 Petrum
1261 1682 1350 1717 ipsunt
1364 1681 1552 1717 apostolorum
1568 1680 1719 1715 principem
1736 1679 1818 1706 simili
1837 1679 1918 1706 modo

1133 1727 1231 1754 fuisset
1246 1728 1371 1759 adortus,
1387 1726 1516 1753 nteritum
1529 1725 1588 1760 ipse
1601 1731 1713 1760 quoque
1727 1723 1859 1752 facinoris
1872 1724 1916 1751 sui

1132 1774 1274 1808 praemium
1293 1776 1335 1800 est
1353 1777 1533 1805 consecuuts;
1555 1771 1655 1807 quippe
1670 1771 1718 1806 qui
1740 1771 1768 1798 in
1783 1770 1917 1801 maxima.

1132 1825 1194 1853 quae
1208 1818 1241 1844 ad
1266 1817 1338 1844 diem
1359 1817 1509 1844 solemnem
1540 1820 1734 1849 convenerant,
1761 1815 1916 1843 mortalium

1133 1863 1295 1898 frequentia,
1324 1863 1399 1897 regio
1430 1862 1579 1890 satellitum
1608 1862 1738 1890 comitatu
1769 1861 1915 1893 subnixus.

1132 1916 1241 1937 summo
1253 1909 1391 1941 cruciatu,
1408 1908 1575 1936 scatentibus
1597 1907 1718 1943 undique
1729 1914 1764 1935 ex
1778 1906 1838 1942 ejus
1851 1913 1919 1935 cor-

1131 1962 1197 1990 pore
1212 1954 1362 1987 vermibus,
1377 1955 1410 1982 de
1423 1954 1476 1981 vita
1492 1953 1659 1981 discesserit.

1169 2000 1314 2035 Quomodo
1339 2003 1430 2027 autem
1459 1999 1504 2027 hic
1531 1999 1645 2026 noster?
1667 1997 1758 2026 Nostis
1781 1996 1915 2033 profecto.

1131 2044 1365 2080 quemadmodum
1381 2044 1534 2072 miserrime
1552 2043 1605 2072 fuit
1619 2043 1665 2072 ille
1680 2044 1780 2076 elatus,
1797 2048 1916 2078 quauta-

1131 2098 1183 2126 que
1197 2091 1224 2118 in
1237 2091 1298 2125 ejus
1314 2089 1411 2117 funere
1424 2089 1548 2118 faciendo
1561 2090 1681 2118 adhibita
1690 2089 1838 2121 festinatio,
1848 2088 1917 2115 sella

1133 2137 1218 2173 regia,
1241 2144 1294 2172 qua
1304 2136 1365 2172 ejus
1382 2143 1482 2171 corpus
1498 2136 1670 2171 portabatur,
1684 2135 1837 2167 confracta,
1852 2141 1917 2168 per-

1091 2190 1117 2220 D
1131 2183 1194 2211 inde
1207 2190 1240 2211 ac
1256 2183 1278 2210 si
1302 2190 1373 2218 aegre
1399 2182 1508 2210 tulisset
1522 2181 1734 2210 sceleratissima
1749 2188 1779 2209 se
1797 2181 1843 2208 illa
1856 2188 1917 2208 sar-

1130 2229 1191 2256 cina
1217 2235 1340 2263 pressam
1369 2227 1463 2255 fuisse.
1485 2226 1644 2255 Meminisse
1659 2226 1773 2261 potestis
1786 2231 1916 2261 praeterea

1130 2281 1212 2309 quam
1225 2273 1343 2308 graviter
1357 2272 1483 2308 fcedeque
1496 2272 1588 2300 infelix
1606 2272 1672 2300 illud
1692 2279 1793 2307 corpus
1805 2271 1914 2302 feteret,

1130 2323 1305 2353 quantuSque
1328 2325 1360 2346 ac
1381 2325 1463 2353 quam
1486 2322 1554 2345 teter
1579 2321 1652 2345 esset
1677 2317 1744 2344 odor
1761 2316 1818 2348 ille,
1832 2323 1915 2351 quem

1130 2364 1334 2391 occurrentium
1360 2363 1412 2390 sibi
1436 2363 1549 2391 naribus
1568 2362 1681 2394 afflaret.
1695 2361 1830 2397 ejusmodi
1841 2360 1917 2388 vide-

1135 2410 1201 2437 licet
1222 2409 1269 2445 qui
1298 2413 1451 2436 aromatum
1474 2416 1536 2443 quae
1560 2409 1769 2436 incenderentur
1793 2407 1914 2435 omnium

1133 2456 1244 2483 odorem
1265 2454 1455 2482 confunderet.
1476 2455 1646 2482 intumuerat
1666 2459 1797 2490 praterea
1815 2454 1914 2480 mirum

1132 2501 1159 2528 in
1178 2500 1302 2528 modum.
1326 2500 1415 2535 Atque
1429 2499 1485 2527 lucc
1501 2500 1610 2535 quidem
1628 2500 1726 2527 divinae
1741 2498 1917 2534 providentia:

1132 2552 1208 2572 nunc
1223 2545 1251 2571 in
1273 2544 1358 2572 rebus
1375 2544 1504 2572 humanis
1524 2544 1586 2571 vita:
1604 2544 1685 2579 hujus
1705 2543 1805 2571 indicia
1822 2543 1916 2576 fuere;

1131 2598 1194 2618 nam
1218 2595 1246 2618 et
1271 2589 1484 2625 colliquescente
1509 2590 1566 2625 jam
1584 2590 1611 2617 in
1631 2594 1770 2625 putrorem
1786 2580 1915 2624 corpore,

1130 2636 1190 2671 ejus
1206 2634 1296 2663 adltuc
1309 2636 1443 2670 spirantis
1455 2635 1562 2663 tabidas
1578 2642 1676 2663 carnes
1689 2643 1722 2662 ex
1740 2634 1917 2662 inferioribus

1131 2681 1211 2708 aiunt
1227 2681 1353 2716 partibus
1377 2680 1534 2713 effluxisse;
1556 2688 1611 2716 qtto
1630 2680 1740 2716 quidem
1759 2680 1858 2707 factum
1874 2683 1917 2706 est

1133 2731 1163 2754 ut
1178 2728 1221 2754 vix
1247 2726 1281 2753 ad
1303 2726 1471 2754 destinatum
1494 2726 1648 2761 sepulcrum
1664 2725 1782 2754 delatum
1802 2725 1915 2760 turpiter

1133 2772 1229 2805 fuerit,
1246 2772 1484 2808 ignominioseque
1498 2773 1659 2808 projectum.

1169 2817 1355 2846 Conferantur
1372 2826 1446 2846 nunc
1457 2818 1572 2852 nostris,
1589 2818 1611 2846 si
1623 2818 1722 2854 placet,
1735 2825 1768 2846 ea
1779 2825 1839 2854 qua
1851 2816 1915 2847 buit
