2092 3157
212 164 265 196 805

699 163 871 194 JOANNES
890 163 1152 197 GEOMETRA.—
1170 166 1337 198 NOTITIA.

1781 169 1834 203 806

210 225 372 250 evenerunt,
395 216 612 251 ostendaturque
633 218 704 252 ‘quid
725 219 869 252 religiosus
887 223 914 245 et
937 219 997 253 pius
1016 226 1036 252 Α
1052 219 1209 255 hujusmodi
1244 222 1348 249 etitum
1382 227 1519 256 exspectat
1549 231 1656 251 ntorum
1692 227 1836 260 asperitas.

209 267 264 297 vir,
287 264 352 299 quid
376 264 440 291 item
454 268 550 290 contra
576 263 624 290 Dei
646 268 817 298 contemptor
836 269 863 292 et
885 265 996 298 impius,

210 311 403 346 quomodoque
425 309 475 336 viri
492 309 529 343 pii
550 310 654 336 exitum
672 310 762 337 honos
777 310 875 338 solitus
892 310 928 337 sit
949 318 995 337 co-

209 357 312 388 mitari,
335 360 486 390 contraque
508 355 614 382 scelesti
636 356 739 382 derisio
763 356 995 390 contemptioquc.

208 403 276 430 Nam
301 401 334 428 ad
358 408 401 433 ea,
427 408 487 435 qua:
511 401 642 434 diximus,
670 401 735 428 illud
761 401 843 428 etiam
869 403 994 434 accessit,

209 447 281 482 quod
296 454 330 473 ne
345 446 424 473 solita
440 445 550 480 quidem
565 446 630 473 viris
646 446 698 481 piis
714 451 773 480 post
787 451 901 474 mortem
919 447 996 474 aditi-

208 492 266 521 beri
288 491 480 526 exanuiarum
497 491 571 526 justa
594 491 618 518 ei
645 492 782 526 persoluta
804 493 890 525 luere,
909 500 995 527 neque

208 538 282 572 regia
310 536 431 564 adhibita
463 543 478 562 a
509 537 715 570 magistratibus
745 545 862 572 pompa,
898 544 995 572 praeter

206 582 386 618 paucissimos
395 582 528 616 quosdam
552 582 719 616 eosdemque
732 583 992 617 centemptissimos,

206 628 253 663 qui
269 627 380 654 cuilibet
401 627 482 654 etiam
503 627 538 654 de
559 627 640 662 vulgo
656 627 766 654 solitum
783 628 902 655 olilcium
926 636 993 663 pra:—

207 673 305 700 staturi
324 672 450 700 fuissent.
466 673 548 706 Atqui
568 673 670 700 multos
691 677 781 700 tamen
807 674 850 701 ille
868 674 909 701 sui
936 679 990 701 stu-

206 721 299 746 diosos
324 719 452 751 habebat,
482 727 570 753 neque
593 719 721 754 impedita
751 725 810 747 erat
835 720 933 755 cuique
960 721 992 747 ad

205 772 267 792 emn
291 764 447 792 conﬂuendi
465 770 602 800 potestas;
625 766 677 793 nisi
698 765 785 793 sicubi
810 766 892 802 aliqui
912 767 992 794 etiam

205 817 306 846 praesto
327 810 414 842 fuere,
435 818 505 846 quos
526 816 619 846 utpote
643 816 801 839 auctoratos
832 804 891 839 si'ne
916 820 993 839 mora

207 856 419 890 imperatoribus
442 863 574 890 apparere
604 863 752 891 oporteret.
776 853 828 885 Sed
861 857 989 884 nimirum

205 902 349 937 oportebat.
367 907 397 929 ut
419 902 575 936 hujusmodi
593 903 762 938 sepulturam
785 903 990 930 nancisceretur
1005 896 1027 925 Β

205 949 247 974 vir
261 947 383 974 omnium
397 948 662 982 importunissimus,
679 957 740 983 quae
753 949 843 976 debita
859 949 942 977 rebus
956 950 990 975 ab

204 1001 238 1021 eo
252 995 385 1021 scelerate
399 994 483 1028 gestis
498 994 612 1021 alterius
627 994 651 1021 ei
666 995 726 1021 vitae
739 995 873 1029 supplicia
893 1003 990 1029 reprae-

205 1047 337 1069 sentaret.
355 1041 490 1069 Caeterum
514 1042 557 1069 hic
573 1042 684 1076 quidem
707 1042 757 1069 hoc
772 1042 853 1069 modo
878 1041 990 1069 meritas

204 1087 338 1114 scelerum
353 1094 465 1115 suorum
480 1094 574 1122 pinnas
587 1087 723 1122 pependit.

240 1132 310 1165 Quid
326 1139 392 1159 vero
413 1133 474 1167 ejus
486 1133 593 1160 consilii
607 1133 729 1167 primarii
746 1137 883 1165 auctores.
903 1134 989 1160 maxi-

205 1185 303 1212 meque
319 1177 364 1204 illa
378 1170 483 1205 circum
499 1177 632 1205 nefarium
645 1183 726 1213 caput
739 1178 874 1213 palpitans
883 1179 989 1206 cauda?

204 1224 328 1251 Aliorum
355 1224 487 1251 nimirum
506 1224 561 1258 jam
589 1225 691 1252 exitum
721 1225 851 1258 vidimus,
873 1233 989 1260 quorum

205 1270 338 1297 memoria
354 1277 416 1297 cum
438 1269 530 1297 sonitu
549 1269 639 1304 periit,
655 1270 716 1297 aliis
734 1270 816 1297 etiam
832 1278 863 1297 ex
878 1271 990 1306 propin-

204 1321 258 1349 quo
271 1313 328 1348 jam
341 1313 485 1342 imminere
505 1314 644 1347 videmus;
670 1322 759 1349 neque
779 1314 850 1342 enim
872 1314 989 1350 gemitus

205 1367 356 1394 pauperum
381 1359 481 1394 peribit
507 1359 534 1387 in
550 1360 643 1393 tinem,
665 1364 800 1394 canetque
821 1360 922 1387 chorus
942 1360 988 1395 ju-

204 1403 392 1434 veneularurl.
414 1404 512 1435 nostri.
536 1404 659 1438 inquam,
680 1405 773 1431 saeculi
792 1404 988 1436 Eeciesiarum,

203 1449 327 1476 victoriae
357 1456 480 1481 carmen,
512 1457 582 1476 novo
613 1455 640 1477 et
665 1449 820 1484 importuno
845 1449 989 1477 Pharaone

205 1502 256 1522 una
274 1502 337 1522 cum
353 1494 480 1523 curribus
497 1499 525 1522 et
538 1495 676 1530 equitibus
694 1495 829 1523 demerso.
848 1495 987 1530 Siquidem

797 1599 885 1612 '3‘...-

206 1599 803 1620 mm

1050 267 1155 294 duritas
1190 267 1465 302 implacabilitasque.
1483 269 1535 295 Sed
1561 269 1619 297 hac
1640 270 1722 298 missa
1748 272 1834 299 racia.

1049 318 1122 342 mus.
1133 319 1231 346 eaque,
1248 319 1309 347 qua:
1323 312 1400 339 initio
1418 313 1496 340 nobis
1510 315 1647 348 proposita
1663 319 1751 347 erant,
1768 324 1834 351 pro-

1049 364 1209 391 sequamur,
1226 358 1434 392 oratiortemque
1449 359 1500 386 hoc
1513 361 1593 387 modo
1609 361 1797 389 terminemus.

1085 401 1108 428 Ο
1119 406 1283 436 potestatem
1301 404 1463 437 pontitleum
1486 403 1547 432 Dei!
1563 413 1625 440 quae
1642 413 1695 433 una
1710 415 1771 434 cum
1789 408 1832 440 iis,

1047 445 1094 480 qui
1117 446 1225 474 virtutis
1250 454 1334 474 causa
1352 449 1474 482 perpessi
1500 449 1615 483 injurias
1639 454 1714 484 sunt,
1741 452 1832 479 latitia

1047 492 1186 525 exsultas;
1205 500 1257 519 una
1274 500 1336 519 cum
1360 493 1427 520 Abel
1449 494 1557 522 invidite
1575 495 1694 522 obnoxia
1716 503 1755 528 es,
1779 504 1832 525 una

1047 546 1110 566 cum
1127 539 1242 573 antiquo
1258 538 1304 565 illo
1324 539 1410 566 Jacob
1426 539 1460 567 al)
1473 541 1579 568 tumulis
1591 542 1701 569 assidue
1713 543 1831 574 vexaris.

1048 593 1100 611 una
1119 592 1180 612 cuin
1203 584 1334 611 Zacharia
1353 585 1498 619 jugularis,
1524 594 1576 613 una
1602 595 1664 614 eum
1683 587 1784 616 Jacobo
1804 590 1831 616 in

1046 631 1160 666 gratiam
1180 630 1339 658 Judzcorum
1360 631 1500 662 tuactaris,
1518 639 1571 658 una
1587 640 1648 659 cum
1664 633 1727 660 divo
1744 635 1832 661 Atha-

1046 678 1122 705 nasio
1145 685 1160 705 e
1187 678 1300 709 sedibus
1329 678 1383 705 tuis
1409 679 1574 711 exturbaris,
1596 687 1650 706 una
1668 687 1730 706 cum
1748 679 1832 706 Paulo

1045 724 1135 752 exsilii
1164 724 1277 759 pedicis,
1308 724 1539 760 quemadmodum
1570 725 1624 757 hic,
1650 724 1832 752 confessionis

1046 770 1212 802 honestaris,
1242 779 1296 798 una
1323 779 1385 798 cum
1410 770 1564 807 Nicephoro
1589 775 1616 798 et
1640 771 1737 799 Photio
1766 771 1832 798 viris

1047 816 1207 844 clarissimis
1228 816 1299 851 fugis
1314 824 1346 844 ac
1365 817 1500 843 mortibus
1517 817 1664 845 decoraris.
1687 815 1726 843 Te
1741 816 1833 851 sepul-

1045 869 1122 889 crum
1139 869 1193 888 non
1207 862 1327 896 operuit,
1345 862 1391 889 sed
1406 862 1534 889 omnibus
1549 869 1610 897 quae
1624 861 1675 888 sub
1687 862 1757 889 caelo
1767 867 1832 889 sunt

1044 907 1124 934 terris
1138 908 1255 942 aperuit.
1269 907 1307 935 Te
1326 915 1380 935 non
1400 912 1471 935 terra
1493 908 1625 941 contexit,
1640 908 1686 935 sed
1703 908 1831 936 omnibus

1044 961 1105 988 qua»,
1133 953 1234 988 ubique
1265 958 1330 980 sunt
1355 953 1479 988 partibus
1494 953 1554 986 ejus
1573 954 1702 985 ostendit|
1718 955 1830 988 ilignum

1045 997 1201 1032 pontificem
1216 1005 1249 1024 eo
1260 998 1340 1032 quite
1356 1003 1496 1025 creaverat
1507 997 1572 1029 Deo,
1584 997 1712 1025 idoneum
1725 1005 1828 1032 praeco-

1046 1050 1106 1069 nem
1139 1042 1219 1069 rebus
1237 1043 1308 1069 illius
1321 1042 1466 1077 magniﬁce
1488 1042 1584 1077 gestis,
1607 1042 1724 1069 similem
1745 1042 1828 1068 etiam

1043 1094 1138 1114 eorum
1146 1094 1215 1121 quos
1223 1087 1281 1122 ipse
1289 1087 1387 1114 tulerat
1397 1087 1520 1113 laborum
1529 1087 1631 1113 exitum
1640 1091 1828 1114 consecutum.

1046 1130 1237 1158 Verumtamen
1253 1131 1433 1165 qui-laborum
1449 1131 1504 1165 jam
1523 1136 1631 1158 tuorum
1643 1131 1752 1164 praemia
1766 1138 1830 1165 per-

1043 1177 1149 1210 cepisti.
1162 1184 1270 1211 unaque
1286 1184 1316 1203 es
1336 1184 1398 1204 cum
1420 1176 1490 1203 duce
1504 1177 1690 1211 magistroque
1708 1176 1829 1207 Christo,

1043 1231 1105 1249 eum
1124 1223 1223 1250 isthiuc
1237 1223 1316 1250 nobis
1327 1223 1453 1254 concilia,
1466 1227 1496 1250 ut
1506 1222 1749 1257 sistatprocellatn,
1759 1227 1830 1249 tent-

1043 1272 1176 1302 pestatem
1193 1267 1331 1299 cohibeat,
1354 1268 1439 1295 maris
1455 1267 1601 1295 tutnultum
1617 1267 1703 1298 sedet,
1720 1267 1764 1300 iis,
1782 1266 1828 1301 qui

1043 1313 1137 1340 itidem
1161 1318 1191 1341 ut
1207 1321 1258 1340 nos
1272 1313 1382 1348 injuriis
1396 1313 1487 1340 all'ecti
1502 1312 1589 1345 fuere,
1606 1314 1701 1340 merita
1718 1312 1829 1347 praemia

1043 1359 1189 1394 persolvat.
1209 1359 1266 1386 sive
1291 1363 1321 1385 ut
1340 1358 1474 1394 judicium
1501 1364 1679 1386 convertatur
1699 1359 1726 1385 in
1747 1358 1830 1393 justi-

1044 1405 1119 1436 tiam,
1149 1404 1206 1431 sive
1230 1409 1266 1431 ut'
1285 1404 1448 1439 injuriarum
1474 1408 1601 1432 auctores
1626 1408 1777 1439 agnoscant
1800 1411 1830 1430 se

1041 1449 1201 1483 deliquisse,
1218 1454 1245 1476 et
1266 1449 1403 1482 idoneam,
1428 1454 1522 1476 contra
1544 1456 1627 1485 quant
1647 1448 1780 1475 hactenus
1794 1448 1828 1474 ab

1042 1495 1083 1522 his
1099 1495 1199 1522 factum
1216 1500 1267 1528 est,
1281 1496 1444 1523 cantilenam
1461 1495 1650 1524 ausoicentur.

891 1596 1830 1618 m1—

734 1687 888 1714 tNEUME,
913 1686 954 1709 υτ
969 1686 1121 1713 vtne'run,
1141 1686 1265 1708 sesamo
1282 1685 1300 1707 x

436 1787 923 1878 JOANNES
989 1782 1592 1877 GEOMETBA

902 2018 1156 2064 ΝΟΤΙἸΊΑ

203 2118 251 2150 (Ex
267 2118 410 2150 pradatione
433 2116 463 2142 R.
476 2116 504 2140 Ρ.
517 2115 575 2140 Ant.
590 2113 718 2150 Ballerini,
737 2113 820 2150 ἣν)...
832 2113 857 2147 i_n
876 2110 1361 2150 praeclara"sj'illoge‘rbionntnentﬁum
1373 2111 1563 2150 ali-lytnysterium
1584 2110 1756 2141 ConceptiOnis
1779 2111 1825 2134 im-

615 2141 743 2169 lnaculaite
754 2143 861 2174 Virginis
873 2141 988 2174 Deiparaz
1002 2142 1173 2167 illustrandum
1185 2143 1268 2166 ttoma:
1279 2141 1339 2166 1856
1351 2142 1436 2172 edita.)

1005 2229 1038 2237 μ.-

237 2298 277 2328 De
291 2300 367 2323 certa
385 2285 465 2323 relate
486 2303 539 2330 qua
556 2295 701 2323 Geometra
726 2295 834 2325 vixerit,
851 2294 970 2321 nondum
985 2298 1103 2327 constat,
1121 2293 1184 2320 licet
1205 2291 1328 2320 nonnulli
1351 2290 1481 2326 temporis
1500 2290 1579 2323 lines,
1601 2290 1648 2317 lati
1670 2290 1687 2318 ii
1704 2290 1825 2325 quidem,

200 2339 287 2374 aliqui
319 2344 412 2367 tamen
428 2339 564 2374 assignari
580 2340 636 2374 jam
653 2339 770 2374 possint,
787 2338 887 2373 quibus
906 2345 957 2365 nec
970 2337 1109 2372 antiquior
1122 2343 1171 2364 nec
1185 2335 1322 2363 recentior
1342 2335 1476 2363 dicendus
1492 2334 1540 2362 sit.
1556 2334 1677 2361 Alterum
1693 2333 1774 2362 nobis
1791 2333 1826 2361 li-

205 2384 298 2412 initem
317 2384 375 2412 haec
396 2384 467 2420 ipsa,
486 2384 540 2411 nisi
557 2383 649 2417 fallor,
665 2384 753 2412 oratio
769 2383 880 2417 prabet.
894 2390 977 2417 quam
989 2381 1107 2409 edimus.
1122 2380 1189 2408 Nam
1205 2380 1249 2407 ubi
1265 2379 1299 2408 ad
1316 2378 1517 2413 explanandum
1533 2377 1683 2405 Dominicaa
1699 2377 1826 2404 incarna-

201 2428 285 2455 tionis
309 2428 472 2463 mysterium
491 2427 613 2456 Joannes
634 2428 750 2460 accedil,
774 2434 829 2455 non
856 2426 1054 2462 Eutychianam
1083 2425 1175 2455 modo,
1200 2430 1295 2450 verum
1319 2423 1402 2450 etiam
1419 2421 1650 2450 Illonotheliticam
1670 2420 1825 2449 hatreticam

202 2470 396 2498 confusionem
426 2475 466 2499 sat
494 2472 596 2499 diserte
620 2471 778 2506 perstringit
805 2475 832 2498 et
848 2471 990 2505 intpugnat
1007 2468 1034 2503 (§
1057 2467 1140 2502 XXI).
1160 2466 1225 2494 Post
1240 2470 1363 2494 exortam
1384 2465 1467 2501 igitur
1485 2464 1724 2493 Monothelitarum
1743 2463 1828 2490 luere-

204 2514 260 2541 sim
274 2514 397 2549 scriptus
411 2519 454 2542 est
467 2522 570 2542 sermo.
590 2516 714 2543 Alterum
728 2522 794 2542 vero
809 2515 922 2542 limitem
940 2517 1043 2542 certum
1057 2511 1149 2546 deligit
1162 2509 1262 2538 Calena
1277 2509 1391 2536 Patrum
1404 2509 1431 2536 in
1443 2508 1542 2536 Lucam
1559 2508 1593 2534 ab
1607 2506 1824 2535 eminentissimo

202 2558 307 2592 Angela
322 2558 396 2585 Maio
413 2558 508 2586 Grmce
524 2558 596 2585 edita
611 2559 640 2586 in
662 2556 760 2592 Script.
780 2563 831 2585 vel.
847 2561 867 2584 t.
894 2556 940 2588 ΙΧ,
962 2561 989 2584 et
1005 2556 1126 2583 Nicctam
1144 2554 1480 2589 Constantinopolitanum
1494 2553 1640 2580 diaconum
1659 2550 1760 2577 habens
1775 2557 1826 2576 au-

201 2608 316 2630 ctorem.
334 2601 404 2630 Cum
421 2603 497 2630 enim
519 2603 602 2630 multa
618 2611 634 2629 e
649 2602 764 2630 Joannis
778 2601 930 2630 Geometra:
947 2601 1058 2635 scriptis
1075 2598 1170 2626 Niceta
1184 2597 1362 2632 decerpserit,
1378 2601 1406 2624 ct
1420 2604 1476 2624 sua:
1493 2594 1644 2624 collectioni
1667 2594 1826 2620 ittsvt‘lteritr

203 2647 229 2673 id
242 2655 285 2680 lue
306 2651 367 2679 post
383 2647 502 2674 medium
520 2647 652 2674 saeculum
672 2654 699 2674 χι
715 2646 882 2681 prtestilcrit,
901 2645 990 2679 palam
1004 2648 1046 2671 est
1063 2643 1235 2671 Geometram
1253 2647 1320 2678 ante
1337 2641 1362 2668 id
1382 2641 1513 2675 temporis
1529 2639 1664 2666 floruisse.
1677 2637 1827 2681 Quodau-

204 2695 257 2718 tem
272 2692 396 2727 quidam,
415 2691 489 2718 nulla
506 2690 570 2722 alia,
587 2694 616 2717 ut
628 2680 745 2722 videtur,
762 2689 795 2716 de
811 2696 904 2721 causa,
922 2688 974 2716 nisi
990 2692 1021 2715 ut
1034 2695 1068 2714 ne
1083 2694 1196 2722 prorsus
1210 2687 1245 2712 de
1258 2692 1291 2713 eo
1307 2689 1425 2717 taceant,
1441 2688 1542 2711 certam
1557 2683 1676 2727 aliquam
1693 2680 1826 2727 epocham

203 2725 349 2770 designare
374 2735 534 2767 maluerint,
550 2733 589 2761 uti
603 2742 629 2760 v.
648 2742 691 2768 gr.
705 2733 859 2761 Casimitus
873 2731 1009 2763 Oudiuus,
1027 2731 1073 2765 qui
1089 2730 1126 2765 (α)
1142 2737 1215 2757 anno
1231 2729 1299 2756 1050
1318 2733 1346 2755 et
1360 2728 1540 2755 Cumbetisius
1556 2726 1603 2761 qui
1619 2726 1656 2760 (ὑ)
1670 2725 1760 2770 medio
1773 2732 1825 2770 sae:

203 2766 298 2806 culo-1
313 2783 362 2806 aut
374 2786 402 2806 ιι
414 2766 592 2807 Geometram
604 2766 707 2805 vixisse
721 2776 905 2809 allirniarunl,
920 2783 972 2810 pro
986 2775 1072 2804 nihilo
1092 2774 1247 2802 habendum
1262 2777 1315 2801 est.
1338 2771 1467 2806 Nunquid
1482 2771 1555 2799 enim
1574 2777 1629 2797 non
1644 2768 1701 2805 pari
1715 2768 1777 2804 jure
1792 2766 1830 2795 ad

242 2854 282 2889 (α)
303 2857 339 2884 De
353 2859 446 2891 script.
463 2857 524 2884 θαι.
539 2857 571 2890 ll,
587 2856 644 2884 6l5.

1083 2853 1120 2888 (b)
1135 2850 1205 2880 Bibl.
1222 2851 1302 2881 σοιτί.
1318 2852 1373 2881 vol.
1387 2851 1408 2885 l,
1425 2858 1484 2886 pag.
1498 2849 1542 2877 23.
