2092 3157
198 210 200 212 _
235 175 288 208 801
831 170 1009 203 ’JOANNES
1029 169 1246 200 GEOMETRA.
1806 163 1859 195 808

236 233 367 261 saeculum
390 240 414 259 Ix
443 231 568 258 ettmdcm
588 230 750 264 scriptorem
778 228 880 256 referre
904 230 1039 264 quispiam
1066 229 1175 263 posset?
1198 227 1359 263 Ilippolytus
1379 224 1548 252 Marraccius
1566 220 1707 257 (Biblioth.
1728 219 1858 254 νικήσῃ,

239 281 310 311 part.
327 284 334 302 I
354 276 387 303 ad
408 283 434 302 ν.
454 274 572 300 Joannes
593 272 743 307 Gcontetra)
762 273 868 303 scribit.
890 280 951 299 eum
969 273 1090 306 ﬂoruisse
1106 273 1177 299 circa
1199 280 1298 299 annum
1313 271 1410 298 salutis
1426 278 1472 304 per
1489 268 1624 296 Christth
1639 270 1779 311 reparate
1794 265 1857 311 1180.

241 309 318 346 Unde
331 323 422 346 tamen
439 318 464 344 id
479 317 614 349 didicerit,
632 317 731 343 tacitus
747 317 875 351 pra-terit.
887 316 964 349 Quod
983 317 1005 344 si
1021 317 1147 343 nonnihil
1163 315 1361 344 verisimilibus
1378 312 1546 348 conjecturis
1561 310 1645 338 tribui
1662 314 1798 344 oporteat,
1807 309 1859 337 hoc

241 370 327 390 utrum
345 362 413 388 forte
430 368 483 387 non
501 360 676 387 almnendum
695 360 844 392 videbitur.
869 367 901 388 eo
918 360 977 395 ipso
1001 361 1073 394 quod
1096 365 1150 387 tam
1165 359 1250 386 multa
1267 366 1283 386 e
1304 358 1450 385 Geometra
1468 356 1494 382 in
1510 360 1635 382 catenam
1651 361 1730 381 suam
1751 353 1859 380 Nicrtas

239 406 383 438 derivavit,
397 405 525 432 omnibus
538 405 680 439 perpensis
693 405 731 432 rei
746 404 893 438 adjunctis,
907 404 980 431 haud
994 403 1188 438 improbabiles
1199 402 1261 430 duci
1276 409 1356 437 posse
1367 401 1488 428 rationes
1498 398 1641 434 opinandi,
1653 398 1689 425 ab
1706 397 1855 425 Geometra

239 449 362 476 Nicetam
378 455 430 475 non
444 449 556 475 omnino
567 448 668 483 exiguo
679 455 814 475 annorum
829 447 971 474 intervallo
986 447 1142 481 sI-jnnctum
1160 445 1255 473 fuisse.

275 492 342 525 Quis
357 497 449 518 autem
473 491 563 522 fuerit,
589 491 717 518 omnibus
737 491 790 518 huc
811 498 898 525 usque
920 490 1021 518 mansit
1038 490 1248 524 incompertum.
1269 487 1336 515 Illud
1355 492 1445 514 tamen
1469 493 1502 513 ex
1521 484 1654 512 Vaticano
1675 483 1770 511 codice
1790 483 1859 510 inter

241 536 348 563 Crwcos
364 535 503 562 Palatinos
520 535 555 562 Ν.
571 535 624 562 8οὶ
637 535 741 562 discere
752 539 828 561 certo
839 535 913 567 licet,
932 534 1134 568 presbyteratus
1147 532 1242 558 ordine
1253 538 1316 558 eum
1332 530 1489 564 insignitum
1509 528 1612 560 fuisse;
1630 531 1718 555 exstat
1733 527 1806 553 enim
1821 526 1857 552 ibi

240 580 301 614 ejus
311 579 411 610 oratio,
423 579 463 610 εἰς
476 579 571 605 ἑαυτὸν
587 578 668 613 ἡνίκα
680 577 865 613 πρεσϐύτερος
877 577 1066 612 ἐχειροτονήθη

1031 577 1080 611 ηθη·
1097 577 1123 602 in
1140 583 1167 602 se
1176 576 1264 609 ipsum
1279 583 1338 601 cum
1352 577 1518 600 consecratus
1534 576 1572 598 est
1587 571 1742 605 presbyter;
1758 577 1789 596 ex
1804 577 1857 604 qua

239 623 322 650 etiam
337 622 464 649 novimus
477 628 550 651 eum.
570 620 669 647 nedum
686 624 807 653 matura,
821 619 870 647 sed
886 620 953 647 satis
967 625 1094 654 provecta
1111 624 1200 650 :etate.
1213 619 1323 653 quando
1342 618 1396 652 jam
1416 615 1589 646 eanescebat,
1606 615 1768 649 viribusque
1782 614 1858 642 elan-

240 674 323 700 guere
339 669 470 700 eruperat,
486 665 676 699 presbyterum
691 668 890 692 consecratum.
911 663 977 696 Ejus
991 668 1055 691 sunt

1031 668 1055 690 ait
1075 664 1177 691 verba:
1196 664 1228 690 Εἰ
1247 663 1276 690 δέ
1291 671 1332 694 τις
1352 661 1394 697 εἴη
1412 661 1466 688 τῶν
1485 658 1539 691 οἷος
1554 659 1620 694 ἐγὼ,
1638 655 1660 693 ᾧ
1680 658 1759 685 πολιὰ
1778 658 1826 693 μὲν
1842 659 1857 693 ἡ

242 709 313 745 θρὶξ,
330 709 423 744 νωθρὰ
434 709 462 735 δὲ
477 708 531 735 ὑπὸ
547 708 593 734 τοῦ
611 707 709 743 χρόνου
724 709 740 743 ἡ
755 700 877 743 (iuvetite,
890 708 1044 742 ὑπότρομος
1058 707 1085 734 δὲ
1098 708 1144 734 καὶ
1159 704 1322 738 ὑποσκάζων
1335 706 1348 732 ὁ
1361 704 1451 738 λόγος,
1467 703 1562 730 τοῦτον
1577 704 1606 729 ὲν
1622 703 1679 733 toi;
1693 702 1787 737 ἱδρῶσι
1801 702 1856 728 τῶν

241 752 400 786 ἀγωνιστῶν
419 751 661 785 ὲπευφραινεσθαι,
681 759 709 778 κ.
732 759 758 777 τ.
779 751 804 777 λ.
827 751 1007 778 monasticam
1026 751 1067 778 vit:

1031 751 1108 778 vitam
1127 750 1281 786 professum
1305 749 1381 776 illum
1398 748 1495 778 fuisse,
1515 747 1586 773 hami
1606 753 1708 780 anceps
1725 746 1857 773 indicium

242 796 398 830 suppeditat
411 795 532 829 ejusdem
549 794 712 829 opusculum
728 794 770 821 cui
785 794 879 821 titulus
898 799 939 821 est
954 793 1116 825 Paradisus.
1130 794 1258 828 quodque
1272 800 1334 820 cum
1351 792 1509 819 Morelliana
1524 790 1650 817 versione
1660 789 1716 823 jam
1734 789 1760 816 in
1777 789 1859 816 editis

243 839 387 876 habemus.
402 838 475 866 Satis
496 838 578 866 fuerit
594 838 637 865 hic
651 838 828 872 descripsisse
844 838 962 873 primum
979 846 994 865 e
1012 837 1094 866 XCIX
1110 838 1277 866 tctrasticbis
1292 837 1392 872 quibus
1409 840 1495 864 totum
1512 842 1581 870 opus
1595 834 1746 862 absolvitur
1761 842 1768 861 :

662 893 821 921 Sanctorum
838 899 918 922 cactus
931 902 989 921 rere
1000 899 1037 921 est
1051 894 1192 928 paradisus
1209 900 1338 926 amoenus,

698 937 771 964 Unde
782 938 878 964 animis
895 938 964 972 n/ﬂot
978 938 1066 964 suavis
1081 943 1105 964 et
1119 937 1206 964 almus
1227 938 1302 964 odor.

660 981 730 1015 Ergo
744 981 787 1007 cui
802 981 898 1015 affeclu
912 985 972 1007 stult
986 986 1092 1015 pectora
1109 981 1174 1008 larsa
1190 981 1314 1015 profano,

701 1023 758 1051 lluc
772 1025 866 1056 veniat,
885 1025 976 1059 ﬂorent
991 1031 1082 1059 carpat
1095 1030 1120 1052 et
1135 1025 1285 1052 ambrosia.

275 1077 354 1105 Costa
371 1082 462 1105 autem
482 1082 652 1110 sanctorum,
666 1078 700 1105 ad
714 1086 795 1113 quem
815 1084 913 1106 auctor
936 1079 1043 1110 invitat,
1059 1079 1128 1106 nihil
1144 1079 1283 1114 designari
1300 1077 1385 1111 aliud,
1406 1085 1488 1114 quam
1505 1076 1706 1105 emnobilarum
1723 1079 1862 1103 monaste-

241 1122 326 1154 rium,
339 1129 394 1148 non
411 1122 494 1149 modo
507 1130 551 1149 res
563 1122 621 1156 ipsa
636 1121 747 1154 clamat,
764 1123 811 1149 sed
824 1126 852 1148 et
864 1123 916 1148 alia
932 1122 1093 1149 tetrasticha
1115 1123 1293 1154 conllrmant,
1308 1122 1354 1150 ubi
1369 1127 1395 1149 et
1410 1121 1608 1149 monachorum
1624 1119 1727 1147 mentio
1741 1119 1863 1154 injicitur

242 1168 270 1191 et
291 1165 325 1192 de
347 1164 508 1192 monasticis
530 1164 677 1192 virtutibus
699 1165 801 1200 agitur,
819 1165 951 1200 exemplis
970 1165 1156 1201 antiquiorum
1179 1166 1381 1194 camobitarum
1399 1165 1523 1197 Antonii,
1547 1163 1667 1196 Arsenii,
1683 1162 1862 1194 Bessarionis,

242 1207 403 1242 Agathonis,
419 1207 532 1234 Achillas
547 1207 708 1243 propositis.

278 1252 345 1284 lmo,
359 1252 382 1280 si
396 1252 462 1280 Ildcs
478 1252 602 1280 habenda
623 1257 664 1279 cst
678 1252 790 1280 alterius
806 1253 940 1281 sermonis
955 1253 1044 1286 titulo,
1056 1261 1137 1288 quem
1155 1252 1278 1280 referunt
1292 1257 1349 1280 tum
1367 1251 1583 1287 Cbristophorus
1599 1249 1695 1278 Ilarles
1711 1249 1738 1277 in
1757 1249 1816 1276 suis
1830 1249 1863 1275 ad

242 1294 362 1322 Fabricii
377 1294 574 1323 Bibliothecam
588 1296 711 1324 Graecam
723 1295 927 1328 additamcutis,
942 1300 998 1324 tum
1013 1295 1135 1325 Joannes
1150 1296 1248 1324 Iriarte
1264 1295 1290 1323 in
1303 1295 1465 1323 recensione
1477 1295 1609 1322 Codicum
1623 1293 1781 1321 Graecorum
1798 1291 1864 1318 Mss.

243 1338 419 1366 Bibliotheca:
436 1338 613 1372 Matritensis,
629 1340 676 1374 qui
692 1343 719 1366 et
739 1339 876 1374 prolixum
892 1340 1015 1374 ejusdem
1035 1340 1172 1368 sermonis
1187 1339 1371 1375 fragmentum
1394 1339 1516 1370 exhibet,
1536 1338 1607 1365 haud
1631 1337 1711 1372 plane
1729 1337 1866 1364 immerito

243 1382 379 1418 conjicere
395 1383 531 1418 quispiam
562 1388 654 1417 posset
669 1403 677 1415 ,
695 1382 827 1410 Joannem
844 1389 967 1411 nostrum
983 1384 1130 1419 episcopali
1145 1391 1254 1419 quoque
1267 1382 1398 1417 dignitate
1412 1381 1511 1409 deinde
1528 1381 1686 1409 decoratum
1705 1380 1801 1407 fuisse.
1819 1379 1867 1406 'I‘i-

243 1427 318 1454 tulus
329 1426 401 1454 enim
417 1431 479 1454 est:
499 1426 622 1453 Ἰωάννου
649 1427 842 1462 Πρωτοϐρόνου
868 1427 916 1454 τοῦ
936 1428 1069 1464 Γεωμέτρ

1039 1436 1099 1464 cpoo
1120 1427 1185 1462 περὶ
1204 1426 1252 1454 τοῦ
1273 1426 1369 1462 μήλου.
1389 1425 1502 1452 Joannis
1527 1424 1699 1451 Pratothroni
1722 1423 1865 1451 Geometra-

243 1479 329 1498 sermo
343 1471 375 1498 de
396 1471 477 1498 malo.
493 1469 578 1498 Porro
597 1479 769 1507 quascunque
796 1472 829 1500 de
843 1480 894 1501 usu
911 1473 989 1501 vocis
1004 1471 1198 1508 Πρωτοορόνου
1220 1475 1372 1506 suppetunt
1396 1475 1517 1497 veterum
1535 1473 1724 1500 monumenta,
1743 1475 1777 1495 eo
1791 1467 1867 1494 colli-

244 1518 326 1542 neant
355 1516 458 1547 omnia,
491 1520 519 1542 ut
549 1523 641 1548 nemo,
665 1515 713 1551 qui
739 1516 922 1552 episcopalem
954 1517 1073 1552 aliquem
1103 1516 1234 1543 thronum
1267 1521 1321 1542 non
1356 1513 1486 1545 tenuerit,
1518 1512 1570 1539 hoc
1607 1511 1687 1539 titulo
1718 1515 1867 1538 exornatus

243 1562 354 1592 putetur
367 1559 419 1593 (ιι).

279 1600 440 1637 Quanquam
455 1609 520 1630 vero
535 1602 703 1637 incomperta
726 1602 816 1630 adhuc
829 1598 940 1630 manent
955 1601 1068 1631 Joannis
1083 1603 1236 1631 Geomntra:
1258 1607 1315 1630 tum
1334 1606 1409 1638 gesta
1430 1606 1486 1628 tum
1507 1605 1581 1628 certa
1609 1605 1677 1627 retas
1692 1620 1699 1632 ,
1723 1606 1777 1625 non
1790 1605 1869 1632 seque

245 1650 335 1673 tamen
352 1646 499 1673 obscurum
516 1651 568 1677 est,
584 1646 721 1680 quodnam
738 1647 771 1674 de
789 1654 822 1674 eo
835 1646 980 1680 judicium,
995 1647 1105 1682 scriptis
1119 1648 1204 1682 ipsius
1226 1647 1367 1682 inspectis,
1388 1646 1530 1673 ferendum
1554 1645 1600 1672 sit.
1619 1644 1781 1671 Balthsssar
1800 1642 1868 1670 Cor-

244 1690 338 1716 dcrius
354 1689 380 1715 in
403 1689 504 1723 praevio
520 1689 641 1717 indiculo
661 1689 784 1721 Patrum,
806 1697 925 1724 quorum
948 1690 1058 1725 scriptis
1087 1691 1188 1718 texitur
1209 1695 1307 1719 eatena
1330 1698 1412 1725 quam
1431 1689 1551 1724 vulgavit
1573 1689 1599 1716 in
1618 1688 1733 1719 Lucam,
1753 1687 1824 1714 hanc
1836 1685 1870 1712 de

246 1733 390 1760 Gcometra
415 1733 554 1760 ferendam
575 1733 738 1761 sententiam
760 1733 888 1761 censuit:
910 1733 977 1760 Eum
993 1735 1077 1761 multa
1094 1735 1174 1761 etiam
1195 1734 1284 1761 solata
1308 1735 1428 1761 oratione
1453 1741 1504 1760 non
1523 1732 1656 1767 eleganter
1679 1731 1766 1757 "tinus
1789 1737 1868 1764 quam

244 1783 351 1803 uerrose
365 1776 514 1810 scripsisse,
530 1781 638 1810 apparet
651 1785 683 1803 ca;
695 1777 852 1811 fragmentis
866 1777 925 1811 ejus
939 1785 991 1804 non
1005 1778 1097 1811 paucis
1113 1786 1158 1805 nec
1171 1778 1270 1812 parvis,
1287 1778 1337 1804 Itac
1352 1777 1452 1804 Catena
1469 1777 1570 1808 citatis,
1588 1777 1614 1802 in
1628 1775 1724 1811 quibus
1741 1779 1766 1802 et
1783 1773 1868 1800 subli-

245 1827 313 1845 mem
330 1819 488 1853 theologum,
505 1819 662 1846 historicum
676 1821 824 1852 eruditum,
843 1826 868 1848 et
885 1822 1056 1855 interpretem
1074 1829 1106 1849 ac
1125 1821 1292 1849 ecclesiasten
1313 1821 1440 1848 eximium
1460 1822 1526 1856 agit.
1551 1820 1720 1847 Mal-raecius
1742 1818 1868 1845 eutuolem

245 1867 376 1897 tanquam
389 1868 520 1890 oratorem
535 1872 565 1890 ac
579 1868 683 1898 poetam
695 1872 743 1891 suo
757 1869 870 1899 tempore
885 1865 1014 1900 insignem
1030 1864 1203 1900 depraedicat.
1213 1863 1268 1892 Nec
1282 1865 1362 1892 aliter
1375 1864 1561 1892 Combctisius
1577 1863 1665 1898 ipsum
1681 1870 1731 1890 ceu
1748 1861 1870 1888 devotam

245 1912 379 1934 auctorem
394 1912 418 1934 et
430 1907 562 1934 eruditum
580 1908 681 1936 laudat.

279 1972 319 2007 (ιι)
332 1972 412 2000 Conf.
429 1973 468 2001 Du
483 1973 568 2008 Cang.
581 1973 669 2002 Glass.
685 1973 771 2002 στανδ.
783 1975 816 2002 ad
829 1983 854 2002 ν.
871 1975 1016 2007 ΘΡΟΝΟΣ,
1037 1980 1065 2002 et
1077 1974 1105 2003 Gl

748 1982 771 2001 ο.
783 1975 816 2002 ad
829 1983 854 2002 ν.
871 1975 1016 2007 ΘΡΟΝΟΣ,
1037 1980 1065 2002 et
1077 1974 1164 2003 Gloss.
1179 1974 1238 2002 Lat.
1253 1975 1286 2002 ad
1302 1983 1328 2002 v.
1342 1974 1572 2002 Pnornunosus.

786 2110 1040 2156 ΝΟΤΙΤΙΑ
1075 2110 1324 2156 ALTERA.

695 2190 805 2221 (Ριωιιιε.
819 2189 934 2216 Biblioth.
947 2191 990 2216 Gr.
1002 2190 1042 2215 ed.
1057 2189 1154 2221 Ilarlcs,
1165 2195 1225 2216 tom.
1245 2191 1308 2221 \‘III,
1322 2198 1345 2222 p.
1356 2191 1424 2222 625.)

282 2297 432 2325 Geometras
445 2296 639 2324 adscribuntur
652 2303 660 2323 :

282 2343 380 2377 Hymni
397 2346 516 2377 quatuor
537 2343 650 2378 elegiaci
669 2343 696 2370 in
715 2342 745 2370 S.
762 2343 911 2378 Virginem,
930 2352 993 2372 cum
1015 2347 1182 2381 metaphrasi
1206 2346 1329 2374 Federici
1364 2347 1481 2379 Morelli,
1505 2347 1636 2382 subjectis
1661 2352 1723 2374 octo
1749 2346 1875 2374 versibus

247 2386 382 2419 iambicis,
397 2386 497 2421 quibus
513 2392 608 2413 auctor
626 2386 674 2419 ait,
691 2394 721 2414 se
735 2387 817 2415 unius
836 2395 852 2415 e
875 2387 926 2415 SS.
944 2387 1079 2416 Triuitate
1094 2396 1234 2425 parentem
1251 2391 1371 2426 perfecta
1399 2391 1512 2424 decade,
1530 2391 1660 2419 trecentis
1682 2391 1808 2418 versibus
1825 2392 1876 2423 (tot

246 2432 318 2460 enim
332 2431 439 2466 στίχους
456 2431 676 2466 complectuntur
689 2431 726 2458 illi
745 2431 861 2467 hymni),
876 2433 1040 2465 celebrasse.
1058 2435 1231 2461 hexametros
1245 2438 1349 2465 autem.
1364 2439 1394 2461 ut
1408 2434 1600 2469 perfectiores,
1615 2433 1869 2470 imperfectioribus

247 2476 423 2511 pentametris
435 2475 571 2510 juuxisse,
585 2480 615 2503 ut
629 2475 667 2502 illi
677 2475 809 2507 divinam,
827 2476 853 2503 hI
866 2477 1013 2504 humanam
1030 2478 1133 2506 Christi
1147 2481 1274 2505 naturam
1292 2478 1471 2505 deuotarent.

281 2519 404 2555 IIymuus
420 2519 445 2546 in
463 2518 492 2546 Β.
518 2519 660 2554 Deiparam
683 2519 883 2554 alphabeticus,
900 2520 935 2547 ita
959 2525 988 2548 ut
1002 2522 1103 2556 singuli
1121 2521 1250 2548 versiculi
1269 2521 1419 2553 vocabulis,
1435 2521 1470 2548 ab
1490 2521 1586 2549 eadem
1608 2521 1700 2549 littera
1723 2521 1875 2549 secundum

246 2563 371 2590 ordinem
387 2563 522 2597 alpltabeti
534 2562 736 2597 incipientibus,
752 2567 887 2591 constent.
903 2563 989 2591 IIosce
1004 2565 1121 2599 hynmns
1139 2567 1165 2592 in
1181 2573 1296 2600 corpore
1313 2570 1456 2600 poetarum
1470 2565 1629 2593 Graecorum
1649 2567 1828 2594 heroicorum
1848 2570 1876 2592 et

247 2607 431 2642 elegiacorum
447 2607 529 2634 etiam
542 2611 658 2642 utraque
672 2607 766 2642 lingua
781 2608 903 2643 vulgatos
916 2607 1019 2635 Gener.
1040 2609 1120 2639 1614,
1140 2609 1200 2641 fol.,
1212 2617 1239 2644 p.
1255 2609 1318 2640 746.
1332 2609 1437 2644 primus
1452 2617 1515 2637 cum
1528 2609 1695 2645 metaphrasi
1709 2617 1760 2637 sua
1776 2609 1872 2636 Latina

249 2651 367 2685 vulgavit
382 2656 409 2678 et
423 2651 555 2687 Gregorio
573 2651 631 2679 XIV
646 2652 766 2686 pontiﬁci
780 2652 882 2680 dicavit
896 2652 1044 2680 Federicus
1061 2651 1199 2685 Morcllus,
1221 2651 1309 2680 Paris.
1324 2652 1405 2686 1591,
1417 2653 1444 2680 8.
1462 2653 1504 2681 Ab
1518 2653 1613 2680 eodem
1627 2661 1674 2680 an.
1705 2652 1786 2685 I595,
1805 2653 1832 2684 8,
1849 2652 1876 2679 in

249 2694 337 2722 lucem
350 2695 443 2723 Gmce
456 2701 482 2723 et
495 2695 590 2723 Latine
602 2696 691 2723 editus
707 2701 750 2724 est
763 2696 876 2724 Joannis
891 2696 1044 2724 Geometras

286 2738 447 2772 Paradisus,
471 2739 528 2767 sive
549 2740 745 2775 epigrammata
764 2740 922 2767 tetrasticha
938 2739 1022 2766 XCIX
1035 2740 1148 2768 moralis
1162 2741 1329 2774 argumenti,
1345 2745 1374 2768 et
1389 2741 1462 2769 dicta
1485 2741 1610 2775 iactaque
1627 2740 1677 2768 SS.
1699 2740 1874 2770 Ascetarum.

251 2782 372 2816 Achillae,
386 2784 546 2818 Agathonis,
560 2785 703 2820 Apollinis,
721 2785 843 2815 Antonii,
859 2785 979 2817 Arsenii,
995 2783 1177 2816 Iiessarionis,
1191 2783 1329 2815 Curionis,
1344 2783 1431 2816 Isaiae,
1450 2783 1583 2818 Entropii,
1605 2783 1742 2812 llcliodori
1759 2783 1810 2817 (al.
1825 2782 1876 2810 Isi-

250 2823 332 2859 dori),
353 2825 442 2859 Lucii,
472 2827 578 2860 Malois,
607 2827 747 2861 M.ltiadis,
778 2827 877 2860 Pioris,
910 2828 1021 2862 Pittaci,
1053 2827 1214 2863 Pityrionis,
1239 2827 1372 2861 Simonis,
1407 2827 1506 2861 Sisois,
1539 2827 1660 2856 Tucouis
1691 2833 1719 2855 ct
1755 2825 1878 2854 Zenonis

251 2867 409 2896 referentia.
