2092 3157
266 167 314 198 8H

884 163 1045 195 IOANNIS
1064 163 1278 195 GEOMETR/E

1835 164 1889 196 81?.

265 299 399 329 Joannis
414 297 586 328 Gcometrw
615 294 904 324 commentariorum
928 294 963 323 in
978 294 1011 333 Si
1028 293 1150 333 Lucam»
1170 293 1352 333 fragmento?
1361 296 1486 322 exstant
1501 292 1534 322 in
1549 292 1665 323 Catena
1680 293 1796 325 Niceten
1812 294 1888 325 Ser-

766 333 854 363 rom'i
868 342 958 372 quam
974 331 1095 362 edemus
1110 331 1151 362 ad
1164 331 1282 362 annum
1301 332 1389 363 1090.

269 424 430 433 _—

595 478 744 536 ΤΟΥ
781 476 1184 536 ΜΑΚΑΡΙΟΥ
1221 476 1562 534 ΙΩΑΝΝΟΥ

301 581 425 610 ΛΟΓΟΣ
442 577 751 626 ΠΡΟΣΦΩΙΣῌΤΙΚΟΣ
775 578 800 604 Il
817 575 1222 637 ΧΑΡΙΣΊῊΡὲιέΞΙῌᾶΞΟΨΝ
1236 575 1259 601 Ε
1266 575 1337 602 ΥΑΓ
1338 575 1531 604 ΓΕΛΙΣΜΟΝ
1552 576 1621 604 ΤΗΣ
1643 578 1852 605 ΥΠΕΡΔΙἾΔΣ

577 732 787 789 ΒΕΑΤΙ
826 731 1054 789 JOANN

1106 731 1125 788 ὖ
1167 730 1576 788 GEOMETR/E

311 828 358 860 IN
377 821 669 859 SANCTISSIME
688 819 1122 860 ΠΕΙΡΑΗἉΕῨᾼΝΝΠΝᾙᾼ
1129 818 1296 860 nomen
1312 817 1455 849 SERMO
1482 819 1849 853 pnosrrnozvancns

791 861 793 864 ’
852 859 933 890 SEU
951 858 1304 889 GRATULATORIUS.

492 924 538 956 (Ex
549 922 650 954 Sylloge
666 921 695 946 R.
707 920 735 946 Ρ,
748 920 878 946 mtuum"
889 925 964 952 supra
975 919 1079 945 laudata.
1095 918 1158 944 Loca
1169 917 1195 944 in
1204 918 1304 945 Catenis
1314 918 1385 944 obvia
1396 919 1466 944 nucis
1477 919 1656 952 includuntur.)

303 1042 322 1068 1.
339 1039 459 1069 Gaudete
474 1045 481 1064 :
497 1035 657 1070 hoccejmilii
675 1035 755 1062 breve
776 1035 857 1062 simul
872 1038 899 1061 et
926 1042 1052 1068 magnum

1139 1032 1181 1058 A'.
1198 1030 1315 1066 Χαίρετε
1345 1030 1423 1056 τοῦτό
1444 1038 1489 1064 μοι
1505 1029 1536 1056 τδ
1558 1030 1646 1066 βραχὺ
1669 1030 1716 1058 καὶ
1747 1032 1818 1066 μέγα
1840 1033 1888 1060 τοῦ

270 1087 405 1116 orationis
424 1084 578 1114 exordium.
596 1083 719 1110 Gaudete
735 1082 806 1108 :ltoc
820 1081 886 1109 mihi
904 1087 930 1109 et
946 1082 1052 1109 initium

269 1140 296 1162 el
314 1133 432 1160 medium
441 1135 468 1158 et
478 1130 578 1157 exitus.
593 1127 713 1162 Gaudete
729 1126 782 1154 :ad
804 1126 855 1153 hoc
866 1134 938 1154 nunc
957 1131 984 1154 et
1005 1135 1054 1154 na-

270 1185 332 1206 tura
358 1176 460 1208 omnis,
480 1179 507 1202 et
530 1181 621 1202 rerum
649 1177 803 1200 creatarum
832 1173 1007 1203 universitas,
1027 1177 1055 1200 et

270 1231 361 1252 sermo
373 1223 382 1257 (
395 1221 482 1255 meus)
495 1228 545 1248 vos
557 1223 688 1254 provocat
702 1226 710 1251 ;
727 1218 814 1253 magis
830 1225 895 1245 vero
914 1225 968 1252 prae
993 1225 1054 1244 om-

271 1271 351 1298 nibus
368 1267 540 1296 sermonibus
557 1273 611 1293 non
625 1265 693 1292 meis
716 1264 816 1297 solum,
850 1271 943 1291 verum
972 1264 1053 1291 etiam

272 1314 423 1343 mortalium
438 1311 570 1343 omnium,
587 1308 841 1345 quotquotfuerunt
856 1313 884 1336 et
898 1314 960 1336 sunt
972 1309 1055 1336 exsti-

270 1361 335 1390 turi,
351 1366 441 1387 sermo
457 1357 511 1390 ille,
523 1357 569 1392 qui
582 1360 609 1384 et
619 1355 710 1382 Patris
733 1362 810 1382 mens
820 1359 870 1387 est,
883 1362 915 1382 ac
936 1354 1053 1382 Verbum

272 1405 392 1432 simulet
409 1402 505 1436 Filius,
524 1407 552 1429 et
569 1401 615 1428 Dei
627 1400 729 1436 pariter
743 1405 769 1428 et
789 1400 871 1433 Deus,
889 1404 917 1427 et
931 1401 1054 1428 veracis-

272 1451 358 1479 simus
374 1450 451 1485 juxta
469 1455 499 1476 ac
518 1447 734 1483 potentissimus,
748 1454 802 1474 non
822 1447 903 1474 modo
914 1450 943 1474 ut
959 1445 1056 1481 gaude-

271 1503 362 1523 remus
374 1494 480 1526 indixit,
498 1493 544 1521 sed
557 1493 651 1525 etiam,
666 1496 695 1519 ut
713 1491 831 1526 gaudere
858 1498 1010 1525 possemus,
1023 1498 1055 1518 o-

271 1550 334 1577 pere
343 1539 477 1576 praestitit.
490 1538 620 1571 Gaudete,
631 1537 692 1565 coeli
705 1542 732 1564 et
739 1541 822 1570 terra,
833 1541 861 1564 et
871 1544 956 1571 genus
963 1543 1054 1569 omne,

271 1593 296 1614 et
308 1587 398 1615 omnis
412 1590 478 1613 aalas
495 1589 522 1612 et
538 1591 620 1612 sexus
638 1588 767 1617 uterque;
793 1582 845 1609 viri
872 1585 899 1609 et
915 1582 1054 1614 mulieres,

270 1633 390 1660 viventes
401 1637 428 1659 et
442 1630 555 1662 mortui,
570 1636 614 1657 res
634 1628 724 1656 omnis
739 1632 831 1656 creata
847 1632 905 1654 tum
932 1627 1051 1655 visibilis

271 1683 328 1706 tum
341 1676 496 1705 invisibilis.
511 1675 619 1709 Etiam,
648 1679 690 1702 sat
704 1674 771 1706 scio.
797 1674 932 1708 gaudetis,
961 1678 1055 1708 utpote

1104 1079 1185 1113 λόγου
1200 1078 1354 1113 προοίμιον.
1370 1076 1487 1111 Χαίρετε
1515 1076 1595 1103 τοῦτο
1611 1077 1658 1103 καὶ
1668 1078 1740 1113 ἀρχὴ
1756 1079 1802 1104 καὶ
1818 1079 1889 1114 μέση

1104 1124 1150 1150 καὶ
1164 1123 1289 1158 τελευτή.
1307 1121 1437 1156 Χαίρετε·
1457 1120 1536 1148 τοῦτο
1555 1121 1602 1149 νῦν
1621 1122 1669 1149 καὶ
1683 1122 1763 1157 φύσις
1779 1124 1827 1159 ὃλη
1842 1125 1889 1151 καὶ

1104 1168 1193 1200 κτίσις
1213 1167 1260 1194 καὶ¹
1275 1166 1353 1200 λόγος
1370 1166 1566 1192 διακελεύεται·
1590 1166 1691 1201 μᾶλλον
1704 1167 1733 1193 δὲ
1749 1167 1829 1194 τοῦτο
1841 1169 1889 1195 καὶ¹

1105 1214 1158 1250 πρὸ
1170 1213 1223 1240 τῶν
1235 1212 1350 1257 λόγωνῤ
1377 1211 1468 1246 λόγος,
1484 1212 1514 1238 οὺ
1541 1212 1594 1239 τῶν
1612 1212 1686 1248 ὲμῶν
1716 1214 1809 1248 μόνον,
1821 1213 1890 1241 ἀλλὰ

1105 1259 1152 1286 καὶ
1165 1259 1220 1285 τῶν
1234 1256 1344 1284 πάντων
1359 1256 1512 1292 ἀνθρώπων
1524 1257 1571 1284 καὶ
1580 1257 1665 1284 όντων
1678 1258 1725 1284 καὶ
1739 1258 1889 1293 ἐσομένων,

1104 1306 1118 1332 ὁ
1132 1304 1179 1331 τοῦ
1195 1303 1302 1339 Πατρδς
1323 1303 1371 1330 καὶ
1396 1303 1467 1336 νοὸς,
1494 1304 1508 1329 6
1525 1303 1611 1337 Λόγος
1627 1303 1696 1338 ὁμοῦ
1723 1305 1772 1331 καὶ
1785 1304 1859 1337 Υἱὸς,
1877 1305 1892 1331 6

1105 1351 1152 1378 καὶ
1163 1350 1231 1377 Θεοῦ
1250 1349 1299 1376 καὶ
1313 1349 1390 1382 Θεὸς,
1404 1349 1418 1376 ό
1430 1348 1615 1384 ἀληθέστατος
1632 1350 1692 1383 ἅμα
1709 1350 1757 1376 καὶ
1770 1349 1892 1377 δυνατώ-

1105 1404 1196 1428 τατος,
1211 1395 1242 1422 οὐ
1261 1395 1403 1427 διετάξατο
1421 1395 1513 1430 μόνον,
1533 1395 1602 1422 ἀλλὰ
1622 1395 1670 1422 καὶ
1687 1396 1891 1431 κατεπράξατο.

1105 1442 1229 1478 Χαίροις,
1246 1441 1355 1477 οὺρανὲ,
1374 1441 1422 1468 καὶ
1445 1441 1482 1476 γῆ
1507 1442 1554 1468 καὶ
1576 1441 1656 1476 γένος
1673 1442 1758 1474 ἃπαν,
1774 1443 1821 1469 καὶ
1832 1444 1893 1478 ἡλι-

1106 1489 1154 1516 κία
1167 1489 1253 1520 πᾶσα,
1266 1487 1314 1514 καὶ
1326 1487 1407 1522 φύσις
1424 1487 1555 1523 ἑκατέρα·
1573 1487 1669 1523 ἄνδρες
1683 1487 1732 1514 καὶ
1750 1489 1890 1521 γυναῖκες,

1106 1535 1207 1568 ζῶντες
1219 1534 1267 1561 καὶ
1282 1534 1457 1569 τεθνηκότες,
1471 1534 1518 1568 ὅλη
1543 1533 1643 1569 γενητὴ
1659 1533 1746 1565 κτίσις
1761 1535 1846 1570 ὁρατή
1861 1543 1892 1561 τε

1107 1583 1154 1610 καὶ
1164 1583 1290 1617 ἀόρατος.
1302 1582 1357 1608 Καὶ
1370 1581 1492 1616 χαίρετε,
1505 1579 1553 1608 οἷδ’
1565 1581 1617 1613 ὃτι,
1629 1580 1677 1607 τοῦ
1695 1581 1815 1616 μεγάλου
1829 1582 1892 1608 τού-

1106 1637 1155 1656 του
1175 1628 1223 1655 καὶ
1245 1627 1378 1663 φλογεροῦ
1405 1627 1526 1662 κήρυκος
1556 1627 1775 1660 ὑπακούσαντες,
1789 1628 1894 1664 ,ὥσπερ

1107 1673 1152 1700 διὰ
1167 1674 1232 1709 μιᾶς
1246 1673 1295 1708 τῆς
1309 1672 1472 1708 ἀρᾶς,οὖτω
1483 1672 1528 1699 καὶ
1541 1673 1585 1699 διὰ
1600 1673 1666 1708 μιᾶς
1681 1672 1729 1699 νῦν
1745 1674 1793 1708 τῆς
1806 1675 1894 1708 χαρᾶς

271 1724 317 1758 qui
327 1730 456 1757 magnum
471 1722 544 1748 hunc
558 1720 743 1755 fulgidumque
768 1720 891 1747 nuntium
916 1720 1056 1747 audieritis

1107 1719 1246 1753 γυναικὸς,
1264 1719 1312 1746 καὶ
1328 1719 1384 1750 τοῖς
1401 1718 1492 1750 ἄλλοις
1507 1719 1576 1745 πᾶσι
1589 1718 1770 1753 διαδοθείσης·
1790 1719 1893 1753 μᾶλλον

272 1767 495 1803 proclamantem,
515 1764 745 1800 quemadmodum
758 1765 822 1792 olim
837 1772 884 1799 per
894 1771 975 1792 unam
996 1772 1056 1791 mu-

273 1814 365 1841 lierem
382 1810 663 1842 maledictioncm,sic
691 1809 772 1836 etiam
807 1817 882 1836 nunc
904 1816 953 1844 per
972 1816 1055 1836 unam

1107 1764 1136 1790 δὲ
1150 1763 1188 1799 μὴ
1199 1764 1254 1790 τῶν
1270 1763 1403 1798 ῥημάτων
1423 1763 1591 1794 ἀκούσαντες
1606 1763 1696 1798 μόνον,
1713 1763 1830 1799 ἀλλ’ἠδη
1848 1763 1895 1790 καὶ

1106 1809 1160 1836 τῶν
1174 1810 1348 1844 πραγμάτων
1359 1809 1408 1843 τῆς
1424 1808 1536 1844 χάριτος
1548 1809 1765 1841 ἀπολαύσαντες.

273 1859 412 1885 nurlierem
430 1856 557 1891 gaudium
573 1855 600 1882 in
616 1855 685 1882 alios
697 1861 806 1889 quoque
829 1855 970 1882 universos
993 1862 1055 1883 esse
1073 1854 1221 1887 diil'usum;
1239 1855 1295 1882 imo
1307 1861 1372 1883 vero
1404 1861 1458 1882 non
1493 1855 1574 1882 modo
1590 1855 1705 1883 audistis
1731 1855 1822 1887 verba,
1847 1855 1903 1882 sed.

271 1911 298 1932 cl.
314 1913 341 1932 re
357 1905 415 1939 ipsa
434 1903 527 1938 gratiae
544 1902 650 1929 fructus
667 1901 836 1936 percepistis.

251 1968 254 1972 η
308 1951 340 1978 ll.
353 1950 386 1977 Et
400 1949 508 1984 quidem
525 1955 606 1982 quant
623 1955 751 1982 magnum
765 1947 841 1980 illud,
853 1947 924 1982 quo-I
934 1947 1057 1975 ctverbis

271 1997 452 2026 enuntiatum.
464 1999 491 2022 et
505 1993 845 2028 simuloperecompletum
859 1994 916 2020 esti
930 1993 1056 2028 Magnum

271 2051 334 2071 vere
354 2050 386 2070 ac
417 2040 638 2072 tremendum,et
669 2038 741 2074 quod
769 2047 857 2074 neque
884 2040 1057 2068 sermonibus

271 2089 371 2120 eﬂ‘erri,
388 2094 476 2122 neque
489 2085 583 2113 auditu
600 2084 713 2120 percipi,
729 2091 816 2119 neque
827 2083 966 2111 intellectu
981 2092 1056 2112 eom-

272 2133 402 2169 prebendi
425 2132 525 2167 possit!
539 2131 611 2158 Deus
639 2130 769 2158 hodierna
786 2130 830 2157 die
860 2129 888 2157 lit
917 2130 1010 2163 homo,
1031 2136 1058 2158 et

273 2181 354 2207 homo
368 2179 395 2206 tit
412 2177 483 2205 Deus
495 2181 521 2204 et
536 2176 664 2204 inimicus
678 2175 708 2202 lit
719 2175 841 2210 ejusdem
856 2179 962 2202 naturae
975 2176 1058 2210 parti-

272 2233 335 2260 ceps
350 2233 357 2257 ;
371 2228 397 2250 et
412 2222 532 2250 evadunt
544 2219 710 2248 amicissima
730 2227 791 2254 qua:
813 2219 1004 2247 inimicissima
1029 2228 1058 2248 e-

274 2274 344 2302 rant,
360 2273 388 2296 ct
402 2266 626 2302 coniunctissima
634 2273 695 2300 quae
704 2265 780 2299 prius
791 2264 978 2293 diSsitissima.
992 2264 1057 2293 Ver-

274 2316 347 2346 Innn,
357 2314 479 2348 inquam,
491 2316 518 2339 et
531 2318 606 2343 caro,
619 2311 734 2338 materia
746 2314 773 2337 et
788 2309 914 2340 ﬂamma:
929 2310 955 2338 in
972 2319 1054 2338 unum

272 2365 372 2386 coeunt
383 2357 532 2392 temporale
547 2356 653 2391 etquod
671 2363 770 2390 expers
782 2361 822 2383 est
837 2357 978 2391 temporis,
993 2364 1055 2385 cor-

275 2412 356 2439 porea
369 2403 454 2431 moles
463 2407 489 2429 et
505 2401 578 2437 quod
593 2406 634 2429 est
649 2401 828 2434 immensum;
841 2407 869 2429 et
880 2403 926 2437 qui
943 2403 1057 2430 maledi-

272 2453 359 2481 xerat,
377 2447 514 2483 benedicit
530 2455 538 2480 ;
555 2452 583 2474 et
597 2446 643 2481 qui
659 2446 694 2473 ab
703 2445 775 2474 Etlen
788 2447 944 2480 exsulabat,
960 2456 1056 2476 rursus

272 2496 345 2523 Edon
371 2494 517 2526 inhabitat,
532 2498 559 2520 et
582 2492 752 2520 maledictam
778 2493 894 2521 assumit
919 2499 1056 2528 naturam,

270 2542 485 2575 damnatumque
497 2538 569 2567 subit
580 2543 686 2566 uterum
697 2547 704 2572 ;
716 2538 973 2568 \‘ideiicctamissam
984 2540 1056 2569 Eden

1149 1948 1187 1976 B'.
1215 1947 1260 1979 Ὠς
1286 1947 1357 1982 μέγα
1373 1947 1424 1982 μὲν
1437 1943 1484 1973 οὖν
1507 1946 1538 1973 τὸ
1561 1945 1610 1974 νῦν
1633 1947 1715 1983 ῥηθέν
1731 1956 1761 1974 τε
1775 1948 1832 1983 ἅμα
1847 1948 1895 1976 καὶ

1110 1991 1241 2027 πραχθέν.
1258 1991 1338 2026 Μέγα
1351 1992 1397 2019 καὶ
1409 1992 1534 2027 φρικτὸν,
1552 1993 1600 2018 καὶ
1612 1993 1682 2028 μήτε
1708 1993 1781 2029 λόγῳ
1799 1994 1892 2029 ῥητὸν,

1112 2038 1181 2074 μήτε
1200 2038 1268 2073 ἀκοῇ
1294 2037 1428 2073 χωρητὸν,
1460 2037 1530 2073 μήτε
1554 2037 1592 2073 νῷ
1622 2038 1806 2074 καταληπτόν.
1831 2040 1895 2066 ’Λν-

1114 2083 1223 2119 Opunte;
1240 2084 1255 2109 6
1269 2083 1346 2116 Θεὸς,
1363 2083 1410 2109 καὶ
1420 2082 1486 2114 Θεὸς
1503 2084 1517 2110 ό
1535 2083 1678 2119 ἄνθρωπος
1702 2084 1832 2120 σήμερον.
1847 2085 1895 2111 καὶ

1110 2129 1239 2161 κοινωνὸς
1252 2129 1302 2164 τῆς
1317 2129 1424 2163 φύσεως
1438 2129 1452 2154 6
1470 2129 1576 2164 ἐχθρὸς,
1602 2129 1650 2156 καὶ
1666 2129 1783 2164 φίλτατα
1798 2129 1848 2164 μὲν
1859 2130 1895 2156 τὰ

1110 2174 1314 2209 πολεμιώτατα,
1331 2174 1528 2210 συμφυέστατα
1541 2175 1570 2201 δὲ
1585 2175 1618 2201 τὰ
1629 2174 1696 2210 πρὶν
1708 2175 1891 2210 ἀμικτότατα,

1109 2219 1186 2254 λόγος
1207 2220 1255 2247 καὶ
1283 2219 1363 2256 σὰρξ,
1388 2220 1438 2256 ὕλη
1466 2221 1512 2248 καὶ
1541 2220 1618 2256 φλὸξ,
1635 2221 1732 2257 χρόνος
1746 2221 1795 2248 καὶ
1813 2222 1894 2255 ὄγκος

1109 2265 1174 2301 περὶ
1187 2266 1217 2292 τὸ
1235 2266 1350 2301 ἄχρονόν
1364 2275 1394 2293 τε
1414 2268 1461 2294 καὶ
1475 2266 1599 2302 ἄπειρον·
1625 2267 1672 2294 καὶ
1686 2268 1700 2294 6
1720 2268 1894 2302 ἀρασάμενος

1108 2312 1225 2346 εὐλογεί,
1246 2314 1292 2339 καὶ
1316 2314 1331 2340 6
1358 2315 1409 2349 τῆς
1432 2314 1512 2349 Ἐδὲμ
1537 2315 1695 2349 ἀποικήσας
1720 2315 1831 2346 ἐνοικεῖ,
1846 2313 1895 2340 καὶ

1108 2358 1241 2391 λαμϐάνει
1253 2360 1303 2394 τὴν
1327 2360 1478 2394 ἁραθεῖσαν
1498 2360 1579 2394 φύσιν
1592 2369 1621 2387 τε
1638 2360 1685 2386 καὶ
1699 2360 1790 2394 νηδύν·
1809 2359 1855 2386 καὶ
1879 2360 1895 2385 ὁ
1916 2387 1920 2395 Ι

1110 2405 1160 2440 μὲν
1185 2405 1270 2440 ’Δδὰμ
1283 2407 1332 2441 τὴν
1353 2405 1445 2440 Ἐδὶμ,
1462 2406 1477 2432 6
1504 2406 1532 2432 δὲ
1547 2406 1718 2441 Δημιουργὸς
1728 2405 1831 2440 ἀμφοῖν
1844 2404 1894 2440 τὴν

1109 2452 1324 2486 ωτακριοεῖσαν
1348 2451 1398 2484 τὰς
1423 2451 1544 2482 ἀκάνθας
1559 2451 1770 2486 ,ἁντιλαμὸάνιν
1792 2450 1894 2486 gmw

1109 2497 1148 2530 δὲ,
1165 2498 1179 2523 ὁ
1190 2497 1240 2532 μὲν
1255 2498 1312 2524 ἀντ’
1327 2498 1436 2533 ἐκείνης
1459 2498 1504 2524 τὸν
1523 2498 1648 2534 οὐρανὸν,
1667 2498 1681 2524 6
1698 2498 1726 2525 δὲ
1743 2497 1789 2526 τὸν
1813 2497 1894 2532 οὖρα-

1113 2545 1157 2572 νὺν
1169 2545 1254 2572 λιπὼν
1266 2546 1313 2573 ἐπὶ
1325 2546 1370 2573 τὸν
1382 2546 1448 2582 ᾅδην
1463 2548 1556 2582 χωρεῖ.

270 2590 392 2617 Adamus
408 2584 561 2623 recuperat,
579 2587 722 2622 utriusque
734 2588 819 2622 vero(
830 2588 894 2615 Adae
909 2594 936 2616 et
949 2588 1034 2625 Edon)
1055 2592 1168 2620 Creator
1194 2589 1293 2621 terram
1305 2594 1339 2621 ad
1356 2594 1481 2622 ferendas
1506 2595 1599 2629 spinas
1609 2593 1764 2621 damnatam
1775 2592 1895 2620 vicissim

269 2637 394 2666 assumit.
409 2642 458 2663 seu
477 2635 574 2662 melius
588 2634 703 2662 dixerint
717 2634 764 2661 ille
775 2642 823 2669 pro
835 2634 909 2663 Eden
921 2637 1005 2665 caelos
1013 2639 1120 2674 accipit,
1138 2640 1182 2668 hic
1198 2649 1263 2669 vero
1280 2642 1364 2670 cmios
1380 2643 1537 2677 relinquens
1549 2642 1583 2670 ad
1603 2642 1708 2669 inferna
1729 2640 1878 2668 descendit.

306 2685 351 2712 ill.
368 2684 445 2712 Alius
458 2684 550 2718 itaque
564 2683 637 2710 aliud
653 2683 801 2718 quodpiam
823 2691 838 2711 e
850 2678 997 2719 mysteriis.
1017 2691 1058 2714 at-

270 2738 322 2765 que
333 2731 414 2757 aliam
432 2731 588 2764 quampiam
604 2737 619 2757 e
633 2729 851 2758 solemnitatibus
867 2731 1056 2760 celebrandam

270 2776 362 2810 eligat,
377 2780 404 2802 et
419 2775 518 2809 majori
533 2783 589 2810 pra:
606 2775 657 2803 ista
673 2774 784 2810 dignam
809 2775 990 2804 admiratione
1008 2777 1056 2805 lia-

271 2821 343 2852 beat,
356 2821 441 2847 multo
457 2828 626 2855 prosequens
649 2820 772 2854 ltonore(
797 2820 935 2848 Christum
963 2823 1055 2850 Domi-

271 2873 337 2894 num
352 2866 360 2899 )
376 2871 484 2900 propter
498 2873 548 2894 nos
565 2871 670 2898 natum,
695 2866 737 2893 vel
769 2865 988 2895 manifestantem
1014 2876 1054 2901 se,

1149 2688 1186 2716 Γ.
1205 2690 1300 2721 ’Ἄλλος
1315 2690 1365 2724 μὲν
1379 2689 1428 2718 οὖν
1448 2691 1511 2718 ἄλλο
1531 2698 1558 2717 τι
1574 2690 1630 2717 τῶν
1655 2690 1822 2726 μυστηρίων,
1848 2688 1896 2715 καὶ

1110 2733 1194 2768 ἄλλην
1211 2735 1272 2760 τινὰ.
1282 2734 1338 2761 τῶν
1357 2734 1460 2769 ἑορτῶν
1472 2735 1563 2768 ἀγέτω
1578 2735 1631 2769 πρὸ
1651 2734 1754 2769 ταύτης
1768 2735 1815 2760 καὶ
1829 2733 1896 2760 θαν-

1112 2778 1232 2812 μαζέτω,
1255 2780 1414 2814 αἰδούμενος
1443 2779 1488 2806 τὸν
1515 2779 1687 2815 γεννώμενον
1708 2779 1742 2806 δι’
1768 2779 1852 2814 ἡμᾶς,
1877 2778 1894 2812 ἢ

1110 2825 1283 2858 φαινόμενον,
1306 2825 1322 2860 ἧ
1339 2825 1613 2861 μεταμορφούμενον,
1638 2826 1686 2852 καὶ
1703 2826 1736 2861 τῇ
1757 2825 1833 2859 φωνῇ
1848 2823 1895 2850 τοῦ

1111 2869 1217 2904 Πατρός
1236 2870 1293 2905 ἅμα
1310 2871 1355 2897 καὶ
1372 2872 1403 2906 τῇ
1425 2873 1516 2907 μορφῇ
1531 2872 1580 2907 τῆς
1595 2871 1730 2906 Θεότητος
1741 2870 1895 2905 μαρτυρού-
