2092 3157
191 185 244 218 813

583 182 714 212 SERth
733 181 772 212 IN
795 181 848 211 SS.
870 181 1047 212 DEIPARAE
1067 183 1425 214 ANNUNTIATIONEM.

1761 168 1820 220 ειι

191 240 283 278 μενονδ
306 241 322 276 ἢ
346 239 410 267 ἄλλο
432 248 460 266 τι
489 239 544 265 τῶν
564 238 771 274 ἀνθρωπίνωνῆ
790 238 870 265 θείων
894 239 910 274 ῆ
929 240 976 266 καὶ

1030 240 1074 268 vel
1090 245 1176 268 semet
1190 241 1442 276 trausfigurautem,
1457 249 1488 269 ac
1510 242 1695 270 testimonium
1721 245 1822 280 accipi-

191 286 406 322 συναμφοτέρων
418 285 657 321 οἱκονομούμενον,
673 285 689 320 ἢ
705 285 735 312 τὸ
748 285 913 318 τελευταῖον,
928 285 975 312 καὶ

190 332 371 368 ἀνιστάμενόν
385 340 415 358 τε
429 332 477 358 καὶ
490 331 691 366 ἀνυψούμενον,
707 332 780 366 κάμὲ
793 331 980 365 συνανυψοῦν-

190 388 235 411 τα,
251 378 300 405 καὶ
315 376 406 412 ἑαυτῷ
423 377 473 412 μὲν
490 377 519 403 τὺ
534 377 585 410 τῆς
601 377 771 412 οἰκονομίας,
798 376 862 412 ἐμοὶ
882 376 911 403 δὲ
929 377 980 410 τῆς

192 425 331 461 σωτηρίας
358 424 446 459 πέρας
473 424 750 459 πραγματευόμενον.
781 422 859 458 Ἐμοὶ
883 423 912 449 δὲ
929 423 979 458 τὴν

192 472 270 508 ῥίζαν
283 471 386 497 τούτων
398 470 528 496 ἁπάντων
555 469 633 501 δότω,
660 470 743 505 τιμᾷν
770 469 817 496 καὶ
838 469 978 504 προτιμᾷν

190 517 244 544 τῶν
263 516 376 549 λοιπῶν,
391 517 507 543 κάκεῖνα
524 515 573 550 μὲν
598 515 715 549 φάσκειν
731 515 821 542 πάντα
845 516 891 542 καὶ
916 514 979 541 νοῦν

191 562 238 589 καὶ
253 561 333 595 λόγον
348 561 396 588 καὶ
411 562 503 588 πάντα
522 560 557 587 τὰ
573 560 626 596 πρὸ
642 560 689 587 τοῦ
712 560 851 596 θαύματα,
876 560 979 595 ταύτην

190 609 218 635 δὲ
234 609 348 634 κάκεῖνα
358 607 438 643 νικᾷν
454 606 492 642 τῷ
509 607 640 642 θαύματι,
660 606 842 640 Σαρκωθέντα
858 607 908 642 μὲν
924 607 978 642 γὰρ

191 655 241 691 ήδη
263 655 329 681 θεὸν
353 653 534 688 γηννηθῆναι,
560 653 609 679 καὶ
638 653 814 688 γεννηθέντα,
849 653 985 697 φανῆναιι

190 701 237 727 καὶ
253 699 373 734 φανέντα
390 698 525 725 τοσούτων
537 698 584 725 καὶ
600 698 770 732 τηλικούτων
784 698 976 733 τελεσιουργὸν

190 745 338 780 θαυμάτων
354 743 556 778 ἀποφανθῆναι,
581 743 629 770 καὶ
644 743 805 778 ἀναστῆναι,
822 743 911 771 πάντα
928 745 978 779 τῆς

191 789 364 821 ἀκολουθίας,
384 789 432 816 καὶ
457 789 534 816 οὐδὲν
555 788 626 815 οὕτω
652 788 822 824 θαυμαστὸν,
847 789 888 816 ὅτι
919 789 978 824 Θεῷ

189 835 357 873 σαρκωθέντι
368 834 614 872 παραϐαλλόμενον
628 834 799 869 θαυμαστόν.
811 834 848 861 Τὸ
858 835 887 862 δὲ
910 843 977 870 σαρ-

187 882 309 916 κωθῆναι
334 881 412 914 Θεὸν,
432 881 478 908 καὶ
497 881 545 907 τὸν
575 879 718 915 ἀχώρητον
739 880 910 916 χωρηθῆναι,
931 880 977 907 καὶ

1032 292 1121 315 cutem
1136 292 1194 315 tum
1211 294 1226 314 a
1241 286 1332 315 Patris
1345 295 1411 316 voce
1429 293 1485 316 tum
1503 297 1518 316 a
1536 290 1675 323 splendida
1692 289 1823 319 Divinita-

1032 333 1068 361 tis
1081 334 1182 368 specie,
1195 333 1237 360 vel
1253 334 1402 368 quodpiam
1411 334 1485 361 aliud
1500 335 1558 361 sive
1573 335 1754 363 humanorum
1763 337 1822 365 sive

1033 379 1185 406 divinorum
1201 379 1259 406 sive
1275 380 1306 407 ad
1322 385 1468 415 utrumque
1484 380 1608 408 ordinem
1628 382 1821 416 pertinentium

1032 432 1145 458 operum
1163 425 1357 459 perlicieutcm,
1373 425 1415 452 vel
1443 426 1567 453 eumdem
1596 426 1768 460 morientem,
1790 435 1822 455 ac

1035 477 1116 504 porro
1130 473 1330 504 resurgentem,
1347 472 1427 504 atque
1445 471 1472 497 in
1483 471 1569 498 coelos
1583 473 1823 505 ascendentem,et

1030 521 1124 541 secum
1140 521 1183 541 mc
1197 521 1308 548 quoque
1323 515 1504 547 uallantem,
1519 515 1656 551 ﬁnemque
1675 521 1731 544 tum
1748 524 1823 545 oeco-

1030 560 1186 587 nomiasibi
1202 560 1371 595 praestituta,
1392 565 1448 587 tum
1464 561 1561 589 salutis
1580 570 1648 589 mea:
1671 563 1745 598 operi
1771 564 1823 590 im-

1029 610 1186 640 ponentem.
1206 607 1253 633 Ast
1275 606 1340 633 mihi
1365 607 1507 640 concedat,
1536 612 1564 634 ut
1590 608 1822 637 horumomnium

1030 651 1147 678 radicem
1176 651 1277 678 honore
1298 659 1457 686 prosequar,
1487 660 1604 688 eamque
1631 661 1685 688 pne
1710 654 1822 689 reriquis

1030 695 1156 724 omnibus
1169 696 1195 723 iu
1205 696 1310 723 honore
1319 697 1443 730 habeam,
1455 702 1511 724 tum
1521 698 1602 725 etiam
1615 698 1728 726 ﬁdenter
1741 699 1825 734 protl-

1037 745 1104 774 tear,
1122 749 1154 769 ea
1169 741 1278 777 quidem
1293 742 1384 769 omnia
1400 747 1428 769 et
1445 743 1544 770 mentis
1562 749 1684 778 captum,
1712 748 1739 771 et
1764 751 1824 771 om-

1033 795 1094 814 nem
1109 788 1162 814 vim
1174 787 1327 821 dicendi,et
1341 795 1519 824 quacumque
1533 789 1559 816 in
1571 794 1743 817 antecessum
1760 798 1825 825 per-

1035 837 1138 868 patrata
1154 838 1218 861 sunt
1243 834 1391 867 mirabilia,
1407 841 1557 868 superare;
1588 835 1659 863 hanc
1685 836 1826 864 nihilomi-

1034 887 1087 908 nus
1101 880 1156 907 illis
1171 888 1281 916 quoque
1296 881 1401 909 ratione
1418 882 1543 910 miraculi
1559 889 1738 918 praecurrere.
1755 882 1822 911 Nam

184 928 230 955 τὸν
248 927 360 963 βασιλέα
382 926 552 962 πτωχεῦσαι,
584 927 631 953 καὶ
652 926 701 961 τὴν
721 925 821 961 ἔχθραν
846 926 974 961 λυθῆναι,

1035 923 1109 961 Quod
1124 924 1196 953 Deus
1208 926 1262 960 iam
1286 927 1445 955 incarnatus
1459 928 1486 955 in
1513 928 1601 955 lucem
1622 928 1711 955 editus
1733 929 1777 960 sit,
1798 934 1826 956 et

183 974 232 1000 καὶ
249 974 379 1009 μιχθῆναι
395 973 429 1000 τὰ
446 973 562 1008 ἄμικτα,
588 971 684 1007 φύσεις
704 971 763 1007 ἅμα
779 972 827 998 καὶ
849 971 971 1008 γνώμας,

182 1020 259 1046 τοῦτό
277 1021 362 1052 ἐστιν,
376 1019 390 1045 ὂ
407 1021 455 1046 καὶ
477 1019 594 1051 Παῦλος,
612 1019 659 1045 καὶ
684 1019 759 1045 πᾶσα
783 1019 838 1045 τῶν
852 1018 939 1045 ἄλλων
955 1019 972 1054 ἡ

182 1065 264 1100 φύσις
279 1065 359 1100 ὑλικὴ
378 1073 408 1091 τε
434 1064 493 1100 ἅμα
503 1065 550 1091 καὶ
575 1064 655 1096 ἄῡ).ος
682 1063 834 1099 θαυμάζειν
847 1063 972 1099 βούλεται

183 1112 244 1146 μὲν,
260 1111 387 1138 ἀδυνατεῖ
398 1111 426 1137 δὲ
443 1111 505 1145 ὅσον
518 1110 603 1142 ἄξιον.

1033 970 1106 1006 quod
1128 976 1207 998 natus
1220 976 1306 999 semet
1318 972 1543 1006 manifestareril,
1559 974 1669 1008 etquod
1682 974 1825 1001 manifesto

1028 1017 1159 1051 cognitus
1191 1021 1230 1044 tot
1259 1022 1454 1053 tantorumque
1479 1019 1675 1046 miraculorum
1703 1023 1826 1054 patrator

1033 1063 1202 1097 apparuerit,
1224 1068 1251 1090 et
1264 1065 1337 1098 quod
1361 1072 1377 1091 e
1402 1065 1519 1092 mortuis
1546 1067 1739 1099 resurrexerit,
1767 1066 1824 1092 haec

1032 1109 1124 1135 omnia
1140 1114 1324 1136 consentanea
1335 1117 1448 1144 prorsus
1460 1114 1534 1142 sunt,
1544 1115 1624 1146 atque
1641 1111 1709 1138 adeo
1723 1111 1760 1138 nil
1772 1111 1826 1138 mi-

182 1167 251 1192 rmu,
266 1159 338 1194 quod
352 1159 386 1186 ab
400 1159 540 1185 iucarnato
554 1157 607 1185 Dco
616 1158 684 1184 mira
713 1158 853 1193 prodeant.
866 1157 900 1184 At
910 1165 984 1189 vero,
1005 1156 1078 1191 quod
1096 1156 1244 1184 humanam
1269 1163 1380 1184 carnem
1398 1155 1469 1185 Deos
1483 1158 1672 1192 assumpserit,
1687 1157 1824 1192 quod‘in-

181 1204 434 1239 comprehensibilis
462 1203 541 1230 fuerit
567 1204 790 1238 comprehensus,
817 1203 889 1238 quod
919 1211 966 1230 rex
985 1202 1074 1230 factus
1104 1203 1139 1229 sit
1168 1201 1320 1234 mendicus,
1340 1203 1413 1237 quod
1447 1203 1588 1230 inimicitia
1605 1202 1711 1230 sublata
1728 1201 1824 1236 fuerit,

181 1251 253 1286 quod
270 1251 297 1278 iu
311 1258 394 1278 unum
409 1250 541 1278 coivcriul
555 1257 617 1284 qua:
629 1249 744 1277 invicem
773 1250 966 1281 abhorrebant,
987 1249 1091 1277 scilicet
1119 1253 1224 1275 naturae
1243 1249 1324 1275 simul
1355 1253 1382 1276 et
1397 1249 1561 1281 voluntates,
1575 1248 1626 1276 hoc
1657 1249 1778 1283 estquod
1798 1256 1826 1279 ιι

182 1297 283 1325 Paulus
305 1300 331 1324 ct
346 1296 450 1331 qumvis
463 1296 515 1322 alia
545 1301 641 1323 natura
664 1295 721 1323 sive
749 1296 887 1323 terrestris
912 1295 968 1322 sive
986 1295 1117 1327 cmlestis,
1149 1295 1201 1322 etsi
1234 1295 1354 1321 maxime
1378 1295 1479 1330 cupiat,
1510 1295 1603 1322 mirari
1620 1299 1710 1322 tamen
1721 1302 1753 1323 ac
1776 1303 1822 1323 eeo

182 1345 288 1372 lchrare
299 1351 348 1379 pro
361 1343 491 1379 dignitate
507 1351 560 1370 non
577 1343 656 1370 valet.

221 1389 257 1417 Δ’.
275 1389 380 1422 Ἀλλως
401 1398 431 1416 τε
454 1390 501 1416 καὶ
516 1390 540 1416 εἰ
556 1390 619 1421 τοὺς
633 1388 747 1421 κλάδους
769 1389 924 1425 θαυμάζειν
939 1391 978 1417 ει-

189 1436 246 1467 κδς,
260 1435 319 1467 πῶς
332 1435 362 1461 οὺ
375 1435 426 1469 τὴν
440 1435 518 1470 ῥίζαν
530 1435 614 1470 αὐτὴν
628 1435 681 1469 πρὸ
703 1434 827 1467 ἐκείνων,
841 1435 976 1461 κάκείνων

189 1481 278 1508 αὐτῶν
295 1480 378 1507 ἕνεκα
401 1479 617 1515 θαυμασόμεθα;
643 1480 726 1506 Ὥστε
749 1480 797 1506 καὶ
810 1480 896 1515 χωρὶς
919 1481 974 1508 τῶν

189 1526 278 1554 ἄλλων
292 1526 340 1553 καὶ
353 1525 408 1552 τῶν
420 1526 531 1560 ἑαυτῆς,
547 1526 597 1552 ὅσα
614 1525 646 1552 ἄν
664 1533 708 1557 τις
733 1527 799 1561 περὶ
813 1526 867 1553 τῶν
886 1526 974 1553 ἄλλων

191 1572 350 1608 μυστηρίων
361 1572 428 1608 ἑρεῖ,
443 1571 520 1599 ταῦθ’
532 1571 591 1606 ἅμα
610 1572 790 1607 συμφορήσας
805 1572 870 1607 περὶ¹
891 1572 972 1606 τῆσδε

1063 1390 1109 1419 IV.
1125 1390 1166 1418 Ad
1183 1391 1239 1418 haec
1252 1390 1275 1418 si
1286 1394 1502 1418 consentaneum
1514 1396 1556 1418 est
1568 1398 1659 1418 ramos
1676 1390 1819 1423 admirari,

1027 1438 1074 1472 qui
1095 1437 1214 1475 radicem
1240 1437 1328 1472 ipsam
1356 1444 1412 1471 prze
1434 1437 1488 1465 illis
1501 1442 1528 1464 et
1554 1436 1661 1464 illorum
1696 1437 1818 1471 ipsorqu

1028 1490 1110 1510 causa
1124 1490 1178 1509 non
1195 1482 1380 1509 mirabimur?
1392 1482 1466 1510 Adeo
1487 1487 1517 1510 ut
1532 1487 1633 1518 praeter
1654 1483 1757 1517 reliqua
1787 1490 1820 1510 ac

1030 1529 1140 1564 propria
1160 1528 1283 1563 ejusdem
1303 1527 1460 1556 festivitatis
1487 1529 1624 1561 eucomia,
1648 1535 1822 1563 qumcunque

1033 1575 1142 1602 demum
1154 1574 1187 1601 de
1199 1575 1260 1601 aliis
1272 1574 1407 1609 mysteriis
1417 1572 1552 1609 quispiam
1567 1574 1677 1607 dixerit,
1692 1574 1748 1601 haec
1761 1581 1822 1600 om-

188 1619 238 1654 τῆς
262 1618 358 1654 ἑορτῆς
383 1619 451 1654 ἐρεῖ,
478 1618 544 1653 παρ’
557 1615 592 1654 ἧς
616 1618 742 1652 κάκεῖνα,
757 1618 805 1644 καὶ
831 1617 901 1653 αὕτη
920 1617 975 1644 τῶν

1031 1620 1074 1647 uia
1090 1620 1117 1647 iu
1136 1627 1219 1647 unum
1234 1627 1384 1654 congerens
1401 1621 1435 1647 de
1451 1620 1502 1647 hac
1527 1620 1585 1655 ipsa
1606 1620 1789 1654 solemnitate,
1805 1629 1821 1648 θ

190 1663 300 1700 ἐκείνης
316 1664 431 1700 καρπῶν
445 1664 462 1699 ή
493 1664 568 1699 ῥίζα,
583 1664 633 1695 καὶ,
654 1664 723 1699 αὕτη
741 1663 794 1690 τῶν
814 1663 944 1698 ποταμῶν
960 1665 976 1699 ἡ

191 1711 281 1745 πηγή.
299 1710 452 1746 Προσθήσω
472 1709 495 1737 δ’
509 1710 550 1737 ὅτι
575 1711 652 1745 καὶὴ
674 1709 728 1745 ἐμὴ
753 1709 822 1745 ζωή.
844 1710 978 1736 Τοσοῦτόν

187 1756 245 1781 ἐστι
261 1754 292 1780 τὸ
311 1754 378 1781 Θεὸν
392 1754 509 1790 ὀφθῆναι
525 1754 631 1790 βροτὸν,
652 1755 683 1781 τὸ
698 1755 726 1781 δὲ
741 1755 789 1781 καὶ
806 1754 975 1791 θεουργηθῆ-

185 1809 230 1826 ναι
246 1800 352 1836 βροτόν.
373 1801 406 1827 Ὃ
420 1801 468 1827 καὶ
482 1800 549 1828 αὐτὸ
562 1801 609 1827 τοῦ
628 1801 763 1836 παρόντος
777 1800 902 1836 ἔγνωμεν
921 1810 974 1836 μυ-

186 1845 299 1881 στηρίου
328 1845 453 1881 πηλίκον.
474 1845 520 1878 Ὧς
551 1846 699 1873 κινδυνεύω
724 1848 775 1882 τὴν
803 1847 900 1882 ἑορτὴν
914 1849 974 1879 ταῖς

186 1891 290 1926 ἄλλαις,
304 1892 342 1924 ὡς
354 1892 452 1928 ἁπλῆν,
468 1892 654 1927 παραϐάλλειν
668 1893 827 1928 ἐπιχειρῶν,
838 1893 973 1928 εὑρίσκων

186 1937 296 1972 διπλῆν,
307 1938 353 1964 καὶ
368 1937 407 1973 τῷ
417 1937 495 1972 μέρει
507 1938 568 1969 ταῖς
579 1938 675 1970 ἄλλαις
687 1938 817 1971 νικῶσαν,
833 1939 882 1965 οὐκ
891 1939 974 1974 ἔχειν,

187 1982 262 2014 ὅπως
274 1984 331 2015 τοῖς
354 1983 466 2019 μέρεσιν
494 1983 564 2020 αὑτὴ
586 1984 654 2019 πρὸς
674 1984 775 2020 ἑαυτὴν
796 1984 890 2020 κριθῇ,
910 1984 975 2020 μηδ’

187 2024 265 2061 ᾧτινι
278 2028 333 2055 τῶν
350 2029 440 2065 μερῶν
459 2028 540 2056 δώσει
557 2029 635 2065 νικᾷν
657 2029 697 2065 τῷ
721 2029 853 2065 θαύματι,
870 2031 977 2066 ἄνθρω-

186 2083 240 2102 πον
260 2074 307 2102 τὸν
319 2075 396 2108 Θεὸν,
411 2075 505 2111 ἢΘεὸν
525 2076 643 2111 φανῆναι
658 2076 703 2103 τὸν
719 2076 876 2112 ἄνθρωπον.

1030 1669 1121 1701 quaet
1137 1665 1181 1692 illa
1204 1666 1356 1698 dimanaut,
1383 1666 1507 1693 dicturus
1524 1667 1570 1698 sit.
1590 1666 1691 1701 quippe
1710 1674 1771 1702 qua:
1794 1672 1822 1694 et

1032 1711 1128 1738 horum
1147 1710 1236 1745 ipsius
1253 1711 1395 1738 fructuum
1410 1716 1451 1738 est
1467 1711 1585 1745 radix,et
1596 1712 1653 1747 ipsa
1677 1712 1820 1739 ﬂuminum

1030 1758 1074 1782 est
1091 1755 1226 1782 scatebra.
1241 1755 1374 1790 Adjieiam
1387 1760 1413 1782 et
1424 1756 1502 1789 illud,
1513 1757 1586 1791 quod
1598 1757 1661 1784 hinc
1676 1762 1718 1784 est
1728 1761 1755 1784 et
1765 1757 1822 1784 vita

1033 1807 1104 1827 mea.
1121 1798 1303 1827 Tautumdem
1328 1807 1370 1828 est
1387 1800 1470 1828 Deum
1490 1802 1650 1837 apparuisse
1666 1803 1821 1834 mortalem.

1029 1852 1115 1882 atque
1132 1847 1252 1874 vicissim
1267 1848 1410 1875 mortalem
1423 1849 1457 1876 ad
1472 1849 1643 1876 divinitatem
1658 1848 1743 1877 luisse
1756 1857 1822 1885 pro-

1030 1897 1149 1920 vectum.
1165 1893 1225 1926 Quo
1242 1901 1308 1921 sane
1324 1894 1382 1929 ipso
1399 1899 1500 1930 quanta
1525 1896 1562 1922 sit
1588 1895 1709 1930 mysterii
1738 1895 1820 1930 hujus

1030 1938 1191 1973 magnitudo
1209 1939 1346 1967 novimus.
1363 1939 1469 1967 Etenim
1481 1941 1545 1967 dum
1568 1940 1639 1967 hanc
1659 1941 1819 1968 solemnita-

1030 1988 1097 2016 tem,
1113 1984 1194 2019 quasi
1211 1992 1264 2011 uua
1281 1989 1385 2011 tantum
1403 1985 1448 2018 sit,
1467 1993 1530 2012 cum
1563 1986 1626 2013 aliis
1654 1993 1816 2021 comparare

1033 2030 1158 2061 instituo,
1170 2037 1229 2057 eam
1247 2035 1337 2057 autem
1358 2030 1493 2064 duplicem
1507 2031 1676 2064 sicinvenio,
1691 2036 1722 2058 ut
1736 2031 1820 2058 etiam

1027 2076 1113 2104 altera
1127 2080 1231 2104 tantum
1247 2077 1289 2104 sui
1301 2082 1376 2112 parte
1385 2077 1446 2105 aliis
1462 2077 1817 2111 festivitatibusantecellat,

186 2124 243 2158 jam
265 2131 348 2158 prope
364 2124 390 2150 in
405 2131 437 2150 eo
454 2131 525 2156 sum,
546 2129 575 2151 ut
587 2124 665 2158 plane
677 2125 807 2157 nesciam,
840 2123 976 2159 quodnam
996 2124 1029 2152 de
1044 2124 1149 2157 eadem,
1161 2132 1254 2152 secum
1272 2124 1328 2159 ipsa
1362 2124 1451 2159 quoad
1463 2129 1553 2159 partes
1583 2132 1647 2152 suas
1659 2124 1820 2158 collata,ju-

192 2172 294 2198 diciqu
311 2171 375 2198 ferri
390 2177 482 2207 queat,
496 2176 523 2199 ct
538 2173 590 2199 utri
618 2172 736 2206 partium
766 2172 871 2199 ratione
897 2172 1021 2199 miraculi
1053 2171 1165 2200 victoria
1194 2171 1376 2208 adjudicanda
1408 2173 1510 2207 sit,an
1537 2172 1642 2200 scilicet
1656 2172 1728 2208 quod
1738 2172 1820 2199 homo

193 2218 349 2254 apparuerit
364 2217 446 2248 Deus,
463 2225 498 2244 an
525 2225 589 2244 vero
614 2218 687 2252 quod
712 2217 783 2245 Deus
821 2216 911 2245 factus
943 2218 979 2245 sit
998 2219 1089 2246 homo.

225 2267 263 2293 E’.
287 2265 368 2302 Ἀλλά
386 2274 418 2300 γε
431 2265 462 2292 τὸ
486 2266 545 2292 πᾶν
561 2265 753 2298 ἀναπτύσσων,
777 2266 827 2300 ἤδη
843 2266 891 2292 καὶ
913 2274 974 2300 τρι·

1065 2265 1098 2294 V.
1116 2265 1279 2300 Quanquam
1293 2266 1316 2293 si
1332 2266 1440 2301 penitus
1459 2273 1555 2293 omnes
1583 2266 1704 2302 mysterii
1729 2271 1820 2301 partes

190 2313 261 2346 π).ἱ,ν
282 2311 411 2346 εὑρίσκω
433 2311 480 2337 κα)⁵
497 2311 514 2346 ἡ
539 2310 630 2342 πίστις
657 2311 751 2345 ἐγγύς.
771 2312 808 2337 UO
823 2311 877 2346 γὰρ
894 2312 976 2345 εὐαγ-

190 2359 283 2392 γέλια,
309 2360 357 2385 καὶ
381 2357 468 2384 ταῦτα
489 2357 573 2384 διπλᾶ
597 2358 688 2393 μόνον,
713 2358 781 2384 ἀλλὰ
802 2359 849 2384 καὶ
868 2358 977 2392 φύσεως

191 2405 314 2439 ὲορτάζω
329 2404 364 2430 τὰ
384 2404 542 2439 νικητήρια,
562 2404 663 2439 μᾶλλον
692 2403 719 2429 δὲ
744 2404 865 2439 χάριτος·
894 2404 910 2438 ἡ
928 2404 978 2439 μὲν

192 2452 247 2485 γὰρ
266 2451 396 2484 ἡττᾶται,
428 2451 445 2484 ὴ
460 2450 489 2475 δὲ
513 2449 743 2485 νικᾷηῐιαρθένου
767 2449 896 2484 σύλληψιν
908 2448 977 2482 ἄγω,

191 2496 329 2532 παρθένου
345 2495 453 2531 κύησιν,
475 2495 612 2531 παρθένου
634 2495 694 2531 μετ’
710 2495 800 2530 ὀλίγον
816 2497 863 2522 καὶ
880 2495 977 2530 γέννη-

193 2550 246 2568 σιν.
263 2541 403 2576 Παρθενία
421 2541 469 2566 καὶ
488 2541 581 2575 γεννᾷ,
603 2542 650 2566 καὶ
664 2541 804 2574 γεννᾶται’
831 2541 847 2576 ἠ
864 2540 913 2575 μέν
932 2541 978 2566 τὸν

189 2589 291 2622 Λόγον,
308 2588 323 2622 ή
337 2587 376 2620 δὲ,
392 2586 438 2613 τοῦ
452 2587 539 2620 Λόγου
553 2586 770 2621 νομοθετοῦντος,
784 2587 831 2612 καὶ
851 2587 910 2620 μετ’
923 2586 977 2612 ὀλί-

191 2644 252 2669 γον,
268 2633 340 2672 ᾗπερ
357 2635 466 2670 ἐτέχθη,
485 2635 531 2660 καὶ
547 2634 615 2669 ὅπερ
627 2635 726 2669 ἐφάνη,
742 2635 788 2660 καὶ
801 2635 879 2660 τόκον
891 2634 977 2660 διδόν-

190 2690 237 2712 τος
252 2682 308 2713 τοῖς
327 2681 501 2716 πειθομένοις
516 2681 619 2715 ὅμοιον.
642 2680 712 2706 Νυνὶ
736 2680 762 2706 δέ
777 2689 821 2714 μοι
834 2679 977 2711 συλλάϐυις

189 2729 235 2754 τδν
255 2728 334 2762 λόγον
346 2729 360 2754 6
373 2727 419 2754 τοῦ
441 2728 530 2762 Λόγου
545 2727 594 2762 τὴν
619 2726 749 2761 σύλληψιν
766 2726 913 2761 ἑορτάζων,
930 2726 976 2751 καὶ

189 2774 307 2808 λογικῶς
320 2783 346 2800 τι
359 2775 424 2810 περὶ
437 2774 487 2809 τῆς
512 2774 609 2809 ἑορτῆς
630 2772 832 2807 φιλοσοφήσας,
855 2772 888 2798 ἵν’
936 2780 976 2797 σοι

191 2822 239 2847 καὶ
251 2820 330 2846 τοῦτο
343 2821 399 2846 τῶν
418 2820 482 2856 περ).
496 2819 545 2854 τὴν
562 2819 657 2855 ἑορτὴν
676 2818 862 2852 εὐλογώτατόν
875 2826 904 2843 τε
918 2817 976 2852 ἂμα

190 2867 238 2892 καὶ
248 2866 424 2893 οἰκειότατον.

1028 2313 1166 2344 evolvero,
1183 2313 1264 2339 etiam
1275 2312 1409 2347 triplicem
1418 2313 1475 2347 jam
1489 2312 1599 2340 invenio
1617 2313 1763 2347 haucjesse
1777 2312 1818 2340 l'e-

1028 2359 1191 2391 stivitatem;
1208 2363 1234 2385 et
1253 2363 1294 2386 est
1305 2359 1330 2384 iu
1346 2364 1471 2393 promptu
1487 2366 1542 2393 quo
1556 2358 1581 2386 id
1596 2359 1750 2386 suadeatur.
1758 2358 1819 2386 Non

1027 2405 1099 2432 enim
1112 2405 1279 2432 faustissima
1289 2405 1333 2431 illa
1346 2405 1452 2438 nuntia,
1462 2412 1549 2439 eaque
1556 2405 1620 2432 hiua
1630 2405 1817 2432 tantummodo

1029 2450 1189 2478 celebranda
1202 2455 1366 2483 occurrunt;
1384 2450 1431 2478 sed
1450 2450 1604 2486 triumphos
1619 2455 1749 2485 praterea
1766 2459 1818 2478 ce—

1030 2496 1106 2523 lebro
1122 2500 1234 2528 naturae,
1249 2503 1295 2523 seu
1311 2497 1402 2530 potius
1413 2497 1523 2531 gratias;
1536 2497 1581 2524 illa
1606 2497 1678 2524 enim
1703 2503 1818 2531 supera-

1030 2547 1084 2575 tur,
1101 2541 1158 2569 haec
1172 2546 1262 2569 autem
1278 2542 1446 2577 triumphum
1473 2543 1538 2577 agit.
1570 2541 1705 2578 Virginem
1724 2542 1817 2569 conci-

1030 2588 1160 2623 pientem,
1179 2588 1311 2622 virginem
1327 2593 1405 2616 utero
1417 2592 1580 2623 gestantem,
1596 2588 1726 2623 virginem
1734 2588 1816 2622 paulo

1031 2638 1093 2668 post
1107 2633 1188 2660 etiam
1203 2634 1353 2667 parientem
1364 2634 1483 2661 celebro.
1501 2632 1648 2668 Virginius
1669 2635 1708 2666 et;
1718 2633 1815 2667 gignit,

1030 2684 1056 2706 et
1071 2679 1208 2714 gignitur;
1228 2687 1290 2706 nam
1308 2680 1393 2715 gignit
1405 2680 1514 2714 quidem
1530 2687 1562 2707 ea
1573 2678 1691 2707 Verbum
1705 2687 1712 2711 ;
1724 2678 1814 2706 Verbo

1026 2729 1120 2752 autem
1133 2725 1288 2759 legislature
1301 2726 1383 2760 paulo
1403 2730 1463 2759 post
1474 2726 1557 2753 etiam
1577 2725 1706 2760 gignitur,
1721 2728 1817 2759 quate-

1026 2778 1078 2797 nus
1091 2770 1224 2804 ejusmodi
1234 2779 1342 2806 quoque
1354 2777 1461 2806 partum
1475 2771 1649 2799 credentibus
1663 2769 1749 2797 Verbo
1767 2778 1814 2797 eo-

1026 2816 1087 2843 dem
1104 2816 1249 2848 tribuente,
1267 2817 1426 2853 Virgiuilas,
1440 2818 1513 2853 quod
1529 2823 1556 2845 et
1567 2818 1711 2853 perspicue
1729 2825 1814 2852 appa-

1026 2862 1090 2894 ruit,
1109 2863 1211 2889 mumlo
1225 2863 1335 2891 etl‘ulsit.
1353 2863 1431 2892 Nunc
1448 2865 1539 2900 itaque
1554 2865 1681 2900 quisquis
1695 2868 1813 2898 concep-

193 2913 295 2942 tionem
313 2912 393 2941 Verbi
405 2913 537 2947 praesenti
551 2911 725 2940 solemnitate
754 2910 888 2942 celebras,
903 2917 1071 2944 sermonem,
1092 2917 1174 2945 quem
1202 2909 1346 2938 habiturus
1380 2919 1453 2946 sum,
1470 2912 1513 2940 fac
1527 2912 1660 2947 excipias,
1688 2921 1720 2941 ac
1747 2911 1815 2941 sub-
