2092 3157
292 164 344 200 815

909 170 1068 200 JOANNIS
1087 171 1303 201 GEOMETRE

1861 171 1913 203 816

268 258 274 263 ἡ
293 228 357 252 time
371 226 434 259 quid
450 226 483 253 de
499 226 555 259 ipsa
575 224 718 251 ft-Stivitate
733 223 836 251 sentias
854 244 860 256 ,
880 229 909 251 ut
926 232 957 251 ex
975 225 1007 252 iis
1018 233 1079 259 qute
1099 227 1132 253 aut
1156 226 1279 252 eamdem
1306 228 1439 260 spectant,
1458 227 1508 252 hoc
1524 232 1632 260 quoque
1651 224 1698 252 libi
1716 225 1751 252 sit
1766 230 1790 252 et
1804 225 1912 253 Veritati

293 278 405 306 prorsus
424 274 673 298 consentaneumct
692 269 730 296 rei
755 269 872 296 maxime
891 270 1136 298 accommodatum.

334 317 374 343 γι.
392 316 543 350 Duplicem,
561 321 590 342 ut
606 319 706 342 norunt
735 323 842 346 omnes,
869 316 1074 350 generationem
1093 341 1096 348 λ

1165 319 1208 351 ς’.
1227 317 1330 351 Διπλῆν
1343 317 1411 352 ἡμῖν
1422 317 1452 351 γέ
1460 324 1549 350 δνησιν
1563 316 1577 342 ὁ
1591 315 1670 349 λόγος
1683 313 1737 342 οἶδε
1755 315 1801 342 τοῦ
1815 316 1911 350 Λόγου·

297 361 375 388 \'crbi
391 361 550 395 profitentur
566 370 573 392 ;
594 360 731 388 cwlestem
744 360 869 393 alteram,
886 368 1002 396 eamque
1022 362 1077 396 pri-

294 406 490 438 mam,a|teram
509 409 663 433 terrestrem
679 413 795 440 eamque
809 405 955 433 secundam
971 414 977 438 ;
991 414 1077 441 quau-

293 461 372 486 quam
384 461 470 488 neque
478 453 592 488 primam
604 454 676 480 illam
687 453 812 485 dixerim,
824 454 870 481 sed
883 454 973 488 potius
983 459 1009 480 et
1025 461 1076 481 sre-

292 499 353 525 cula
368 499 560 533 pratcedeulem
578 503 605 526 et
621 499 916 534 :eternam;quomodo
937 499 1009 526 enim
1035 500 1076 525 \‘el

294 544 381 578 prima
397 550 478 577 esset,
494 552 554 579 quae
568 544 672 571 nullum
688 553 807 580 unquam
835 545 943 572 initium
970 544 1077 572 habuit?

292 589 358 616 Nam
367 591 483 625 primum
501 591 571 618 inter
580 599 610 617 ea
626 591 750 623 habetur,
760 598 820 626 qua:
829 591 941 626 tempori
951 591 1074 618 subsuul.

293 636 346 663 Sed
360 641 387 663 et
403 643 582 671 quarumnam
598 636 684 671 prima
702 637 758 664 haec
771 637 862 664 esset?
876 636 946 663 Nulli
961 644 1076 671 prorsus

292 681 408 708 aliarum
427 682 563 708 ullatenus
577 681 687 708 similis.
697 681 841 715 invenitur,
861 689 894 708 ne
909 682 951 709 isti
967 682 1075 716 quidem

293 727 414 754 terrestri
424 728 536 758 scitir-ct,
547 735 627 762 quam
640 729 680 755 sui
690 728 827 762 propriam
841 728 897 763 ipse
910 728 1020 761 habuit;
1030 728 1076 755 sed

292 781 410 808 Superna
422 774 477 807 illa,
490 775 546 801 sola
556 778 608 806 est,
623 778 650 801 et
658 775 753 809 quavis
768 775 895 809 prmcelsa
904 775 1076 809 generatione

292 818 473 851 eminentior;
490 819 573 846 altera
589 827 653 846 vero
670 820 805 847 terrestris
829 824 871 846 est
894 827 924 847 ea
945 820 1053 854 quidem
1068 828 1074 850 ;

293 872 391 892 omnes
409 870 498 892 tamen
513 869 655 893 terrestres
669 873 700 892 ac
713 866 874 900 temporales
888 866 992 892 ratione
1005 865 1075 892 modi

292 913 445 943 exsuperat.
462 908 549 944 Atque
564 911 608 937 illa
628 910 736 944 quidem
750 910 977 944 quemadmodum
999 914 1074 936 extra

292 958 399 988 tempus
407 962 486 996 omne
498 961 549 988 est,
562 956 598 982 ita
609 961 635 982 et
651 964 757 982 onmem
767 960 874 990 captum
884 955 1000 982 excedit.
1015 954 1074 981 Non

1128 365 1177 399 τὴν
1196 364 1244 399 μὲν
1261 363 1317 390 ἄνω
1330 371 1359 389 τε
1373 362 1421 389 καὶ
1449 361 1573 397 πρώτην,
1601 361 1650 396 τὴν
1673 361 1702 388 δὲ
1727 361 1802 388 κάτω
1815 370 1843 388 τε
1867 370 1914 388 και

1127 410 1266 444 δευτέρων
1297 407 1397 443 μᾶλλον
1421 407 1450 434 δὲ
1468 407 1517 442 τὴν
1546 407 1596 442 μὲν
1621 407 1682 433 οὐδὲ
1701 406 1825 442 πρώτην,
1844 407 1912 433 ἀλλὰ

1128 455 1175 481 καὶ
1200 453 1362 489 προαιώνιον
1390 453 1438 479 καὶ
1462 452 1557 479 ἀΐδιον·
1584 452 1642 482 πῶς
1672 451 1727 486 γὰρ
1747 452 1779 478 ἂν
1803 452 1845 487 εῐη
1866 453 1913 478 καὶ.

1128 499 1234 535 πρώτη,
1259 499 1327 534 μήτε
1345 497 1486 533 ἀρξαμένη
1507 497 1587 529 tto-:5;
1602 496 1661 523 Τῶν
1673 496 1727 531 γὰρ
1740 497 1793 523 om
1816 498 1913 532 χρόνον

1126 547 1157 573 τὸ
1172 546 1291 581 πρῶτον.
1306 545 1392 571 Τίνων
1405 545 1433 571 δὲ
1445 545 1492 571 καὶ
1511 544 1614 579 tati-tn;
1628 544 1705 578 Μήτε
1728 544 1848 580 μηδεμιᾷ
1859 545 1913 572 τῶν

1127 594 1214 621 ἄλλων
1226 593 1330 619 ἐοικυῖα
1346 591 1439 627 μηδὲν,
1455 591 1525 626 μήτε
1545 590 1573 616 δὲ
1588 592 1620 625 τῇ
1637 590 1735 617 ἑαυτοῦ
1757 590 1845 626 ταύτῃ
1865 591 1913 618 καὶ

1127 640 1213 667 κάτω·
1234 638 1291 665 ἀλλ’
1305 639 1322 673 ἡ
1343 638 1391 672 μὲν
1406 638 1462 665 ἅνω
1482 637 1561 672 μόνον
1583 636 1630 663 καὶ
1652 636 1723 671 ὑπὲρ
1747 637 1803 663 ἄνω
1821 638 1912 672 πάσης

1108 686 1293 720 ’γεννήσεως-
1317 684 1388 719 ἠδὲ,
1417 683 1493 709 κάτω
1520 683 1580 717 μὲν,
1600 682 1671 717 ὑπὲρ
1697 683 1726 709 δὲ
1748 682 1839 714 πάσας
1862 683 1911 715 τὰς

1127 731 1203 757 κάτω
1218 730 1267 757 καὶ
1282 729 1334 756 ὑπὸ
1356 729 1463 763 χρόνον,
1477 727 1521 754 διὰ
1548 727 1592 754 τὸν
1617 727 1728 762 τρόπον.
1752 728 1806 754 Καὶ
1831 728 1912 762 ἡμὲν

1127 777 1222 808 ὥσπερ
1239 775 1364 810 ἄχρονος,
1385 774 1456 800 οὕτω
1471 773 1519 800 καὶ
1537 772 1667 808 ἄληπτος.
1690 773 1726 799 Οὐ
1741 774 1795 808 γὰρ
1815 773 1911 807 χρόνον

1128 822 1211 858 μόνου
1227 821 1372 856 κρείττων,
1397 820 1464 847 ἀλλὰ
1486 819 1533 846 καὶ
1555 819 1667 855 τρόπον.
1685 819 1790 855 Ὥσπερ
1804 820 1833 846 δὲ
1845 819 1912 854 ἄλη-

1127 877 1206 900 πτος,
1218 867 1290 895 οὓτω
1307 867 1353 894 καὶ
1367 866 1458 898 ἅῦλος-
1474 866 1505 892 οὐ
1522 866 1577 900 γὰρ
1591 865 1670 900 ὑλικὴ
1688 865 1742 891 τῶν
1760 865 1851 891 ἁῢλων
1866 866 1912 891 καὶ

1126 914 1254 949 ἀλήπτων
1271 913 1288 948 ἡ
1302 912 1439 947 γέννησις.
1457 912 1565 946 Ὥσπερ
1580 911 1608 937 δὲ
1621 911 1712 942 ἀειλος,
1731 910 1802 937 οὕτω
1815 910 1847 944 δὴ
1862 911 1910 937 καὶ

1126 960 1307 995 ἀσύλληπτος·
1327 958 1431 993 οὺ.γὰρ
1448 957 1546 992 ἀτελὴς
1561 958 1704 992 πρότερον,
1723 955 1784 983 εἶτα
1796 957 1909 989 τέλειος.

291 999 363 1026 enim
377 999 463 1027 solum
483 1005 589 1035 tempus
604 1009 696 1033 omne,
712 1001 759 1028 scd
768 1009 876 1028 omnem
891 1009 1000 1036 quoque
1013 1009 1074 1028 mo-
1091 1002 1096 1030 1

1127 1007 1233 1041 ’Ὠσπερ
1248 1005 1277 1032 δὲ
1291 1004 1474 1039 ἀσὺλληπτος,
1500 1004 1572 1030 οὕτω
1592 1003 1623 1038 δὴ
1655 1003 1703 1029 καὶ
1730 1002 1860 1033 ἀναίτιος·
1880 1002 1911 1028 οὐ

291 1047 354 1073 dum
369 1046 598 1081 pr-tetergt'editur.
627 1047 712 1073 Sicuti
727 1052 816 1074 autem
845 1046 1076 1081 incomprehensi-

292 1091 365 1122 bilis.
382 1091 456 1118 sicel
473 1090 507 1118 ab
521 1091 596 1118 omni
622 1092 735 1118 materia
766 1095 809 1118 est
836 1097 961 1124 secreta;
988 1099 1076 1125 neque

292 1137 365 1164 enim
382 1137 531 1164 materialis
548 1144 609 1164 esse
619 1141 705 1172 potest
733 1144 827 1164 eorum
852 1138 1000 1172 generatio,
1016 1145 1076 1172 qua:

293 1182 452 1216 incorporea
466 1186 529 1209 sunt
543 1187 569 1208 et.
586 1182 879 1217 incomprehensinia.
893 1182 1075 1215 Quemadmo-

293 1227 359 1253 dum
384 1235 447 1255 vero
475 1227 565 1255 omnis
590 1228 721 1259 materias,
740 1228 779 1255 sic
804 1227 927 1263 profecto
952 1229 1073 1263 cujusvis

293 1279 401 1307 quoque
413 1273 589 1307 praecedentis
604 1272 787 1307 couceptiouis
815 1277 857 1300 est
884 1280 996 1306 expers;
1021 1280 1073 1300 non

293 1310 365 1345 enim
376 1318 450 1353 prius
460 1324 501 1346 est
509 1318 675 1353 imperfecta,
688 1319 785 1345 deinde
796 1317 924 1353 perfecta.
935 1318 967 1345 Et
979 1326 1074 1346 rursus

292 1364 363 1392 sicut
374 1366 579 1401 conceptionem
599 1365 711 1398 nullam,
724 1366 764 1393 sic
773 1366 906 1393 etnullam
918 1367 999 1393 habet
1007 1375 1073 1394 cau-

292 1417 362 1441 sam.
374 1417 482 1446 propter
497 1419 578 1446 quam
594 1411 664 1439 facta
692 1412 746 1444 sit;
763 1419 816 1438 non
842 1412 914 1439 enim
930 1420 963 1439 ex
980 1412 1073 1453 [libera

291 1456 444 1492 cuiuspiam
458 1457 521 1485 ﬁnis
537 1457 668 1485 electione
681 1462 708 1485 et
731 1458 921 1493 prosecutionc
942 1460 1076 1486 exsistet]-

1125 1052 1180 1087 γὰρ
1196 1052 1239 1078 ἵνα
1257 1051 1315 1077 τόδε
1331 1059 1369 1083 τι,
1388 1042 1432 1077 δι’ἑι
1447 1050 1527 1077 τοῦτο
1542 1049 1614 1081 Υἱὸς,
1627 1049 1790 1084 ὢσπεροὺὸὲ
1805 1048 1910 1083 Πατὴρ,

1125 1097 1185 1123 οὐδὲ
1203 1095 1325 1131 Πνεῦμα·
1345 1096 1379 1130 τῇ
1397 1095 1426 1122 δὲ
1440 1095 1522 1130 ἀρχῇ,
1537 1095 1582 1121 καὶ
1595 1095 1715 1128 αἱτιατή·
1733 1093 1791 1124 πῶς
1801 1093 1856 1136 γὰρ
1877 1093 1910 1119 ἂν

1124 1142 1171 1169 καὶ
1188 1142 1230 1175 εἴη
1245 1140 1317 1172 Υῑός,
1334 1140 1402 1175 μήτε
1411 1139 1441 1165 τὸ
1453 1137 1522 1165 εἶναι
1541 1138 1632 1165 λαὸὼν
1647 1138 1722 1172 παρὰ
1734 1137 1779 1164 τοῦ
1794 1137 1909 1172 lla-.96;

1125 1188 1179 1214 Καὶ
1196 1188 1213 1221 ὴ
1229 1187 1278 1221 μὲν
1294 1186 1380 1217 οὕτως
1409 1184 1528 1220 ἔχεικαὶ
1553 1184 1621 1217 ἕξει,
1647 1184 1832 1217 πιστευομένη
1861 1182 1910 1217 μὲν

1128 1234 1181 1264 ἀεὶ,
1193 1231 1459 1266 καταλαμϐανομένη
1475 1230 1503 1256 δὲ
1522 1229 1561 1264 τῷ
1580 1229 1657 1261 πότε,
1673 1229 1690 1264 ἢ
1714 1228 1752 1263 τῷ
1773 1227 1842 1259 πῶς.
1866 1228 1911 1254 οὺ-

1128 1279 1234 1305 δέποτε.
1259 1277 1292 1305 Ἤ
1310 1278 1338 1305 δὲ
1353 1277 1393 1312 τῷ
1414 1277 1463 1312 μὲν
1487 1275 1663 1310 ἀπυνδυὰστῳ
1681 1283 1710 1301 τε
1726 1274 1787 1300 ’καὶ
1809 1273 1911 1300 ἅπαθεί

1126 1322 1173 1348 καὶ
1184 1323 1308 1357 ἀλήπτῳ,
1325 1322 1371 1348 καὶ
1383 1321 1484 1356 ὅμοιος·
1498 1320 1532 1346 τὰ
1546 1320 1575 1346 δὲ
1586 1318 1677 1351 λοιπὰ,
1691 1319 1818 1354 διάφορος
1830 1318 1909 1351 ὑλική

1127 1377 1156 1395 τε
1167 1369 1214 1394 καὶ
1231 1367 1382 1402 συλληπτὴ,
1398 1365 1511 1402 χρονικὴ
1528 1366 1575 1392 καὶ
1591 1365 1712 1399 αἱτιατή’
1730 1364 1777 1391 καὶ
1793 1365 1810 1400 ἡ
1826 1363 1910 1395 αἰτία,

1128 1414 1145 1449 ὴ
1157 1413 1211 1449 ἐμὴ
1223 1414 1354 1448 σωτηρία.
1376 1412 1429 1438 Τοῦ
1443 1411 1497 1447 γὰρ
1516 1410 1582 1437 Θεὸν
1606 1409 1788 1446 βροτωοῆναι,
1805 1409 1834 1436 τὸ
1849 1409 1911 1444 βρο-

1128 1460 1173 1486 τὸν
1187 1459 1333 1494 οεωοῆναι,
1353 1459 1421 1493 μόνη
1438 1457 1583 1492 πρόφασις.

291 1503 358 1530 tiam
373 1503 453 1530 habet
469 1503 564 1537 Filius,
580 1504 620 1531 uti
633 1511 720 1539 neque
736 1503 825 1536 Pater,
838 1512 924 1539 neque
942 1504 1076 1540 Spiritus;
1096 1506 1143 1533 sed
1174 1506 1201 1532 in
1219 1505 1352 1540 principio
1367 1508 1434 1537 erat,
1449 1503 1513 1531 licet
1545 1503 1649 1538 origine
1659 1511 1712 1530 non
1724 1507 1814 1531 careat
1829 1509 1910 1529 :nam

291 1551 427 1585 quomodo
438 1549 524 1579 Filius
543 1555 624 1582 esset,
642 1551 664 1578 si
691 1558 779 1585 neque
795 1558 856 1578 esse
883 1552 1018 1586 acciperet
1042 1560 1075 1579 ex
1094 1551 1291 1587 Patre‘tAtque
1320 1552 1399 1586 plane
1430 1551 1467 1578 ita
1489 1558 1519 1578 se
1533 1550 1651 1578 habetet
1663 1551 1782 1582 habebit,
1796 1555 1825 1577 ut
1837 1550 1909 1578 credi

289 1597 401 1632 quidem
433 1605 542 1632 semper
567 1597 665 1632 possit,
690 1597 799 1632 quando
814 1603 905 1625 autem
922 1603 949 1625 et
964 1599 1100 1633 quomodo
1114 1599 1161 1631 sit,
1181 1599 1347 1633 intelligatur
1362 1605 1512 1633 nunquam.
1523 1597 1571 1624 illa
1586 1604 1650 1624 vero
1665 1595 1823 1632 (terrestris)
1833 1597 1909 1625 sinui-

291 1643 326 1671 lis
340 1646 368 1670 et
379 1643 436 1678 ipsa
449 1642 513 1670 huic
526 1647 611 1669 estex
628 1648 715 1677 parte,
730 1647 866 1676 quatenus
897 1643 992 1670 eadem
1007 1648 1033 1670 et
1058 1643 1258 1678 copulationem
1288 1642 1425 1669 carnalem
1445 1642 1543 1675 nescit,
1561 1645 1588 1667 et
1623 1641 1750 1675 passione
1779 1646 1863 1674 caret,
1881 1646 1909 1669 et

291 1694 398 1722 captqu
416 1691 528 1722 superat
539 1695 547 1720 ;
559 1687 586 1714 in
597 1687 701 1714 caeteris
713 1694 776 1714 vero
788 1687 822 1714 ab
836 1694 866 1714 ea
876 1687 1012 1722 discrepat
1023 1696 1029 1721 ;
1040 1696 1101 1715 nam
1116 1693 1143 1715 et
1158 1695 1287 1722 corporea
1303 1692 1356 1720 est.
1374 1691 1400 1714 et
1428 1687 1584 1721 adjunctam
1596 1686 1801 1721 conceptionem
1817 1685 1907 1719 habet,

290 1737 317 1760 et
332 1733 487 1767 temporalis
502 1737 554 1764 est,
571 1737 597 1759 et
617 1732 697 1759 habet
720 1740 850 1766 causam,
881 1740 941 1767 quae
965 1734 1073 1767 quidem
1094 1741 1177 1761 causa
1206 1734 1257 1761 fuit
1274 1734 1349 1761 salus
1373 1740 1442 1760 ntea.
1458 1728 1544 1760 Unica
1562 1730 1649 1764 enim,
1662 1739 1710 1760 cur
1727 1731 1799 1759 Deus
1833 1739 1907 1760 mor-

292 1779 422 1806 talitateut
440 1777 574 1809 indueret,
586 1777 643 1804 haec
660 1785 742 1804 causa
761 1776 822 1810 fuit,
843 1781 874 1804 ut
892 1777 972 1805 homo
988 1778 1122 1813 particeps
1134 1779 1245 1805 Deitatis
1258 1779 1412 1812 cvaderet.|

327 1823 381 1850 Vli.
397 1822 431 1850 Et
443 1830 509 1850 sane
523 1830 576 1850 non
595 1822 655 1850 ideo
682 1823 771 1850 solum
796 1822 866 1850 Deus
897 1823 1016 1856 advenit,
1044 1829 1096 1859 ut(

1160 1825 1197 1850 Z'.
1211 1824 1248 1850 Οὺ
1262 1818 1321 1859 γὰρ’
1330 1824 1379 1860 τὴν
1391 1824 1528 1860 τιμωρίαν
1542 1823 1620 1851 λῦσαι
1637 1824 1726 1859 μόνον,
1747 1823 1807 1850 οὐδὲ
1822 1832 1908 1851 κατα-

290 1878 400 1907 ρωιιιιιη
413 1870 540 1902 solveret,
558 1877 646 1905 neque
655 1870 743 1897 solum
754 1875 783 1897 ut
794 1875 933 1904 peccatum
947 1870 1068 1898 dimittc-
1091 1877 1096 1883 ‘

1125 1869 1206 1896 λῦσαι
1218 1869 1266 1903 τὴν
1279 1869 1427 1905 ἁμαρτίαν,
1444 1870 1514 1897 ἀλλὰ
1533 1870 1581 1897 καὶ
1595 1869 1761 1905 χαρίσασθαι
1775 1869 1825 1904 τὴν
1853 1870 1909 1910 tgo-

291 1917 350 1950 ret;’
361 1924 454 1944 verum
465 1916 548 1943 etiam
561 1920 589 1943 ut
604 1916 682 1944 nobis
699 1923 731 1943 ex
747 1916 912 1951 benignitate
933 1924 981 1944 sua
1001 1917 1073 1944 Divi-

292 1963 386 1990 nitatis
398 1961 604 1990 similitudinem
616 1961 769 1997 largiretur,
780 1967 861 1996 atque
871 1962 907 1989 ita
917 1962 988 1996 quod
1003 1962 1073 1989 male

291 2017 340 2045 per
355 2016 453 2036 vanam
477 2008 666 2036 tantummodo
696 2008 868 2043 phantasiam
893 2009 1072 2043 excogitatum

291 2055 387 2089 luerat,
400 2055 452 2082 hoc
468 2055 556 2090 ipsum
570 2061 650 2090 opere
666 2054 784 2088 perbelle
798 2053 964 2089 completum
980 2059 1073 2082 osten-

291 2101 378 2129 deret.
408 2100 477 2128 Nam
494 2105 672 2136 posteaquam
687 2107 702 2127 a
730 2100 865 2135 principio
891 2100 999 2128 invidus
1014 2100 1070 2133 ille,

290 2147 335 2174 ille
349 2147 492 2181 lmpostor,
511 2146 676 2180 malitiazque
688 2150 716 2172 et
740 2145 873 2173 mendacii
888 2150 965 2180 pater
990 2145 1073 2173 Crea-

289 2193 377 2216 torem
388 2188 477 2224 ipsum
489 2193 618 2223 tanquam
633 2189 752 2215 invidum
764 2193 791 2215 ct
801 2189 959 2216 mendacem
975 2193 1001 2216 et
1019 2188 1072 2216 im-

290 2238 429 2270 postorem
444 2233 576 2265 traduxit,
592 2234 719 2268 inquiens
734 2243 740 2261 :
757 2234 765 2250 ¹
783 2233 853 2267 Quid
869 2240 906 2261 est
921 2235 991 2269 quod
1002 2242 1072 2270 prte-

289 2279 357 2314 cepit
376 2280 446 2307 vobis
468 2279 537 2307 Deus
552 2279 583 2307 de
598 2279 645 2306 hoc
656 2288 707 2307 uno
722 2288 753 2307 ne
765 2279 933 2307 camedcretis
942 2281 955 2307 ἵ
966 2285 993 2307 et
1006 2280 1071 2308 illud

289 2325 391 2353 addens
403 2326 414 2341 ¹
429 2333 436 2353 :
455 2325 489 2352 In
501 2333 652 2360 quacunque
659 2325 702 2352 die
717 2325 882 2353 comederetis
894 2334 926 2352 ea;
940 2334 981 2358 eo,
996 2327 1071 2353 eritis

288 2369 357 2396 sicut
371 2369 427 2402 dii;
444 2375 525 2403 atque
542 2370 578 2396 ita
595 2371 703 2396 demum
735 2371 872 2397 hominem
902 2379 917 2398 a
929 2371 983 2398 Deo
996 2379 1072 2399 crea-

289 2419 344 2441 tum
361 2415 508 2442 vanissima
523 2415 612 2449 specie
627 2415 774 2451 dignitatis,
791 2424 851 2450 qua:
868 2421 967 2451 praeter
990 2423 1071 2444 uatu-

287 2467 345 2486 ram
356 2464 438 2492 esset,
455 2460 489 2487 ab
502 2467 536 2488 ea
550 2467 659 2495 quoque
675 2461 769 2495 gloria,
790 2469 851 2496 quae
866 2466 907 2489 est
921 2463 1069 2490 secundum

287 2506 536 2541 gratiam,dejecit,
564 2506 776 2542 universumque
800 2507 951 2534 humanum
984 2515 1069 2543 genus

286 2552 472 2585 pessumdedit
482 2561 489 2585 ;
499 2552 532 2584 is,
540 2552 585 2586 qui
594 2552 668 2580 solus
676 2552 776 2580 invidia
786 2560 897 2588 prorsus
905 2559 947 2581 est
954 2561 1066 2587 vacuus,

284 2601 312 2624 et
341 2597 544 2630 veracissimus,
572 2602 599 2624 et
630 2598 844 2632 potentissimus,
872 2602 899 2625 et
927 2598 1067 2625 hominum

286 2643 502 2674 amantissimus,
527 2643 810 2678 sapientissimusque,
835 2648 899 2671 tunc
916 2644 1025 2678 quidem
1041 2649 1068 2671 et

287 2695 365 2715 suam
383 2689 469 2724 ipsius
481 2689 669 2722 veracitatem,
682 2689 755 2716 illius
774 2694 863 2717 autem
876 2689 1009 2717 fallaciam
1026 2690 1068 2716 in-

285 2734 439 2769 vidiamque
459 2735 592 2770 probavit,
606 2742 668 2763 cum
695 2735 759 2770 ligni
784 2742 847 2762 esus
864 2742 912 2762 eos
939 2734 1068 2762 mortales

285 2779 391 2815 etchit;
404 2789 478 2810 nunc
493 2789 567 2815 vero,
582 2781 647 2809 dum
668 2782 726 2816 ipse
745 2782 847 2816 lignum
863 2782 922 2810 vita:
942 2782 1066 2815 cﬂ‘ectus,

321 2870 329 2885 ‘
344 2868 409 2897 Gen.
425 2879 464 2902 ιιι,
481 2872 507 2898 1.
544 2872 553 2886 ’
569 2870 636 2898 Gen.
653 2878 693 2903 ut,
710 2871 737 2898 5.

1125 1915 1211 1948 θεϊαν,
1228 1916 1275 1943 καὶ
1290 1916 1321 1943 τὸ
1332 1916 1424 1948 κακῶς
1441 1917 1595 1952 φαντασθὲν
1620 1917 1711 1951 μόνον,
1738 1916 1829 1948 καλῶς
1843 1916 1909 1943 ἀπο·

1124 1960 1248 1987 τελεσθὲν
1259 1960 1332 1996 ἔργῳ
1348 1961 1452 1994 δείξων,
1471 1961 1537 1993 Θεὸς
1559 1961 1700 1996 ἐλήλυθεν.
1727 1961 1835 1996 Ἐπειδὴ
1852 1962 1908 1997 γὰρ

1125 2005 1256 2040 φθονερὸν
1271 2007 1285 2032 ὁ
1305 2006 1443 2042 φθονερὸς,
1465 2007 1513 2033 καὶ
1527 2006 1648 2042 ψεύστην
1673 2006 1722 2033 καὶ
1748 2007 1878 2042 σοφιστὴν
1893 2008 1908 2033 ὁ

1125 2051 1255 2087 σοφιστὴς
1272 2052 1322 2087 τῆς
1342 2052 1442 2083 κακίας
1459 2052 1506 2079 καὶ
1517 2052 1564 2079 τοῦ
1575 2052 1689 2088 ψεύδους
1704 2052 1798 2087 πατὴρ
1810 2051 1909 2078 ὑπέθε-

1124 2088 1155 2123 τὸ
1174 2097 1224 2133 τὴν
1243 2098 1332 2133 ἀρχὴν
1347 2097 1393 2125 τὸν
1407 2098 1590 2134 Δημιουργδν,
1615 2098 1711 2132 λέγων·
1740 2099 1770 2125 Tl
1795 2097 1839 2124 ὅτι
1864 2087 1920 2123 ἐνί

1126 2143 1261 2170 uallata
1278 2143 1376 2177 ὑμῖνό
1396 2144 1466 2177 Θεὸς
1482 2144 1542 2172 ἀπὸ
1555 2145 1664 2171 τούτου
1680 2144 1778 2178 μόνου
1790 2142 1834 2177 μὴ
1849 2151 1907 2177 ερα-

1123 2189 1206 2223 τεῖν;
1219 2189 1267 2215 καὶ
1277 2189 1323 2222 τδ,
1339 2187 1376 2226 ⁷ῌ
1392 2189 1418 2216 δ’
1437 2190 1476 2218 ἂν
1495 2190 1591 2224 ἡμέρᾳ
1607 2189 1720 2224 φάγητε
1738 2189 1789 2216 ἀπ’
1801 2188 1906 2221 αὐτοῦ,

1123 2234 1232 2262 ἔσεσθε
1251 2236 1291 2268 ὡς
1319 2235 1390 2263 θεοί·
1422 2236 1470 2262 καὶ
1499 2235 1570 2262 οὕτω
1593 2235 1638 2261 τὸν
1670 2233 1907 2270 δημιουργηθέντα

1124 2280 1258 2316 φαντασίᾳ
1272 2280 1352 2316 δόξης
1361 2280 1412 2316 τῆς
1425 2281 1500 2317 παρὰ
1511 2280 1602 2316 φύσιν,
1619 2280 1666 2307 καὶ
1678 2281 1728 2315 τῆς
1744 2279 1813 2306 κατὰ
1826 2279 1907 2314 χάριν

1123 2325 1245 2360 ἑξέϐαλε,
1267 2327 1314 2353 καὶ
1330 2327 1379 2362 τὴν
1397 2326 1479 2362 φύσιν
1493 2326 1652 2361 ἀνέτρεψεν,
1665 2327 1679 2353 ό
1691 2325 1770 2361 μόνος
1784 2323 1907 2359 ἀφθονώ-

1122 2380 1202 2403 τατος
1218 2372 1263 2399 καὶ
1275 2372 1457 2408 ἀληθέστατος
1475 2372 1521 2399 καὶ
1539 2372 1736 2404 δυνατώτατος,
1750 2370 1797 2397 καὶ
1811 2370 1905 2404 φιλαν-

1123 2418 1297 2454 θρωπότατος
1322 2419 1368 2445 καὶ
1382 2418 1547 2452 σοφώτατος,
1571 2415 1612 2449 οἷς
1635 2418 1696 2444 τότε
1721 2417 1773 2453 μὲν
1782 2417 1812 2443 τὸ
1828 2416 1906 2449 εὖ).ον

1122 2462 1221 2494 αὐτοὺς
1236 2463 1400 2495 ἐθανάτωσε,
1427 2463 1456 2489 τὸ
1482 2463 1531 2497 μὲν
1558 2462 1673 2497 ἀψευδὲς
1692 2461 1800 2495 ἑαυτοῦ,
1818 2461 1849 2488 τὸ
1876 2461 1904 2487 δὲ

1084 2521 1109 2550 D
1120 2507 1218 2541 ψεῦδος
1232 2507 1337 2533 ἐκείνου
1353 2507 1400 2534 καὶ
1414 2506 1458 2534 τὸν
1478 2506 1575 2542 φθόνον
1588 2506 1735 2540 ἐξέλεγξεν·
1747 2505 1788 2537 οἷς
1803 2505 1831 2532 δὲ
1850 2505 1898 2550 καὶ

1123 2552 1170 2578 νῦν
1184 2553 1265 2584 αὐτὸς
1282 2553 1381 2583 αὐτοὺς
1394 2553 1424 2579 τὸ
1438 2553 1488 2588 τῆς
1501 2553 1574 2588 ζωῆς
1586 2552 1664 2587 ξύλον
1676 2552 1788 2584 ὲθέωςε,
1802 2550 1834 2577 τὸ
1847 2545 1907 2577 θέο-

1123 2598 1230 2632 πρεπὲς
1247 2597 1345 2624 ἑαυτοῦ
1359 2598 1406 2624 καὶ
1423 2598 1601 2632 ἀγαθώτατον
1620 2597 1787 2633 ὲφανὲρωσε·
1809 2597 1855 2623 καὶ
1871 2596 1906 2622 δι’

1123 2640 1160 2669 ὦν
1176 2644 1226 2678 μὲν
1236 2644 1282 2670 τὸν
1291 2643 1391 2679 τρόπον
1408 2643 1531 2677 ὑπέδειξε
1551 2643 1601 2678 τῆς
1615 2643 1750 2675 θεώσεως,
1768 2642 1799 2668 τὸ
1815 2641 1904 2676 σοφώ-

1122 2697 1203 2715 τατον
1219 2689 1408 2725 παρεδήλωσεν
1424 2690 1458 2716 δι’
1472 2688 1509 2716 ὧν
1525 2689 1553 2716 δὲ
1569 2689 1616 2716 καὶ
1628 2689 1756 2716 τοαοῦτον
1771 2687 1904 2722 ὲκενώοη,

1122 2735 1168 2762 καὶ
1183 2732 1224 2767 οἷς
1242 2735 1324 2762 αὑτὸν
1339 2735 1450 2770 ὲνεδύθη
1470 2736 1515 2762 τὸν
1528 2735 1681 2769 ἄνθρωπον,
1704 2735 1735 2761 τὸ
1752 2733 1906 2768 φιλανθρω-

1123 2782 1248 2808 πότατον·
1267 2780 1307 2814 οἷς
1330 2783 1358 2810 δὲ
1382 2783 1491 2815 καὶτὰς
1510 2781 1604 2816 φύσεις
1621 2781 1749 2817 ἁφύρτως
1775 2779 1904 2814 ἐκέρασε,
