2092 3157
229 213 278 245 82!

622 218 749 248 SERMO
769 219 809 249 IN
831 219 881 249 SS.
904 220 1079 251 ΒΕΙΡΑΗᾹΞ
1098 223 1457 257 ANNUNTIATIONEM.

1799 227 1853 258 8‘22

229 271 257 296 δὲ
272 269 437 304 ἡθεοτοκία,
448 269 496 296 καὶ
511 270 559 305 τῆς
575 271 710 306 κοσμικῆς
727 271 853 303 εὐτυχίας
863 272 1014 308 αὐτουργὸς
1030 291 1035 306 λ

1070 275 1148 303 vinus
1176 277 1220 304 ille
1233 281 1337 312 partus,
1354 278 1400 312 qui
1431 278 1515 305 totius
1554 278 1648 306 mttndi
1680 279 1853 310 fecunditatis

230 315 299 350 ὁμοῦ
315 316 362 342 καὶ
378 316 556 350 προάγγελος.
947 346 950 347 ,

269 362 317 388 iI“.
335 362 420 398 ['Opa
438 371 482 397 μοι
504 362 555 396 τῆς
578 363 718 398 Παρθένου
738 365 789 399 τὴν
814 365 938 400 καθαρὰν
966 365 1016 392 καὶ

231 407 316 443 σοφὴν
337 408 384 434 καὶ⁵
400 408 490 444 ψυχὴν
502 408 570 444 ὁμοῦ
588 410 634 436 καὶ
650 411 752 445 φωνήν.
780 411 877 446 Χαράν
898 410 1017 437 ἀκούσα-

231 463 276 486 σα,
292 455 342 490 οὐχ
360 454 472 490 ἥπλωσε
486 455 535 490 τὴν
550 455 646 490 ἀκοὴν,
662 456 720 482 ἀλλ’
739 456 886 483 ὲὸασάνισε
900 457 949 491 τὴν
961 465 1017 491 φω-

230 501 290 536 νήν·
309 501 356 528 καὶ
365 501 428 528 οὔτε
440 501 565 537 φανερῶς
576 502 731 528 ἀντιπίπτει
749 503 793 529 διὰ
808 502 857 538 τὴν
871 503 1013 536 ἀπιστίαν,

231 546 292 572 οὔτε
314 546 453 578 παντελῶς
476 547 557 578 εὐθὺς
573 547 723 574 ὑποπίπτει
742 548 786 575 διὰ
810 547 859 583 τὴν
879 548 1016 574 εύκολίαψ

229 592 286 619 ἀλλ’
300 592 392 627 ὲξίσης
412 592 551 627 φεύγουσα
562 593 610 619 καὶ
628 593 678 628 τὴν
693 593 854 627 ἁπαλότητα
865 594 915 628 τῆς
932 593 1014 626 Εὔας,

231 639 277 665 καὶ
292 638 342 674 τὴν
360 638 501 665 ἀπείθειαν
525 638 572 665 τοῦ
591 639 739 674 Ζαχαρίου,
765 639 835 674 μέση
861 640 946 674 χωρεί
972 639 1017 666 διὰ

229 686 280 720 τὴν
296 685 457 720 ἀσφάλειαν*
470 685 517 712 καὶ
529 685 737 720 διαταράττεται
756 687 816 720 μὲν,
830 686 868 716 ὼς
885 686 967 717 εἰκός·
985 686 1016 712 οὐ

229 731 274 758 διὰ
288 732 322 758 τὰ
333 731 459 766 ὁρώμενα
473 731 582 766 μᾶλλον·
599 731 725 758 τοσοῦτον
740 732 810 767 αὐτῇ
825 731 855 758 τὸ
870 732 1013 767 παράστη-

232 785 279 812 μα’
294 777 381 809 ἄλλως
392 785 422 803 τε
439 777 487 804 καὶ
512 777 617 804 τούτων
635 775 703 804 οὖσα
727 776 783 803 τῶν
803 777 949 810 θεαμάτων
965 777 1016 812 ἤδη

233 823 360 858 συνήθης,
376 822 444 850 ἀλλὰ
462 823 506 850 διά
527 823 562 850 τά
583 822 729 858 λεγόμενα.
757 823 851 849 Ταῦτά
873 831 916 849 τοι
940 823 987 849 καὶ
1002 823 1017 849 ὁ

230 870 425 905 εὐαγγελιστὴς
434 871 465 896 οὺ
479 871 512 906 τῇ
526 869 629 906 θεωρία
651 870 763 905 μᾶλλον,
782 870 850 897 ἀλλὰ
875 871 909 905 τῇ
925 870 1013 903 ἑπαγ-

230 913 308 948 γελίᾳ
332 914 378 940 τὸν
406 914 524 949 τάραχον
551 914 708 942 ἀποδίδωσι.
740 914 919 949 Διεταράχθη
947 914 1014 950 γὰρ,

1068 321 1179 348 eﬂ‘ector
1191 323 1271 349 simul
1287 327 1313 350 et
1328 324 1441 351 nuntius
1457 323 1570 351 exstitit.

1105 367 1174 394 Xlll.
1189 367 1254 403 [Sed
1271 373 1399 401 praeterea
1417 369 1529 404 inspice,
1557 378 1662 404 quaeso,
1681 378 1776 405 puram
1792 380 1850 406 pru-

1068 413 1232 448 dentemque
1246 413 1364 448 Virginis
1379 419 1497 442 mentem
1529 415 1631 450 pariter
1659 424 1691 444 ac
1720 417 1840 452 linguam

1069 458 1199 492 Quamvis
1212 459 1302 495 gaudii
1319 468 1371 488 vox
1387 461 1538 494 insonaret,
1555 470 1610 490 non
1636 464 1740 490 arrexit
1760 471 1852 496 aures,

1069 504 1115 532 sed
1131 511 1284 532 sermonem
1303 505 1447 540 diligenter
1455 506 1616 541 perpendit;
1633 513 1689 534 tum
1717 515 1781 535 vero
1805 515 1853 535 ne-

1068 557 1121 585 que
1154 550 1344 578 incredulitate
1375 556 1468 585 aperte
1491 551 1634 585 obnititur,
1659 561 1746 587 neque
1759 554 1853 580 statim

1068 596 1152 623 nimia
1167 595 1284 631 quadam
1297 596 1426 624 l'acilitate
1437 597 1550 625 omnino
1565 598 1656 632 cedit;
1671 600 1716 626 sed
1730 607 1761 625 ex
1777 606 1855 634 sequo

1068 646 1095 669 ct
1109 642 1143 669 ab
1160 643 1220 669 Eva:
1235 642 1359 675 mollitie,
1376 647 1403 670 et
1418 643 1452 670 ab
1464 643 1604 671 incredula
1624 644 1763 672 Zachariae
1777 645 1854 671 duri-

1068 688 1105 715 tie
1121 687 1275 720 declinans,
1291 687 1318 715 in
1338 688 1428 716 medio
1447 693 1527 717 caute
1546 690 1746 724 prudenterque
1766 689 1856 716 consi-

1068 734 1125 761 stit.
1140 732 1172 760 Et
1187 734 1366 761 ednturbatur
1379 734 1424 761 illa
1438 734 1558 769 quidem,
1570 734 1657 769 prouti
1670 742 1715 761 res
1737 733 1854 766 ferebat;

1068 787 1122 806 non
1133 779 1201 806 adeo
1210 787 1275 807 sane
1282 787 1314 806 ex
1325 779 1402 812 visis,
1416 779 1480 807 licet
1487 784 1541 807 tam
1553 779 1724 808 tremendum
1735 779 1760 806 id
1770 783 1853 811 esset,

1068 824 1139 859 quod
1156 824 1243 851 oculis
1259 823 1310 858 ipsi
1324 824 1530 858 obversabatur,
1543 825 1694 861 praesertim
1713 832 1775 852 cum
1793 832 1854 852 cer-

1068 869 1163 897 nendis
1169 869 1303 903 ejusmodi
1312 877 1420 904 quoque
1427 869 1577 898 visionibus
1586 870 1642 904 jam
1652 869 1721 896 foret
1734 873 1853 902 assueta;

1068 916 1114 943 sed
1128 916 1221 950 utique
1232 916 1412 943 conturbatur
1432 923 1466 943 ex
1495 915 1585 943 dictis.
1612 915 1650 942 lla
1678 914 1800 950 profecto
1828 920 1856 942 et

231 960 308 994 φησὶ,
323 959 373 986 ἐπὶ
390 959 430 992 τῷ
442 960 545 995 λόγῳ]
629 960 697 996 [Οὐχ
717 961 731 987 ὁ
753 960 874 992 τοκετός”
904 959 945 986 ἔτι
960 961 1016 996 γὰρ
1034 956 1035 981 ἶ

1070 961 1246 995 evangelista,
1266 968 1319 987 non
1338 965 1393 987 tam
1406 967 1439 987 ex
1453 960 1569 993 visione,
1585 961 1631 988 sed
1652 961 1743 995 potius
1754 967 1788 987 ex
1806 968 1855 987 au-

231 1005 323 1039 ἠγνόει
343 1004 390 1032 τοῦ
407 1005 558 1041 μυστηρίου
571 1006 602 1032 τὸ
619 1006 744 1040 μέγεθος.
774 1005 844 1032 Ἀλλ’
867 1005 943 1040 ὅμως
958 1006 1016 1032 ἑδε-

229 1049 314 1077 δοίκει
326 1050 373 1077 καὶ
387 1049 486 1085 ἔτρεμε
501 1051 551 1086 τὴν
568 1050 645 1078 θείαν
667 1051 777 1086 ὁμιλίαν
799 1051 846 1077 καὶ
859 1052 1013 1083 κοινωνίαν,

231 1094 278 1122 καὶ
291 1094 352 1121 καθ’
368 1095 454 1130 αὐτὴν
466 1095 576 1130 ἠπόρει,
595 1096 705 1131 ποταπή
718 1104 760 1127 τις
774 1094 844 1129 αὕτη
859 1095 906 1121 καὶ
921 1095 994 1126 ὅπως
1006 1103 1014 1111 ⁸

231 1137 286 1174 ἄρα
298 1141 415 1176 πορνική
426 1149 468 1172 τις
483 1141 530 1168 καὶ
548 1141 660 1173 ἄτοπος,
681 1140 719 1172 ὡς
736 1140 766 1172 ἐξ
780 1139 876 1175 ἀνδρὸς
890 1140 957 1175 πρὸς
970 1140 1018 1167 κό-

233 1192 294 1221 ρηνο
311 1186 327 1221 ἢ
346 1186 417 1218 θεία,
430 1186 523 1222 ἐπειδὴ
545 1187 593 1213 καὶ
606 1186 675 1214 Θεοῦ
700 1187 794 1221 μνήμη
812 1186 880 1220 αὐτῇ
892 1185 1017 1218 σύνεστι,

231 1231 273 1261 τὸ.
283 1231 313 1257 '0
323 1232 430 1265 Κύριος
442 1232 518 1266 μετὰ
529 1231 612 1268 σοῦ.]

1070 1005 1127 1032 dito
1143 1005 1240 1032 nuntio
1252 1005 1390 1033 incussam
1409 1013 1470 1032 esse
1483 1005 1666 1032 turbationem
1695 1005 1788 1032 tradit.
1806 1005 1850 1031 ln-

1064 1051 1123 1085 quit
1138 1050 1210 1077 enim
1228 1059 1235 1077 :
1251 1049 1370 1077 Turbata
1384 1055 1423 1077 est
1438 1050 1467 1077 in
1482 1058 1600 1078 sermone
1614 1051 1624 1066 ⁸
1724 1050 1856 1085 [Itemque

1065 1103 1118 1123 non
1134 1104 1193 1123 eam
1208 1096 1235 1123 in
1250 1096 1323 1123 hunc
1334 1104 1464 1131 angorem
1478 1097 1596 1130 coniecit
1624 1097 1728 1123 mentio
1741 1100 1833 1131 partus
1847 1104 1855 1128 ;

1067 1141 1187 1168 nondum
1206 1142 1278 1168 enim
1294 1145 1463 1176 perspectam
1479 1142 1569 1176 magni
1586 1141 1660 1168 illius
1678 1141 1801 1175 mystcrii
1815 1148 1857 1167 ra-

1067 1187 1169 1214 tionem
1182 1186 1308 1214 habebat.
1323 1186 1514 1214 Verumtamen
1531 1194 1547 1214 a
1560 1187 1651 1214 divina
1666 1187 1710 1213 il'a
1727 1187 1854 1214 allocuti-

1068 1240 1120 1260 one
1135 1232 1399 1267 conversationeque
1419 1232 1543 1264 timebat.
1561 1231 1761 1266 tremebatquc,
1775 1235 1858 1265 atque

232 1277 321 1305 anxiis
356 1279 507 1313 angebatur
529 1279 755 1313 dubitationibus,
786 1280 940 1315 cujusmotli
968 1280 1013 1307 illa
1033 1279 1113 1313 foret,
1138 1287 1228 1314 quove
1264 1283 1400 1314 spectaret
1416 1287 1424 1312 ;
1443 1287 1509 1306 num
1534 1279 1680 1307 inhonesta
1698 1277 1755 1306 ullo
1777 1278 1858 1305 modo

232 1330 265 1350 ac
279 1323 376 1358 turpis,
388 1325 489 1360 quippe
500 1333 561 1360 qua:
574 1325 625 1352 viri
639 1326 673 1353 ad
703 1327 831 1361 puellam,
843 1335 877 1354 au
903 1334 968 1354 vero
996 1326 1101 1358 divina.
1131 1326 1261 1361 quoniam
1278 1326 1305 1353 iu
1334 1325 1393 1361 ipso
1416 1325 1537 1360 alloquio
1558 1325 1664 1360 adjecta
1692 1324 1782 1352 fuerat
1810 1324 1857 1351 Dei

233 1373 346 1404 mentio,
363 1372 427 1400 illud
443 1381 540 1408 nempe
555 1373 684 1400 Dominus
694 1374 805 1410 tecum}
898 1392 902 1393 ν

270 1416 318 1444 lA’.
338 1417 446 1453 [Καίτοι
460 1418 511 1454 τῆς
534 1419 618 1454 κόρης
636 1419 720 1454 μηδὲν
747 1419 887 1455 εἰπούσης,
902 1419 961 1446 ἀλλ’
991 1419 1021 1445 ὲν

234 1463 316 1497 ιαυτῇ
333 1463 398 1498 περὶ
418 1463 465 1490 τοῦ
488 1464 635 1499 ἀσπασμοῦ
650 1465 884 1501 διαλογιζομένης,
906 1466 921 1492 ό
939 1473 1022 1500 χαρο-

236 1509 313 1538 ποιδς
328 1508 523 1542 νυμφοστόλος,
543 1507 587 1535 οἷα
599 1511 662 1541 νοῦς
676 1510 722 1536 τὸν
743 1510 806 1537 νοῦν
827 1510 914 1544 αὐτῆς
939 1509 1021 1544 ὁρῶν,

234 1553 285 1578 οὐκ
303 1552 429 1580 ὲκόἁλλει
446 1553 526 1588 μόνον
540 1554 586 1582 τὸν
599 1555 692 1589 φόὸον,
706 1555 775 1582 ἀλλὰ
788 1555 836 1582 καὶ
854 1556 943 1582 πᾶσαν
957 1555 1021 1582 ἀντ-

1106 1417 1174 1445 χιν.
1189 1417 1199 1454 [
1217 1417 1285 1444 Cum
1300 1418 1394 1452 itaque
1409 1415 1491 1450 Virgo
1525 1415 1592 1443 nihil
1609 1415 1797 1449 responderet,
1811 1422 1858 1442 ve-

1071 1471 1133 1490 rum
1153 1470 1245 1490 secum
1259 1462 1316 1497 ipsa
1331 1461 1365 1489 de
1381 1461 1546 1489 salutatione
1561 1461 1607 1488 illa
1633 1460 1730 1488 scdulo
1752 1460 1858 1494 disqui-

1073 1514 1155 1542 reret,
1183 1507 1387 1543 paranymphus
1415 1507 1508 1541 gaudii
1532 1506 1668 1537 minister,
1697 1505 1797 1540 quippe
1809 1506 1857 1540 qui

1073 1559 1190 1582 mentem
1203 1554 1287 1585 illius,
1305 1557 1396 1587 utpote
1409 1560 1496 1585 meus,
1514 1551 1681 1587 pervidebat,
1701 1558 1756 1578 non
1776 1551 1858 1578 modo

235 1597 342 1631 εισάγει
368 1598 467 1633 χαρὰν,
501 1599 550 1626 καὶ
575 1599 673 1634 μηνύει
701 1599 748 1626 τὸν
771 1599 910 1635 ἄφραστον
931 1599 1020 1626 τόκον·

1076 1601 1200 1629 timorem
1227 1599 1357 1634 dispellit,
1382 1598 1430 1626 sed
1456 1599 1566 1633 plenum
1593 1605 1703 1632 quoque
1729 1597 1857 1632 gaudium

234 1643 283 1676 Μὴ
296 1643 401 1678 φοϐοῦ,
415 1644 506 1680 φησί.]
521 1645 606 1679 Τοῦτο
616 1645 660 1672 διὰ
673 1645 720 1672 τὸν
730 1647 783 1681 πρὸ
797 1645 844 1672 τοῦ
855 1646 909 1672 τῶν
920 1645 1022 1672 ὠδίνων

235 1688 328 1722 φόδον.
348 1687 447 1722 Τάξεις
464 1689 521 1723 τὰρ
533 1689 611 1722 υιὸν,
635 1690 684 1716 καὶ
711 1689 854 1724 καλέσεις
878 1691 911 1718 τὸ
927 1691 1022 1725 ὄνομα

234 1733 329 1760 αὑτοῦ
350 1734 482 1767 Ἰησοῦν·
508 1750 543 1754 -
563 1735 661 1768 Αὐτὸς
683 1736 738 1771 γὰρ
761 1736 854 1763 σώσαι
880 1737 934 1764 τὸν
945 1739 1022 1764 λαὸν

235 1777 338 1804 αὐτοῦ.
357 1778 413 1813 Ούχ
431 1779 583 1806 ὃσονοὺδὲν
601 1781 682 1815 αὑτὴ,
707 1782 800 1816 φησὶν,
822 1782 855 1808 ὲκ
877 1781 924 1808 τοῦ
940 1782 1021 1809 τόκου

235 1823 322 1860 πείσῃ
342 1824 430 1851 δεινὸν
446 1825 463 1861 ἢ
479 1826 589 1861 πικρὸν,
605 1826 673 1854 ἀλλά
689 1827 736 1853 καὶ
748 1828 761 1854 ὁ
772 1828 851 1859 τόκος
863 1827 941 1854 ἔσται
955 1837 1022 1856 παν-

235 1871 264 1897 τὶ
277 1870 316 1905 τῷ
331 1871 427 1906 κόσμῳ
452 1873 597 1906 σωτήριοςο
618 1873 666 1899 καὶ
682 1873 761 1908 δῆλον
774 1873 807 1899 τὺ
821 1873 904 1908 ἔργον
922 1875 956 1901 ἐκ
972 1874 1020 1901 τοῦ

234 1916 376 1951 ὀνόματος.
390 1916 439 1952 [Τὸ
453 1917 555 1952 μέντοι,
569 1917 647 1945 Ἰδοὺ
663 1918 694 1944 τὸ
709 1919 791 1954 τάχος
802 1919 850 1946 καὶ
870 1919 901 1945 τὸ
911 1920 958 1946 νῦν
970 1920 1020 1954 δη-

235 1963 288 1990 λοῖ·
311 1963 355 1990 ἵνα
367 1963 415 1990 καὶ
425 1963 470 1990 διὰ
485 1964 582 1991 τούτου
599 1965 648 2000 τὴν
667 1965 711 1992 διὰ
725 1966 805 1999 λόγου
817 1966 865 1992 καὶ
889 1966 937 1993 σὺν
949 1966 1021 2002 λόγῳ

236 2010 348 2045 ἑμφήνῃ
367 2009 568 2046 σύλληψιν.]....
598 2010 725 2046 [Ἐπειδὴ
738 2011 766 2038 δὲ
780 2011 838 2038 ἔστι
856 2011 903 2038 καὶ
927 2012 956 2038 ἐν
972 2020 1021 2046 γα-

237 2056 298 2089 στρὶ
309 2055 379 2082 κατὰ
396 2055 442 2081 τὸν
463 2053 608 2091 προφήτην
631 2057 664 2090 τῇ
682 2064 714 2090 γε
740 2056 933 2090 πνευματικῶς
947 2065 1022 2083 νοου-

239 2103 307 2138 μὲνῃ
322 2102 434 2137 Πνεῦμα
451 2102 632 2129 συλλαϐέσθαι
644 2102 722 2133 Θεοῦ,
741 2103 788 2128 καὶ
809 2102 920 2137 Πνεῦμα
932 2111 1021 2138 σωτη-

237 2149 299 2183 ρίας
319 2149 474 2179 ἀποτεκεῖν.
490 2148 558 2175 ἀλλὰ
574 2149 618 2181 σὺ,
630 2149 706 2183 φησὶ,
724 2149 770 2175 καὶ
784 2148 872 2181 τέξεις
885 2149 952 2175 υἱόν.
971 2147 1020 2184 [Σὺ

235 2194 293 2226 οὖν,
309 2195 385 2229 φησὶ,
407 2195 548 2227 καλέσεις
568 2194 627 2229 (οὐχ
643 2195 657 2220 ό
673 2195 777 2230 πατήρ·
792 2195 908 2230 ἀπάτωρ
921 2195 975 2230 γὰρ
989 2195 1021 2221 τό

236 2248 267 2274 γε
282 2240 353 2267 κατὰ
368 2240 418 2274 τὴν
442 2240 518 2267 κάτω
535 2240 671 2274 γέννησιν,
687 2239 782 2275 ὥσπερ
804 2241 920 2276 ἀμήτωρ
947 2241 1021 2268 κατὰ

1074 1650 1168 1674 contra
1181 1645 1290 1680 ingerit,
1306 1650 1333 1672 et
1348 1644 1512 1671 ineffabilem
1531 1643 1556 1670 ei
1571 1647 1678 1677 partum
1702 1642 1856 1669 annuntiat.

1075 1691 1116 1718 Ne
1143 1691 1236 1718 timeas
1251 1691 1262 1706 ’
1277 1711 1284 1723 ,
1318 1689 1406 1725 inquit
1423 1689 1452 1725 .]
1469 1689 1497 1716 ld
1521 1688 1663 1716 enimvero
1692 1688 1794 1715 dictutn
1817 1692 1860 1714 est

1073 1740 1183 1771 propter
1197 1735 1321 1762 timorem
1337 1735 1447 1762 illorum
1477 1734 1601 1761 dolorum
1619 1734 1663 1768 qui
1691 1733 1858 1768 parientibus

1073 1783 1137 1810 olim
1151 1782 1272 1809 intentati
1289 1781 1408 1808 fuerunt.
1424 1780 1518 1807 Parios
1529 1781 1598 1807 enim
1607 1779 1704 1814 ﬁlium,
1716 1784 1741 1806 et
1754 1779 1859 1806 vocabis

1073 1836 1166 1856 nomen
1183 1828 1241 1862 ejus
1248 1827 1340 1855 Iesum
1353 1827 1373 1844 ¹⁶
1391 1835 1399 1860 ;
1414 1826 1511 1860 —-lpse
1525 1826 1596 1853 enim
1607 1826 1709 1853 solvunt
1725 1826 1805 1859 faciet
1814 1833 1858 1859 ρο-

1072 1875 1163 1910 pulum
1176 1882 1254 1901 suum
1266 1874 1298 1900 “.
1315 1873 1432 1905 Nedum,
1445 1872 1543 1907 inquit,
1555 1872 1612 1906 ipsa
1625 1871 1783 1898 existimare
1796 1878 1859 1905 pos-

1073 1921 1121 1953 sis,
1132 1921 1258 1948 acerbum
1279 1919 1417 1954 quidpiam
1434 1923 1481 1945 aut
1504 1918 1648 1945 tnolcstum
1675 1925 1706 1944 cx
1724 1922 1800 1952 partu
1809 1916 1858 1943 tibi

1073 1965 1240 2000 impendere,
1273 1965 1330 1992 imo
1347 1971 1410 1991 vero
1439 1968 1534 1998 partus
1556 1968 1619 1990 tttus
1647 1963 1776 1990 universo
1788 1969 1859 1996 quo-

1072 2019 1125 2046 que
1140 2011 1241 2038 mundo
1258 2010 1372 2037 salutem
1389 2009 1482 2037 all‘eret
1496 2018 1504 2042 ;
1519 2013 1546 2036 et
1562 2009 1643 2042 hujus
1668 2007 1777 2042 quidem
1795 2014 1859 2041 ope-

1072 2057 1111 2084 ris
1123 2060 1312 2090 argumentum
1336 2055 1363 2082 in
1380 2055 1439 2089 ipso
1455 2054 1564 2081 nomine
1576 2057 1689 2088 prostat.
1702 2051 1859 2087 [Enimvero

1073 2102 1138 2129 illud
1151 2101 1217 2128 Ecce
1240 2101 1370 2132 declarat,
1390 2100 1463 2126 nulla
1490 2099 1648 2133 interposita
1670 2105 1745 2124 mora
1771 2098 1859 2124 etim-

1073 2147 1278 2182 prarsentiarum
1294 2154 1349 2173 rem
1361 2149 1449 2173 aetatu
1463 2153 1470 2177 ;
1496 2149 1581 2178 utper
1592 2144 1617 2171 id
1640 2149 1750 2177 quoque
1768 2143 1857 2176 palam

1074 2193 1165 2225 faciat,
1179 2193 1381 2227 conceptionem
1403 2199 1450 2226 per
1464 2191 1575 2217 verbum
1584 2195 1611 2216 et
1623 2197 1684 2217 cum
1700 2188 1783 2215 verbo
1797 2195 1858 2222 per-

1075 2238 1172 2266 fectam
1196 2236 1419 2273 esse.].....,[At
1436 2243 1509 2267 vero,
1534 2234 1754 2270 quandoquidem
1781 2234 1857 2268 juxta

236 2286 286 2320 τὴν
298 2286 375 2319 ἀνω),
394 2285 435 2312 σὺ
450 2285 592 2319 καλέσεις
607 2286 735 2319 Ἰησοῦν.
757 2286 822 2312 Ἀπὸ
838 2287 887 2321 τῆς
909 2287 1023 2322 εὐεργες

1076 2285 1232 2319 prophetam
1251 2283 1393 2317 contingit,
1409 2287 1439 2309 ut
1456 2282 1483 2309 in
1505 2284 1583 2308 utero
1593 2280 1801 2316 spiritualisaue
1814 2287 1860 2306 ra-

239 2332 299 2363 σίας
311 2333 328 2367 ἡ
344 2331 489 2367 ὀνομασία,
506 2332 561 2359 ἀπὸ
588 2332 639 2366 τῆς
662 2332 788 2367 χρήσεως
811 2333 827 2367 ἡ
848 2333 955 2367 κλῆσις,
967 2332 1022 2358 ἀπὸ

238 2378 293 2404 τῶν
307 2378 397 2413 ἔργων
411 2379 428 2413 ἡ
443 2378 567 2413 εὐφημία
578 2386 585 2394 ο
605 2378 639 2404 δι’
663 2377 818 2413 αὑτοῦγὰρ
837 2377 992 2412 ἀνθρώποις
1008 2378 1022 2404 ό

237 2423 288 2458 τῆς
301 2424 436 2460 σωτηρίας
454 2424 648 2460 ἀνεξάντλητος
659 2424 820 2459 ὲπιῤῥεύσει
832 2423 1021 2460 πλοῦτος.]....

239 2469 333 2505 [Ἐπεὶ
349 2470 379 2496 δὲ
395 2470 485 2497 κοινὸν
512 2470 587 2506 αὑτῷ
610 2471 689 2498 τοῦτο
709 2472 756 2498 καὶ
776 2471 843 2506 πρὸς
868 2471 914 2497 τὸν
939 2471 1022 2497 αὐτοῦ

238 2515 333 2547 τύπον,
347 2515 393 2541 τδν
407 2515 559 2551 στρατηγὸν
574 2516 622 2542 καὶ
638 2516 802 2550 δημαγωγὸν
817 2515 865 2542 καὶ
885 2515 954 2550 πρὸς
973 2515 1022 2550 τὴν

238 2561 290 2596 τῆς
305 2562 472 2596 ἐπαγγελίας
482 2563 534 2596 γῆν
547 2562 653 2596 ὁδηγὸν,
664 2562 708 2589 διὰ
721 2562 802 2588 τοῦτο
818 2562 924 2593 δεικνὺς
940 2562 954 2588 ό
973 2561 1023 2595 ἆγ-

238 2607 327 2640 γελος,
345 2607 383 2638 ὡς
398 2607 457 2634 κατ’
470 2608 574 2633 ἐκεῖνον
592 2607 678 2639 ἔσται,
699 2608 809 2641 ἐπάγω
829 2605 923 2640 Οὗτος
938 2608 1023 2634 ἔσται

236 2653 389 2688 μὲγϊις....]
414 2653 424 2688 [
442 2654 533 2680 Δώσει
549 2653 639 2680 τοίνυν
657 2654 738 2686 αὐτῷ
756 2654 864 2688 Κύριος
887 2654 941 2680 τὸν
959 2654 1024 2687 θρό-

240 2707 296 2725 νον
306 2699 394 2732 [.7616
416 2699 470 2726 τοῦ
488 2699 601 2733 πατρὸς
618 2698 724 2730 αὐτοῦ,
751 2698 788 2730 ὡς
814 2698 960 2734 ἀνθρώπῳ,
978 2698 1024 2724 καὶ

240 2745 277 2776 ὡς
291 2745 418 2772 ἐντεῦθεν
438 2745 581 2781 ἀρχομένῳ
602 2745 652 2779 τῆς
675 2744 826 2780 βασιλείας,
848 2744 892 2770 διὰ
907 2743 962 2770 τῶν
978 2751 1024 2770 πι-

240 2791 399 2822 στευόντων,
412 2790 459 2822 οὓς
472 2791 519 2817 καὶ
542 2788 616 2817 οἷκον
631 2791 677 2817 καὶ
689 2790 783 2825 θρόνον
797 2790 924 2824 ὀνομάζει
942 2789 1024 2816 Δαϐίδ

239 2843 270 2861 τε
286 2835 334 2862 καὶ
350 2835 458 2862 Ἰακώϐ.
472 2835 585 2867 Οὐδενὸς
596 2835 624 2862 δέ
636 2836 693 2861 ἐστι
708 2835 738 2862 τὸ
755 2833 908 2869 βασιλεύειν
925 2834 965 2866 εἰς
979 2833 1024 2860 τὸν

1071 2331 1145 2358 tione
1173 2329 1319 2360 intellecto,
1351 2328 1520 2363 concipiatur
1539 2327 1620 2354 etiam
1653 2326 1772 2360 Spiritus
1799 2324 1858 2357 Dei,

1071 2383 1103 2403 ac
1118 2376 1238 2410 pariatur
1253 2374 1370 2409 Spiritus
1380 2374 1487 2404 salutis.
1499 2373 1546 2401 sed
1563 2377 1602 2406 tu,
1639 2372 1728 2406 inquit
1744 2372 1766 2387 “
1779 2392 1789 2404 ,
1811 2379 1861 2406 pa-

1072 2425 1127 2452 ries
1150 2425 1231 2451 etiam
1257 2422 1366 2458 lilium.]
1390 2421 1457 2457 [Tu
1483 2421 1578 2455 igitur,
1610 2419 1708 2454 inquit,
1743 2418 1859 2449 vocabis,

1073 2474 1128 2494 non
1163 2474 1227 2494 vero
1254 2471 1347 2501 pater;
1376 2473 1464 2500 neque
1489 2465 1562 2492 enim
1591 2469 1694 2498 patrem
1707 2463 1858 2491 secundum

1074 2519 1210 2540 terrenam
1235 2512 1437 2547 generationem
1482 2512 1588 2543 habet,
1628 2508 1860 2550 queptadmodum

1076 2559 1225 2587 sccundutn
1256 2558 1395 2585 cmlestem
1426 2565 1480 2584 non
1506 2557 1586 2585 habet
1613 2560 1739 2583 matrem.
1777 2553 1861 2581 Voca-

1076 2606 1114 2632 bis
1127 2613 1189 2632 eum
1211 2604 1312 2631 Iesum.
1334 2603 1372 2631 Ex
1396 2603 1573 2631 beneﬁcentia
1593 2607 1635 2630 est
1653 2600 1773 2628 nominis
1787 2607 1859 2626 nuu-

1073 2651 1192 2685 cnpatio,
1215 2659 1246 2678 cx
1272 2650 1373 2678 tribttta
1389 2650 1474 2685 gratia
1487 2648 1670 2683 compellatio,
1686 2654 1720 2674 ex
1731 2645 1859 2680 operibus

1074 2695 1193 2722 nominis
1215 2695 1377 2722 celebritas:
1407 2702 1470 2721 nam
1492 2702 1538 2728 per
1565 2693 1653 2727 ipsqu
1671 2692 1697 2718 in
1715 2691 1864 2718 universos

1076 2740 1198 2768 homines
1243 2740 1426 2767 indeiicieutcs
1467 2738 1564 2766 salutis
1603 2737 1702 2765 divitia:
1735 2736 1862 2763 dimaua‘

1075 2786 1152 2813 bunt.
1164 2785 1374 2821 ]....[Quoniam
1407 2793 1471 2813 vero
1492 2784 1700 2812 conununehoc
1715 2783 1739 2810 ei
1759 2789 1864 2810 nomen

1074 2839 1133 2860 erat
1160 2840 1221 2859 cum
1250 2833 1305 2866 illo,
1327 2833 1373 2868 qui
1395 2837 1422 2859 et
1446 2836 1527 2867 typus
1545 2830 1667 2866 ejusdem
1692 2829 1753 2863 fuit,
1782 2836 1861 2855 exer-

276 2926 287 2942 ⁸
300 2925 366 2954 Luc.
388 2935 407 2958 ι,
424 2927 469 2955 29.
485 2929 494 2942 '
512 2927 577 2954 Luc.
596 2934 614 2960 t,
627 2927 671 2955 50.
700 2928 720 2944 ¹⁰
735 2925 854 2954 ibid.5l.
893 2925 912 2941 “
929 2924 1022 2952 Matth.

1079 2903 1135 2951 ‘21.~
1165 2924 1266 2951 “Luc.
1288 2931 1307 2955 ι,
1328 2924 1371 2950 5L
