2092 3157
258 198 315 230 823
877 194 1036 225 JOANNIS
1055 196 1079 224 G

1055 195 1270 224 GEOMETR/E
1823 194 1875 225 62S

257 258 359 286 cituum
378 257 455 288 duce,
469 260 496 283 et
513 254 602 289 populi
615 254 716 288 judice,
728 257 810 287 atque
821 252 847 279 in
865 257 964 279 terram
978 259 1041 287 pro-
1055 263 1077 291 Δ

1055 263 1077 291 Δ
1093 252 1188 284 αἰῶνα,
1201 253 1225 278 εἰ
1241 252 1278 286 μὴ
1300 251 1377 278 Θεοῦ’
1404 252 1474 278 ὥστε
1489 252 1513 278 εἰ
1529 251 1577 278 καὶ
1591 252 1740 287 λα-μόάνειν
1761 251 1805 279 διὰ
1825 255 1875 287 τὴν

257 303 395 331 missionis
407 302 518 329 ductore
533 301 571 335 (Ξ)
588 320 594 332 ,
613 300 712 327 ideirco
725 299 848 334 angelus,
865 303 894 325 ut
910 299 1040 325 ostendat

1093 297 1247 331 οἰκονομίαν
1271 297 1450 332 ἀνθρωπίνως
1464 297 1573 332 λέγεται
1599 298 1646 324 τὸν
1671 297 1766 334 θρόνον
1782 299 1876 332 Δαϐὶδ,

258 350 328 376 haud
336 349 359 375 ei
369 355 456 383 parem
466 348 536 373 hunc
547 346 718 379 fere,subdit:
732 345 784 372 llic
796 345 845 372 erit
857 343 1039 379 magnus"...]

1093 341 1150 369 ἀλλ’
1168 342 1241 368 ἐστιν
1257 342 1271 368 ὁ
1298 342 1378 373 αὐτὸς
1395 342 1443 368 καὶ
1461 342 1558 374 θεῖκῶς
1583 342 1710 378 βασιλεὺς
1728 344 1875 379 ἀτελεύτη-

257 394 348 430 [Dabit
367 394 449 428 igitur
461 392 502 419 illi
527 391 655 418 Dominus
677 390 763 417 sedem
781 389 864 416 David
875 390 959 424 patris
970 390 1039 424 ejus,

1092 396 1148 420 τος,
1163 387 1213 414 καὶ
1229 387 1285 421 τῆς
1299 387 1462 420 ,βασιλείας
1478 388 1570 415 αὑτοῦ
1588 389 1643 415 οὐκ
1667 389 1752 416 ἔσται
1777 389 1875 424 τέλος,

256 444 386 473 tanquam
412 437 528 468 homini,
544 440 571 464 et
584 441 720 471 quatenus
738 442 851 471 regnum
866 435 965 462 exinde
983 442 1038 462 au-

1087 433 1118 459 οὐ
1133 432 1201 459 καθὸ
1215 433 1280 465 Θεὸς
1298 433 1388 467 μόνον,
1409 433 1478 470 ἀλλὰ
1491 433 1560 460 καθὸ
1581 434 1629 460 καὶ
1654 434 1810 470 ἄνθρωπος,
1829 435 1876 462 καὶ

255 484 404 519 spicabitur
419 490 435 510 e
446 483 631 513 credentibus,
645 489 716 517 quos
731 482 813 508 etiam
828 481 939 508 domum
951 479 1038 508 Jacob

1085 479 1123 511 ὡς
1133 480 1165 506 οὺ
1177 479 1249 506 κατὰ
1269 479 1351 514 φύσιν
1369 480 1450 514 μόνον
1468 480 1605 514 βασιλεὺς,
1621 480 1688 507 ἀλλὰ
1704 480 1871 516 βασιλεύσων

254 535 281 558 et
295 530 424 558 tltrouum
437 529 546 556 Davidis
554 528 682 563 appellat.
698 526 805 554 Nullius
833 530 923 553 autem
939 530 982 553 est
994 533 1038 552 re-

1088 523 1214 551 καὶκατὰ
1226 523 1401 560 γνώμην,καὶ
1412 524 1460 551 νῦν
1470 525 1519 559 μὲν
1529 525 1645 558 πολλῶν,
1656 525 1699 552 ἐπ’
1713 526 1836 561 ἐσχάτων
1846 525 1875 553 δὲ

254 583 337 611 gnare
353 575 381 603 in
405 579 546 605 aeternum,
564 573 616 600 nisi
632 572 678 599 Dei
707 571 814 604 solius;
839 570 952 601 idcirco,
983 571 1034 599 etsi

1084 572 1130 599 καὶ
1137 571 1337 608 πάντων,ἠνίκα
1344 572 1394 599 καὶ
1401 572 1621 608 ὑποταγήσεται
1627 572 1707 605 αὐτῷ
1712 573 1747 600 τὰ
1755 572 1877 610 πάντα]

257 624 362 652 ratione
374 621 569 651 incarnationis
580 621 708 648 thronum
728 619 837 647 Davidis
864 619 993 654 accipere
1014 621 1166 648 secundum
1183 619 1298 648 formam
1327 620 1449 648 hominis
1477 621 1595 652 dicatur,
1608 625 1727 648 attamen
1757 625 1877 649 alet-nus

252 678 362 705 quoque
374 677 421 696 rex
438 668 496 703 ipse
518 666 676 701 agnoscitur
694 665 721 692 in
737 664 825 692 forma
853 664 911 697 Dei,
926 671 950 692 et
967 666 1040 700 regni
1057 665 1114 701 ejus
1127 673 1179 693 non
1202 667 1251 694 erit
1265 666 1326 700 ﬁnis
1344 666 1366 682 ιδ
1378 686 1386 699 ,
1404 674 1457 694 non
1488 667 1569 694 modo
1585 672 1721 702 quatenus
1738 672 1780 696 est
1792 667 1875 700 Deus.

253 725 348 745 verum
360 717 441 744 etiam
457 715 786 751 quatenusltomomeque
798 713 885 741 solum
897 717 1029 748 tanquam
1049 719 1147 741 natura
1171 722 1221 742 sua
1254 722 1312 746 rex,
1326 714 1374 742 sed
1405 722 1520 750 regnum
1548 719 1677 749 praeterea
1702 715 1817 747 adeptus
1841 722 1876 742 ex

252 765 393 792 voluntate
406 764 523 798 primum
538 763 647 798 quidem
661 762 819 795 multorum,
844 769 958 797 prorsus
968 769 1033 790 vero
1053 762 1174 790 omnium
1191 763 1224 790 ad
1250 763 1331 790 linem
1359 762 1463 795 szeculi,
1480 762 1591 798 quando
1601 767 1626 789 et
1640 763 1731 790 omnia
1743 763 1793 797 ipsi
1808 765 1872 791 sub-

250 809 377 845 jirientu'r
390 810 412 826 ”

289 855 346 882 XV.
357 855 408 882 Sed
427 864 476 890 age
491 855 556 890 jam,
571 855 642 890 quod
668 855 802 890 reliquum
818 861 860 883 est
884 855 1035 887 videamus,
1053 857 1075 887 Β

1053 857 1075 887 Β
1125 856 1176 885 IE'.
1196 857 1266 884 Ἀλλ’
1292 857 1392 892 ἴδωμεν
1420 857 1512 884 λοιπὸν
1530 857 1640 891 καὶτῆς
1655 856 1765 891 νύμφης
1789 855 1873 890 αὐτῆς

253 902 355 929 scilicet
373 909 480 936 sponsa:
493 902 579 936 ipsius
590 906 617 929 et
634 902 713 929 verba
727 903 808 929 simul
822 907 849 929 et
859 903 996 935 animum,
1010 908 1037 930 et

1088 904 1136 929 καὶ
1151 903 1200 938 τὴν
1212 903 1336 937 γλῶτταν
1352 904 1411 939 ἅμα
1424 905 1471 931 καὶ
1483 903 1531 939 τὴν
1546 903 1646 938 ψυχὴν,
1660 902 1708 929 καὶ
1726 902 1788 933 ὅσον
1802 902 1873 937 αὕτη

252 955 394 982 quousque
402 948 510 982 sapiens
522 948 578 982 ipsa
588 948 668 975 fuerit
681 956 713 975 ac
727 949 890 983 virginitatis
903 949 1036 978 studiosa.

1089 950 1156 984 σοφή
1171 958 1200 975 τε
1219 949 1265 975 καὶ
1285 949 1491 985 φιλοπάρθενος.
1507 949 1576 976 tib-te
1595 948 1635 984 τῷ
1654 948 1764 984 ἀγγέλῳ
1782 948 1874 975 διαπια

254 992 299 1018 Illa
328 1000 414 1026 neque
447 993 560 1020 omnino
591 993 670 1020 iidem
696 995 802 1028 angelo,
820 998 929 1029 propter
952 994 1036 1022 multa

1089 995 1162 1020 στεϊν
1175 994 1232 1029 ἔχει
1246 994 1289 1021 διὰ
1308 993 1335 1020 τὸ
1348 994 1513 1027 ἀξιόπιστον,
1525 993 1588 1020 οὒτε
1607 993 1690 1020 πάλιν
1702 993 1751 1028 τὴν
1767 991 1873 1027 παρθε-

253 1039 372 1066 veritatis
384 1039 493 1071 indicia,
508 1039 734 1073 abnueremeque
747 1047 843 1067 rursus
855 1040 881 1066 in
897 1044 973 1067 tanto
988 1048 1036 1075 pu-

1088 1040 1147 1066 νιαν
1159 1040 1301 1075 ἀρκεῖσθαι
1315 1039 1358 1066 διὰ
1371 1039 1420 1075 τὴν
1444 1040 1629 1075 καθαρότητα·
1650 1038 1719 1065 ἀλλὰ
1734 1037 1804 1073 μέση
1819 1046 1875 1073 χω-

251 1084 339 1111 ritatis
356 1085 446 1111 studio
466 1093 480 1111 τι
500 1085 654 1119 virginitate
679 1085 832 1112 desciscere
849 1085 970 1112 animum
995 1087 1036 1112 in-

1088 1086 1130 1120 ρεῑ
1145 1086 1192 1120 τῆς
1217 1085 1346 1117 ἀπιστίας
1374 1093 1402 1112 τε
1423 1086 1471 1112 καὶ
1494 1085 1545 1120 τῆς
1571 1084 1706 1116 εὐκολίας,
1723 1083 1772 1110 καὶ
1793 1083 1872 1119 ζητεί

250 1131 345 1162 ducit;
363 1130 410 1158 sed
427 1131 515 1158 media
538 1130 714 1158 diffidentiam
740 1131 810 1158 inter
823 1139 855 1158 ac
876 1136 1034 1166 promptum

1086 1133 1132 1158 τὸν
1152 1131 1252 1166 τρόπον
1268 1132 1318 1166 τῆς
1349 1131 1501 1166 παραδόξου
1529 1130 1632 1166 ταύτης
1653 1128 1866 1165 νυμφεύσεωςῆ

251 1176 397 1204 voluntatis
411 1176 572 1211 obsequium
585 1181 687 1210 manet,
699 1177 865 1212 modumque
876 1178 956 1211 hujus
966 1186 1036 1212 prae-

1086 1177 1220 1212 κυήσεως.
1238 1176 1303 1209 Πῶς
1328 1177 1414 1204 ἔσται
1433 1185 1485 1211 μοι
1507 1177 1606 1208 τοῦτο,
1628 1175 1694 1202 ἐπεὶ
1718 1174 1813 1209 ἄνδρα
1836 1175 1874 1201 οὐ

251 1227 292 1248 ter
312 1221 391 1248 ﬁdem
404 1227 552 1256 conceptus
564 1227 591 1249 et
611 1228 706 1258 partus
729 1225 858 1259 exquirit.
886 1225 1033 1257 Quomodo,

1085 1221 1258 1256 τιγνώσκω;
1285 1221 1358 1258 [[Ιῶς
1375 1223 1464 1249 τοίνυν
1477 1222 1552 1249 ἐσται
1581 1231 1625 1257 μοι
1643 1221 1722 1248 τοῦτο
1747 1222 1779 1247 τὸ
1801 1220 1874 1247 Θεῖον

249 1267 348 1301 inquit,
359 1267 408 1293 erit
423 1267 470 1294 lioc
482 1268 556 1300 milii,
571 1269 694 1303 quoniam
708 1270 792 1307 virum
801 1278 851 1296 non
862 1270 1035 1304 cognosco"?

1086 1267 1157 1294 οὕτω
1172 1269 1218 1293 καὶ
1233 1268 1391 1302 θαυμαστὸν
1410 1268 1457 1294 καὶ
1471 1267 1663 1307 ἁπερινόητον,
1675 1267 1724 1293 καὶ
1733 1266 1764 1293 οὐ
1784 1264 1873 1293 ταῦτα

249 1312 401 1348 [Videlicet,
417 1315 554 1349 quomodo
568 1323 637 1349 opus
651 1304 796 1349 ejusmodi,
812 1324 866 1343 non
885 1316 965 1344 modo
978 1321 1033 1344 tam

1088 1313 1176 1348 μόνον,
1197 1312 1265 1339 ἀλλὰ
1279 1313 1327 1339 καὶ
1339 1312 1536 1346 ἁνακὸλουθον;
1561 1304 1641 1338 Τότε
1655 1312 1711 1346 γὰρ
1727 1311 1812 1344 ἄνδρα
1837 1318 1871 1345 με

248 1359 370 1386 divinum
387 1364 414 1387 et
436 1359 625 1387 admirandum
652 1364 678 1388 et
697 1365 806 1395 captum
828 1362 926 1389 mentis
954 1369 1032 1389 exce-

1085 1358 1196 1391 γνῶναι,
1215 1358 1343 1392 καθάπερ
1357 1358 1415 1392 Θεῴ
1441 1357 1665 1392 καθιερωθεῖσαν,
1681 1357 1736 1384 τῶν
1760 1357 1873 1391 ἁμηχά-

248 1404 326 1437 dens,
342 1413 436 1432 verum
449 1407 528 1432 etiam
545 1406 595 1433 sibi
612 1405 679 1432 adeo
691 1406 781 1433 minus
790 1406 942 1439 coluerens,
951 1406 978 1433 in
991 1414 1034 1434 me

1085 1411 1149 1430 νων³
1170 1404 1217 1430 καὶ
1241 1403 1282 1436 τὸ,
1309 1404 1395 1438 χωρὶς
1425 1403 1520 1437 ἀνδρὸς
1536 1403 1581 1429 καὶ
1600 1402 1743 1428 συλλαϐεῖν
1756 1403 1804 1428 καὶ
1823 1409 1868 1427 τε-

248 1451 425 1486 implebitur?
440 1451 507 1478 Nam
525 1456 550 1478 et
566 1451 639 1486 quod
659 1452 729 1479 forte
756 1454 844 1480 virum
867 1460 1034 1487 cognoscere

1086 1452 1154 1484 κεῖν,
1165 1450 1219 1476 τῶν
1230 1450 1377 1476 ἀδυνάτων.
1390 1450 1426 1476 Τὸ
1435 1450 1473 1480 δὲ,
1482 1450 1546 1476 ἐπεὶ
1557 1449 1651 1484 ἄνδρα
1660 1450 1695 1476 οὺ
1704 1447 1870 1484 γιγνώσκω,

247 1497 305 1531 ipsa
319 1497 433 1531 possim,
458 1497 483 1523 id
499 1498 655 1531 contingere
675 1497 788 1524 omnino
809 1498 914 1531 nequit,
933 1497 1033 1532 quippe
1049 1523 1068 1532 Α

1049 1523 1068 1532 Α
1086 1495 1145 1523 εἷπε
1158 1497 1267 1526 πάντως
1284 1498 1334 1530 μὲν
1345 1496 1393 1522 καὶ
1409 1495 1477 1529 πρὸς
1492 1495 1538 1522 τὸν
1563 1494 1662 1530 Ἰωσὴφ
1684 1493 1870 1529 ἀναφέρουσα,

259 1523 284 1531 .7
320 1523 330 1531 ι
362 1523 366 1524 7
398 1523 433 1529 7.
504 1523 509 1524 7
593 1523 607 1531 υ
646 1523 651 1524 7
682 1523 685 1524 7
936 1523 1030 1532 τηρ

247 1542 300 1568 voti
316 1541 445 1576 religione
458 1541 513 1568 Deo
529 1546 687 1569 consecrata
701 1549 761 1568 sum
779 1550 786 1568 :
801 1542 873 1577 quod
885 1550 950 1569 vero
958 1550 1032 1577 quae-
1047 1523 1069 1552 ε

1047 1523 1069 1552 c
1087 1541 1123 1573 ὡς
1141 1542 1222 1575 μέχρι
1238 1523 1387 1575 μνηστείας
1402 1523 1483 1575 μύνον
1500 1540 1586 1567 εἰδυῖα
1607 1523 1655 1566 τδῖέ
1674 1523 1756 1567 αὐτού
1769 1523 1871 1574 rium,

246 1587 318 1621 piam
333 1587 478 1622 concipere
493 1594 524 1613 ac
538 1594 634 1621 parere
647 1588 707 1614 sine
723 1587 774 1614 viri
787 1589 927 1615 consortio
937 1593 1030 1623 queat,

1087 1587 1134 1613 καὶ
1146 1587 1183 1618 ὡς
1197 1587 1228 1613 οὐ
1245 1585 1290 1612 νῦν
1307 1586 1398 1621 μόνον,
1413 1585 1482 1612 ἀλλὰ
1501 1587 1549 1612 καὶ
1560 1585 1602 1612 διὰ
1617 1584 1710 1616 τέλους
1738 1585 1872 1620 ἄχραντος

248 1631 276 1657 id
291 1639 322 1658 ex
343 1639 422 1666 sequo
438 1632 509 1658 inter
524 1631 704 1665 impossibilia
734 1633 932 1666 reponendum.
947 1633 1032 1660 Porro

1087 1633 1223 1667 ἐγνωκυῖα
1242 1632 1332 1666 μένειν
1344 1631 1452 1666 ἀνδρὸς,
1479 1629 1523 1657 οἷα
1547 1632 1594 1657 καὶ
1620 1631 1690 1657 θεῖον
1714 1631 1759 1657 καὶ
1783 1630 1872 1664 ἄψαυ-

245 1677 318 1711 quod
332 1677 445 1708 addidit,
460 1677 584 1711 quoniam
598 1678 682 1704 virum
703 1685 753 1704 non
763 1685 900 1712 cognosco,
915 1678 940 1705 id
953 1685 1031 1712 pror-

1087 1687 1148 1704 στον
1164 1678 1321 1713 ἀφιέρωμα.
1340 1677 1451 1708 Πάντως
1464 1677 1493 1704 δὲ
1518 1677 1644 1703 κάκεῖνον
1663 1675 1810 1711 βεϐαιοῦσα
1825 1675 1870 1701 τὸν

245 1728 292 1748 sus
306 1722 386 1748 etiam
405 1721 436 1748 ad
451 1720 598 1755 Josephum
610 1721 753 1754 referebat,
769 1722 870 1757 quippe
884 1730 945 1757 quae
959 1731 1031 1757 nup-

1086 1725 1174 1759 λόγον,
1191 1725 1220 1756 ὃς
1244 1726 1276 1751 ὲκ
1293 1725 1420 1760 πατέρων
1446 1725 1486 1756 είς
1511 1724 1585 1758 ἡμᾶς
1613 1723 1686 1758 ἣκει,
1707 1723 1748 1749 ὃτι
1767 1722 1804 1757 μὴ
1822 1721 1871 1756 τὴν

245 1767 345 1793 tinrum
361 1774 422 1793 cum
440 1767 568 1801 ipsojura
587 1767 674 1794 solum
685 1775 772 1802 usque
783 1768 816 1794 ad
830 1768 967 1802 sponsalia
983 1776 1032 1795 no-

1086 1772 1183 1804 πεῖραν
1200 1770 1247 1796 τοῦ
1267 1770 1358 1804 γάμου
1386 1770 1477 1804 μόνον,
1500 1769 1568 1796 ἀλλὰ
1591 1770 1638 1795 καὶ
1665 1768 1716 1804 τὴν
1726 1768 1821 1802 ἔφεσιν
1852 1767 1869 1802 ἡ

245 1816 333 1844 verat,
353 1819 447 1846 seque,
467 1816 561 1846 utpote
570 1813 715 1839 donarium
735 1813 788 1839 Den
800 1820 910 1840 sacrum
921 1821 953 1840 ac
968 1821 1031 1847 pro-

1087 1816 1225 1852 Παρθένος
1242 1816 1386 1851 ἠγνόησεν.
1403 1816 1460 1842 Οὺκ
1472 1815 1593 1849 ἔγνωκα,
1610 1815 1704 1850 φησιν,
1723 1813 1871 1845 ἐπιθυμίαν

245 1861 338 1892 ptcrea
353 1857 425 1892 tangi
449 1857 535 1890 nefas,
564 1865 580 1885 a
594 1858 643 1885 viri
676 1858 874 1885 consuetudine
895 1859 1030 1893 integram

1085 1862 1191 1896 ἀνδρὸς,
1212 1861 1262 1887 οὐκ
1275 1860 1328 1896 ἔχω
1338 1861 1443 1895 Θέλημα
1455 1861 1504 1895 τῆς
1517 1860 1628 1894 σαρκός.
1644 1860 1675 1886 Ὂ
1693 1859 1725 1894 δὴ
1739 1860 1785 1885 καὶ
1801 1858 1872 1885 κατὰ

247 1911 300 1929 11011
317 1904 406 1930 solunt
420 1904 446 1930 in
463 1911 593 1938 prmscns,
612 1904 658 1931 sed
683 1904 710 1930 in
738 1910 898 1939 perpetuum
922 1912 1031 1932 servare

1085 1908 1177 1941 πάσης
1187 1907 1256 1942 αὐτῇ
1273 1907 1321 1941 τῆς
1346 1905 1505 1940 γυναικείας
1519 1905 1658 1940 ἐξαίρετον
1682 1905 1800 1939 φύσεως,
1829 1904 1871 1930 ὅτι

243 1949 411 1977 decreverat.
428 1950 514 1984 Atque
531 1950 565 1977 ita
583 1950 662 1985 plane
676 1950 754 1978 ﬁdem
770 1951 807 1977 illi
821 1958 931 1986 quoque
949 1951 1032 1978 tradi-

1085 1953 1133 1979 καὶ
1148 1951 1218 1987 ὑπὲρ
1235 1952 1324 1982 πάσας
1335 1952 1405 1986 αὐτῇ
1420 1952 1468 1977 καὶ
1491 1951 1523 1977 ὲκ
1537 1950 1651 1985 γνώμης
1664 1950 1733 1979 ὅλως
1744 1949 1872 1976 ἀνεπιδέ-

243 1996 311 2023 tioni
327 1996 452 2028 faciebat,
468 2004 528 2031 quze
539 1997 572 2023 ad
585 1997 772 2025 nosderenita
787 1997 923 2031 Patribus,
941 1998 1031 2033 Virgi-

1085 2007 1149 2025 κτου
1168 1998 1218 2032 τῆς
1234 1997 1363 2033 τοιαύτης
1377 1997 1476 2027 κακίας
1490 1997 1507 2031 ὴ
1523 1995 1697 2031 σωφροσύνη”
1712 1995 1795 2029 ὥστε]
1829 1995 1871 2021 δι-

244 2050 307 2069 nem
327 2051 379 2069 non
403 2043 483 2070 modo
512 2044 667 2078 nuptiarum
694 2052 785 2076 nsmn,
812 2046 859 2072 sed
875 2053 909 2071 ne
921 2045 1031 2073 deside-

1085 2045 1169 2077 πλοῦς
1192 2046 1206 2071 ὁ
1228 2045 1316 2078 λόγος·
1336 2043 1352 2078 ἢ
1377 2043 1432 2078 γὰρ
1453 2043 1521 2074 ὅλως
1548 2043 1717 2077 διαπορεῖται
1734 2042 1799 2076 περὶ
1822 2041 1871 2076 τὴν

245 2088 317 2114 rium
331 2089 440 2122 quidem
459 2089 581 2123 ejusdem
594 2090 711 2117 novisse.
728 2089 850 2122 Nullum,
863 2091 960 2126 inquit,
979 2092 1029 2119 viri

1085 2091 1230 2126 σύλληψιν,
1244 2091 1282 2122 ὡς
1296 2091 1327 2116 οὐ
1342 2089 1458 2124 δυνατὴν
1482 2089 1547 2116 ἄνευ
1565 2089 1673 2124 ἀνδρὸς,
1696 2087 1752 2114 εἶτε
1766 2086 1871 2114 καὶτὸν

243 2134 409 2161 desiderium
424 2135 497 2166 novi,
525 2135 597 2162 nulla
622 2136 687 2163 mihi
709 2137 800 2164 carnis
824 2138 953 2165 voluntas
975 2142 1027 2165 est.

1084 2137 1183 2171 τρόπον
1198 2137 1280 2164 αὑτὸν
1293 2135 1417 2169 ἐπιζητεί
1432 2135 1482 2169 τῆς
1498 2134 1667 2169 συλλήψεως,
1682 2134 1711 2166 ὲξ
1722 2129 1827 2163 οὗτινος
1838 2132 1871 2159 ἂν

245 2179 322 2213 Quod
337 2180 445 2215 quidetn
462 2181 503 2208 vel
522 2189 553 2208 ex
569 2182 644 2208 omni
658 2181 777 2210 femineo
793 2190 859 2210 sexu
891 2184 1030 2218 singulare
1047 2207 1067 2218 λ

1047 2207 1067 2218 λ
1084 2184 1132 2210 καὶ
1147 2183 1263 2216 γένοιτο.
1289 2181 1340 2207 Τὸν
1356 2180 1409 2216 γὰρ
1441 2180 1538 2215 Ἰωσὴφ
1565 2179 1710 2214 μνηστῆρα
1729 2178 1777 2213 μὲν
1798 2176 1869 2209 οἶδα,

244 2226 282 2252 illi
310 2225 369 2258 luit,
383 2226 511 2261 quoniam
531 2232 557 2253 et
575 2235 631 2261 pro:
656 2228 795 2260 omnibus,
807 2232 834 2255 et
844 2235 877 2255 ex
889 2229 1028 2263 proposito
1048 2222 1068 2234 υ

1048 2222 1068 2234 υ
1083 2229 1177 2264 φησὶν,
1193 2228 1276 2263 ἄνδρα
1289 2227 1318 2253 δὲ
1329 2226 1466 2261 οὐδαμῶς,
1484 2225 1539 2252 051‘
1564 2225 1672 2260 ἔχουσα,
1689 2225 1758 2259 τάχα
1770 2224 1798 2250 δὲ
1811 2222 1869 2250 οὗθ’

243 2271 392 2298 voluntatis
410 2272 484 2298 hisce
511 2272 724 2306 inquinamentis
745 2273 902 2306 inaccessae,
915 2275 1029 2302 castitas

1079 2274 1186 2306 ἕξουσα.
1202 2273 1240 2301 Οὐ
1252 2273 1307 2308 γὰρ
1320 2272 1352 2308 δὴ
1366 2273 1472 2299 δέδοται
1494 2272 1541 2298 καὶ¹
1556 2272 1588 2298 τὺ
1601 2271 1700 2306 ψαύειν
1711 2270 1786 2305 αὐτῷ
1810 2269 1865 2296 τῶν

245 2319 270 2342 in
285 2324 315 2343 ea
336 2317 451 2345 refulsit.
472 2317 599 2352 JExinde
624 2318 759 2353 duplicem
778 2327 808 2346 ea
838 2320 919 2346 verba
945 2320 1032 2354 expli-

1079 2320 1238 2354 ἀψαύστων,
1258 2319 1320 2345 οὐδὲ
1335 2319 1380 2345 τὸν
1396 2317 1646 2352 ἁποκεκλεισμένον
1659 2318 1747 2352 κῆπον
1762 2317 1868 2343 ἀποσυ-

244 2363 380 2390 cationent
395 2363 493 2391 habent
506 2373 512 2390 :
525 2364 564 2391 vel
574 2364 646 2391 enim
656 2365 804 2399 generatim
816 2366 918 2392 incerta
927 2365 1032 2401 (Virgo)

1080 2366 1139 2400 λᾷν,
1147 2366 1206 2392 οὐδὲ
1214 2366 1243 2392 τὺ
1252 2364 1471 2400 ὲσφραγισμὲνον
1481 2363 1584 2399 βιϐλίον
1592 2362 1858 2397 ἀποσφραγίζεσθαι.

245 2410 328 2435 lueret
345 2409 378 2436 de
395 2415 528 2443 conceptu
542 2410 612 2444 ipso,
629 2414 722 2444 utpote
743 2411 791 2446 qui
813 2412 874 2439 sine
897 2412 949 2438 riri
966 2420 1033 2438 con-

1081 2411 1218 2446 Σύμφωνα
1243 2411 1329 2437 ταῦτα
1352 2410 1407 2436 τῶν
1443 2411 1472 2436 ὲν
1504 2409 1675 2444 ἀποκρύφοις
1704 2407 1866 2443 ἱστορουμέ-

243 2455 388 2482 suetudine
406 2456 498 2482 haberi
521 2461 647 2490 nequeat,
661 2457 702 2483 vel
731 2457 812 2484 etiam
838 2458 948 2484 modum
963 2466 1029 2484 con-

1083 2467 1135 2484 νων
1150 2466 1156 2473 ·
1171 2458 1212 2483 ὅτι
1228 2455 1354 2483 τοσοῦτον
1370 2456 1483 2491 ἐξελέγη
1508 2456 1587 2491 μόνον
1608 2456 1622 2481 ὁ
1643 2455 1741 2489 Ἰωσὴφ
1755 2454 1798 2480 ἐπ’
1810 2453 1869 2480 ὀνό-

242 2506 337 2535 ceptus
352 2502 481 2536 exquirit,
496 2502 631 2529 undenam
648 2503 752 2530 scilicet
779 2503 884 2530 futurus
898 2504 942 2531 sit.
960 2503 1026 2530 Nam

1085 2512 1151 2538 ματι
1167 2503 1216 2536 τῆς
1240 2502 1386 2537 μνηστείας
1407 2502 1456 2536 τὴν
1478 2501 1603 2536 φυλακὴν
1622 2500 1706 2535 αὐτῆς
1729 2499 1866 2526 ποιεῖσθαι

243 2553 374 2580 sponsum
390 2547 527 2580 equidem,
555 2547 654 2581 inquit,
682 2547 829 2582 Josepltum
856 2548 930 2580 novi,
949 2553 977 2575 at
989 2548 1028 2575 vi-

1078 2550 1126 2583 τῆς
1155 2549 1317 2583 παρθενίαν
1336 2548 1366 2574 οὐ
1381 2547 1436 2583 γὰρ
1460 2548 1492 2582 δὴ
1515 2548 1561 2574 καὶ
1573 2547 1604 2574 τὺ
1629 2546 1795 2580 κοινωνῆσαι
1816 2545 1866 2578 γά-

241 2600 300 2618 rutn
321 2592 396 2619 nullo
407 2593 500 2623 modo,
518 2601 597 2628 quem
620 2585 670 2620 nec
687 2594 783 2625 habeo,
798 2601 848 2620 nec
869 2594 962 2629 utique
977 2594 1026 2621 lia-

1081 2603 1139 2628 μων
1166 2595 1234 2627 αὑτῇ
1262 2602 1337 2624 ποτε,
1357 2593 1395 2628 μὴ
1416 2593 1462 2619 καὶ
1487 2592 1640 2627 ἱεροσυλίαν
1663 2590 1867 2626 κατακριθῶσιν

240 2638 328 2664 bitura
339 2646 411 2665 sum.
425 2638 483 2665 Non
495 2639 568 2666 enint
583 2639 633 2673 ipsi
646 2639 738 2666 datntn
749 2644 800 2672 est,
811 2645 840 2667 nt
853 2648 913 2674 qua:
926 2641 1027 2668 intacta

976 2645 1027 2668 tcta
1078 2641 1217 2674 ἄντικρυς,
1233 2639 1423 2671 ἁποσυλῶντες
1437 2638 1483 2665 τοῦ
1497 2638 1565 2665 Θεοῦ
1579 2637 1609 2664 τὸ
1623 2638 1763 2672 ἀνάθημα.

748 2735 765 2746 1

248 2787 251 2790 _
277 2750 297 2764 ¹³
331 2750 394 2790 inte.
533 2752 554 2767 "
568 2752 632 2780 Luc.
650 2761 668 2785 I,
684 2751 788 2790 53.1”
805 2755 888 2780 Hlur.
911 2763 954 2786 xv,
970 2753 1004 2782 23
1020 2764 1027 2783 :
1043 2756 1074 2782 Ὅ

1043 2756 1125 2782 Ὅταν
1140 2755 1165 2782 δὲ
1180 2755 1302 2790 ὑποταγῇ
1319 2754 1392 2790 αὑτῷ
1412 2754 1445 2781 τὰ
1472 2754 1595 2782 πάντα...
1621 2752 1688 2782 Cum
1702 2757 1791 2780 autem
1804 2751 1867 2779 sui»

331 2765 376 2776 mu
388 2771 394 2777 .
413 2765 431 2783 1⁹
449 2765 492 2778 δὲ,
535 2765 553 2767 ’⁷
568 2765 632 2780 huc.
651 2765 668 2785 Ι,
684 2765 727 2780 οι).
770 2765 788 2769 "'
806 2765 888 2780 ILUI'.

240 2787 308 2818 jecia
321 2786 418 2818 fuerint
433 2787 473 2813 illi
495 2790 594 2821 omnia,
611 2794 662 2815 etc.
703 2765 804 2850 “inc.
825 2799 842 2822 ι,
858 2790 901 2817 Si.

277 2887 315 2915 (2)
335 2886 453 2920 Intelligo
469 2888 560 2916 .lesum
578 2889 661 2916 lilium
681 2889 761 2916 Nate.
