2092 3157
237 200 290 232 825

623 200 751 230 SERMO
772 200 812 230 IN
832 200 885 231 SS.
908 201 1082 231 DEII‘ARE
1106 202 1463 234 ANXUNTIATIONEM.

1802 205 1856 236 826

237 261 300 282 sunt
312 259 413 289 tangat,
430 262 518 289 neque
531 259 559 282 ut
574 255 684 282 hortum
716 255 877 283 conclusum
909 251 1088 290 deprn'detur.
1118 265 1206 290 neque
1227 260 1457 294 nteonsignatum
1471 259 1569 286 librum
1596 258 1860 294 resignct.Cor.sona

235 305 293 332 luce
308 307 447 330 suntcum
461 301 494 328 iis
521 307 582 335 qua:
618 300 644 327 in
672 301 835 335 apocrypbis
865 307 1034 334 narrantur,

1054 302 1201 336 Joscphum
1232 304 1357 331 videlicet
1377 305 1403 331 in
1424 305 1497 332 hunc
1510 305 1684 332 solummodo
1706 305 1787 332 linem
1804 306 1859 332 elc—

235 355 309 377 etum
322 348 417 378 fuisse,
433 352 463 373 ut
477 344 697 380 desponsatiouis
731 345 841 372 nomine
866 345 1029 379 virginitatis
1049 347 1135 381 ipsius
1161 348 1314 375 custodiam
1331 349 1456 382 haberet,
1475 349 1547 376 haud
1562 357 1627 377 vero
1660 357 1736 383 sane,
1749 354 1778 377 ut
1798 358 1860 377 cum

235 398 294 432 ipsa
313 396 340 423 in
351 394 479 422 connubii
494 401 603 428 quoque
625 393 850 420 consuetudinem
866 393 1012 428 aliquando
1045 396 1151 423 veniret
1168 404 1176 428 ;
1199 396 1269 423 absit
1287 397 1360 423 enim
1392 401 1421 424 ut
1436 397 1463 424 in
1482 397 1625 425 donarium
1656 396 1710 425 Deo
1731 397 1859 426 devotum

235 453 333 474 manus
348 443 502 478 iujicientes
524 441 656 469 continuo
681 441 722 469 vel
742 441 879 476 sacrilegii
905 441 1113 470 damnarentur.
1594 470 1614 485 .

269 491 329 524 κζ’.
345 489 377 516 Τί
400 489 447 516 οὖν
463 489 477 515 ὸ
498 489 681 523 νυμφαγωγός
697 496 727 514 τε
741 488 790 514 xui
813 488 1018 523 νυμφοστόλος;
1037 510 1040 520 ,

1107 489 1177 517 XVI.
1196 489 1266 523 Quid
1282 490 1373 525 itaque
1397 490 1441 519 ille
1462 499 1570 526 sponsas
1596 492 1738 525 adductor,
1752 492 1863 526 nuptia-

236 538 330 574 Γορα,
347 535 406 567 πῶς
421 537 454 571 τῇ
472 535 604 570 Παρθένῳ
619 533 679 561 λύει
705 535 755 570 τὴν
768 535 888 570 ἀπορίαν
907 535 922 561 ὁ
939 535 1024 569 ἄγγε-

234 584 279 615 λος
294 582 353 620 xui]
368 582 425 613 πῶς
437 582 505 617 αὐτῇ
517 580 689 616 διερμηνεύει
700 581 748 607 τὸν
768 581 907 616 ἄφθαρτον
923 581 1021 616 γάμον,

236 630 283 657 xui
299 630 345 655 τὸν
363 629 501 664 ἄφραστον
513 627 592 654 τόκον
609 626 670 662 [xui
693 627 739 653 τδν
753 626 946 661 ἀκατάληπτον
958 627 1023 661 τρό-

236 674 308 711 πον],
326 674 372 701 καὶ
394 673 453 709 ἅμα
478 674 655 708 μυσταγωγεῖ
666 672 697 699 τὸ
725 672 775 707 τῆς
802 672 917 707 Τριάδος
944 673 1014 708 αὐτῇ

238 721 407 756 μυστήριον
444 719 494 756 [οὐ
517 718 605 754 χρεία,
637 719 732 753 φησὶν,
764 718 863 753 ἀνδρός
882 726 889 734 ·
913 718 944 745 οὐ
969 719 1023 753 γὰρ

236 766 335 801 ὁμοίως
362 767 422 798 ταῖς
440 765 533 796 ἄλλαις
548 764 594 803 ’τὰ
624 764 659 790 σὰ
675 783 683 797 ,
712 764 807 799 ὥσπερ
839 764 900 790 οὐδὲ
923 764 957 791 τὰ
976 764 1023 791 τοῦ

236 815 302 842 Υίοῦ
318 815 374 846 τοῖς
385 814 462 846 υἱοῖς.
477 814 514 840 Οὐ
531 813 585 848 γὰρ
598 813 614 848 ή
633 811 666 847 σὴ
679 811 809 847 σύλληψις
815 813 864 846 τῆς
875 811 1024 847 παρθενίας

236 862 402 896 ἀφαίρεσις,
433 859 500 887 ἀλλὰ
533 859 582 886 xui
631 858 786 885 τούναντίον
829 859 946 893 σφραγὶς
976 858 1024 884 καὶ

237 906 412 941 συντήρησις.
443 904 526 939 Δέχου
546 903 603 936 οὖν,
629 899 652 929 ὦ
681 903 815 938 Παρθένε,
843 902 874 929 τὸ
904 902 1022 937 λεχθέν⁶

237 951 276 987 μὴ
308 950 384 986 ζήτει
410 950 441 977 τὺ
471 950 592 985 σιγηθὲν.
620 950 666 984 Τῷ
700 949 768 984 τόκῳ
804 948 958 985 μαρτυρῶ·
985 947 1024 983 τῷ

235 996 335 1032 πρόπῳ
359 995 532 1031 παραχωρῶ.
556 993 690 1028 Ἀγγελος
725 994 799 1029 γὰρ,
830 993 859 1019 οὺ
898 992 1024 1020 διδάσκα-

235 1043 280 1075 λός
311 1051 353 1069 σοι
378 1042 428 1078 τῆς
453 1041 610 1076 οἰκονομίας
641 1039 784 1075 ἐλήλυθα·
816 1039 940 1071 διάκονος
977 1039 1024 1066 xui

235 1087 324 1123 κῆρυξ
346 1087 396 1123 τῆς
416 1086 584 1121 Δεσποτικῆς
616 1085 773 1120 ἀπεστάλην
800 1084 959 1119 ἐπιδημίας,
973 1084 1024 1111 οὐκ

234 1133 382 1169 ἑρμηνεὺς,
396 1132 452 1160 οὐδ’
479 1131 616 1167 ἐξηγητὴς
647 1131 696 1158 τοῦ
719 1131 942 1166 προστάγματος.
959 1130 1024 1162 Πῶς

235 1179 312 1205 ἔσται
338 1176 428 1211 τοῦτο,
446 1173 517 1203 οἶδεν
539 1176 620 1208 αὐτὸς
644 1177 659 1203 ὁ
688 1177 794 1210 παρών
813 1175 854 1201 ὅτι
878 1175 1019 1210 πάρεστιν,

235 1223 387 1259 ἐπίσταμαι
402 1230 411 1238 ·
434 1222 481 1248 τὸν
513 1221 542 1248 δὲ
561 1221 662 1257 τρόπον
689 1220 798 1255 λέγειν,
826 1220 857 1247 οὐ
877 1219 1019 1255 δύναμαι.]

235 1268 356 1303 Πνεῦμα
369 1267 455 1302 ἅγιον
471 1267 667 1294 ἐπελεύσεται
691 1266 741 1293 ἐπὶ
765 1266 802 1293 σὲ
817 1266 878 1300 (καί
894 1265 1020 1300 δύναμις

241 1315 387 1349 Ὑψίστου
413 1313 583 1341 ἐπισκιάσει
602 1313 674 1348 σοι).
695 1312 744 1349 [οὺ
759 1312 813 1347 γὰρ
842 1311 948 1346 ἀνδρὸς,
962 1310 1019 1338 ἀλλ’

235 1360 314 1394 ἁγίου
332 1359 490 1394 Πνεύματος
513 1360 530 1395 ἠ
553 1359 707 1391 ὲπὲλευσις,
723 1359 771 1384 xui
787 1358 871 1393 αὐτῆς
895 1358 945 1392 τῆς
971 1357 1018 1384 τοῦ

239 1405 368 1440 Ὑψίστου
383 1405 523 1440 δυνάμεως
534 1405 551 1440 ὴ
559 1404 724 1435 ὲπισκίασις.
734 1402 771 1429 Τὸ
784 1403 833 1438 μὲν
843 1401 889 1430 οὖν
897 1402 1018 1437 Πνεῦμα,

233 1452 328 1487 φησὶν,
340 1449 528 1486 ἐπελεύσεται]
546 1450 737 1485 προοδοποιοῦν
755 1449 793 1484 τῷ
808 1450 864 1484 Υίῷ
889 1449 938 1484 τὴν
962 1449 1019 1475 εἴσ-

233 1499 293 1524 οδον
317 1497 364 1524 xui
391 1496 567 1532 προενοικοῦν
595 1497 641 1522 καὶ
670 1495 854 1531 προκαοαῖρον
887 1495 960 1528 αὐτῷ
975 1494 1020 1520 τὸν

234 1542 371 1577 Θάλαμον,.
399 1541 499 1576 μᾶλλον
524 1541 551 1567 δὲ
579 1541 626 1567 xui
652 1539 906 1575 προσκαλλωπίζον,
927 1540 952 1565 εἰ
973 1538 1019 1565 καὶ

234 1588 455 1624 προκεκάθαρται
467 1587 514 1614 xui
526 1585 810 1622 προκεκαλ).ὡπισται.

268 1719 324 1746 Kal
337 1718 464 1753 δύναμις
486 1717 634 1751 Ὑψίστου
647 1716 818 1744 ἐπισκιάσει
839 1724 887 1743 σοι
903 1723 910 1731 ·
926 1715 1017 1747 τοῦτο,

234 1765 281 1791 xxi
292 1766 306 1791 ὁ
327 1765 390 1795 Υἱὸς
405 1765 464 1799 ἅμα
486 1763 532 1790 xui
546 1764 560 1789 ὁ
577 1763 672 1798 Πατήρ
687 1771 695 1778 ⁸
713 1764 727 1789 ὁ
747 1763 806 1797 μὲν,
823 1763 839 1796 ἠ
866 1761 990 1796 δύναμις,
1005 1762 1019 1787 ὁ

235 1810 298 1842 Υἱός
314 1819 321 1826 ·
345 1811 359 1837 ὁ
387 1810 427 1841 δὲ,
445 1807 530 1844 οὗπερ
550 1811 566 1844 ὴ
591 1809 717 1843 δύναμις,
735 1809 749 1834 ό
765 1808 872 1843 Πατήρ.
892 1807 1019 1841 Χριστὸς
1031 1829 1053 1860 C

234 1858 289 1891 γὰρ
310 1856 382 1883 Θεοῦ
398 1856 524 1890 δύναμις
542 1855 590 1881 καί
606 1854 680 1881 Θεοῦ
693 1854 796 1888 σοφία.

269 1902 324 1928 Καὶ
342 1901 516 1928 ἐπισκιάσει
542 1908 592 1927 σοι
609 1907 616 1914 ⁸
637 1901 744 1926 σκιάσει
771 1899 821 1934 μὲν
843 1899 875 1925 τὸ
894 1898 1018 1934 Πνεῦμα,

234 1946 390 1974 ἐπισκιάσει
404 1947 431 1973 δὲ
452 1946 527 1977 Υἱὸς,
547 1945 672 1979 καθάπερ
687 1944 955 1979 ὲσκιαγραφημένοις
978 1952 1019 1969 τι-

235 1994 278 2019 aiv
290 1993 340 2028 ήδη
362 1992 438 2027 παρὰ
453 1991 500 2018 τοῦ
515 1990 674 2025 Πνεὺματος
689 1991 746 2021 τοῖς
761 1990 928 2024 χαρίσμασιν
956 1990 1017 2015 ὲπι-

234 2039 338 2066 θάλλων
349 2039 396 2065 xui
405 2038 473 2064 αὐτὰ
484 2037 518 2063 τὰ
533 2036 676 2072 χρώματα,
692 2035 761 2061 αὐτὰ
773 2036 800 2061 δὲ
816 2035 914 2061 ἑαυτοῦ
930 2035 1019 2062 πάντα

234 2086 267 2112 τὰ
290 2085 412 2119 πατρικὰ
424 2083 602 2118 γνωρίσματα
614 2090 620 2097 ·
636 2082 653 2116 ἢ
671 2081 717 2108 xui
733 2081 782 2116 τὴν
793 2081 906 2107 ἀθέατον
922 2080 1017 2114 αὑτοῦ,

234 2131 311 2165 φησὶ,
327 2130 435 2164 μορφὴν
457 2130 486 2155 ὲν
502 2128 543 2154 σοὶ
568 2128 617 2154 xui
635 2127 757 2159 σκιωδῶς
777 2127 954 2162 περιγράψει,
971 2128 1018 2154 xui

231 2176 262 2201 τὺ
277 2175 338 2202 καθ’
353 2175 426 2209 ἡμᾶς
435 2175 464 2200 ἐν
476 2173 517 2199 σοὶ
533 2173 742 2208 μορφωθὴσεται
754 2181 762 2188 ·
774 2173 790 2208 ἢ
804 2174 850 2199 xui
869 2174 885 2208 ή
899 2173 946 2199 τοῦ
960 2174 1017 2199 Πα-

231 2221 296 2256 spe;
312 2221 381 2255 αὐτὴ
397 2220 525 2255 σφραγὶς,
539 2219 570 2245 τὸ
587 2219 768 2253 ἀπαύγασμα,
784 2218 814 2244 τὺ
825 2218 1015 2253 ἀποσκίασμα,

233 2267 285 2293 κάν
305 2267 347 2292 eoi
358 2265 618 2300 διασημανθήσεται,
631 2265 720 2295 πάσας
732 2264 799 2299 ὁμοῦ
811 2264 860 2295 τὰς
877 2265 1014 2299 πατρικὰς

231 2312 372 2346 ἐνεργείας
397 2311 485 2337 show
514 2310 590 2341 σκιὰς
625 2310 672 2336 xui
694 2311 758 2340 τοὺς
784 2310 960 2344 χαρακτῆρας
986 2310 1016 2334 ὲν

231 2358 322 2392 ἑαυτῷ
349 2357 504 2392 περιφέρων
531 2356 590 2391 [καὶ
610 2356 655 2387 ab;
671 2355 770 2387 Υἰδς,ὁ
795 2355 843 2381 xui
869 2354 917 2380 τοῦ
943 2353 1011 2380 Θεοῦ

232 2404 278 2430 καὶ
290 2402 395 2438 Πατρδς
407 2404 481 2435 Υἱὴς,
495 2402 637 2436 γινόμενος
649 2402 694 2428 xui
708 2400 901 2437 καλούμενος.]

266 2491 314 2519 lZ’.
337 2490 417 2517 Ἀλλὰ
439 2490 534 2516 σκόπει
565 2499 612 2524 μοι
636 2489 686 2524 τὴν
707 2489 859 2524 ἀκρίϐειαν.
883 2488 935 2515 Τοῦ
965 2489 1014 2523 μὲν

231 2537 400 2572 Πνεύματος,
417 2537 508 2570 φησὶν,
522 2537 538 2570 ἡ
554 2536 703 2565 ὲπέλευσις,
723 2536 791 2570 μόνη
802 2535 818 2569 ή
831 2535 901 2561 κατὰ
920 2535 1013 2569 σχέσιν

231 2581 363 2616 ἕλλαμῲις
377 2589 383 2595 ·
402 2582 416 2615 ἡ
434 2581 462 2607 δὲ
485 2581 531 2606 τοῦ
549 2580 613 2606 1⁸ἱοῦ
634 2583 680 2605 xui
706 2579 872 2610 ὲπισκῐασις,
888 2580 972 2614 ἡγουν
998 2581 1014 2614 ἡ

231 2628 291 2654 κατ’
306 2627 398 2653 οὐσίαν
414 2626 531 2661 οἴκησις.
547 2625 564 2661 ἣ
591 2626 637 2652 καὶ
656 2627 672 2660 ἠ
691 2626 739 2660 τῆς
754 2625 854 2660 σαρκὸς
868 2625 1013 2660 ἀνάληψις.

231 2673 279 2700 Διὸ
292 2673 339 2699 καὶ
363 2673 397 2700 τὸ
417 2673 604 2707 γεννώμενον
631 2671 716 2704 ἅγιον
740 2671 924 2704 κληθήσεται
949 2671 1014 2703 Υἱὸς

232 2719 316 2745 Θεοῦ.
331 2719 368 2744 Οὐ
384 2718 426 2745 διὰ
439 2718 488 2752 τὴν
505 2717 566 2744 καθ’
580 2717 728 2742 ὑπόστασιν
749 2716 828 2750 μόνον
845 2716 951 2746 ἕνωσιν,
967 2716 1014 2742 xui

230 2765 274 2791 ὃξὰ
291 2765 339 2800 τὴν
355 2765 426 2791 κατὰ
449 2765 529 2799 χάριν
556 2763 653 2789 θέωσιν
667 2763 682 2788 ὁ
696 2762 777 2793 αὐτὸς
802 2762 847 2788 xui
867 2761 930 2793 Υίὺς
944 2761 1012 2787 Θεοῦ

231 2813 277 2837 xu".
293 2811 355 2843 Υἱὸς
381 2810 525 2846 ἀνθρώπου
541 2809 588 2836 xui
613 2808 651 2836 ὢν
677 2808 725 2835 xui
747 2808 924 2842 καλούμενος,
944 2807 1010 2834 ἀλλὰ

270 2901 290 2916 ¹⁷
305 2900 373 2927 Luc.
392 2908 412 2932 ι,
437 2900 480 2927 55,
524 2901 544 2915 νδ
561 2900 569 2926 l
585 2900 648 2927 Cur.
663 2908 680 2932 ι,
698 2899 744 2927 “li.
783 2899 802 2915 ίυ
834 2898 914 2926 Hebr.
941 2907 959 2930 ι,
978 2899 1003 2926 5.

1074 543 1190 570 rumque
1205 542 1309 570 auspex
1321 536 1454 571 angelus?
1469 536 1549 572 [Vide
1565 538 1704 572 quomodo
1718 545 1732 565 a
1750 537 1861 572 Virgine

1073 581 1259 608 dubitationes
1283 582 1372 616 abigat
1401 582 1438 618 et]
1462 585 1600 617 quomodo
1629 583 1860 611 incontaminatas

1074 627 1126 662 ipsi
1143 628 1253 662 nuptias
1273 628 1492 664 iuell‘abilemquc
1511 636 1620 664 partum
1647 633 1688 665 [et
1708 631 1861 665 incompre-

1075 673 1236 701 bensibilem
1255 674 1377 708 ejusdem
1400 674 1545 710 rationem]
1561 675 1638 710 quasi
1657 676 1792 710 interpres
1813 683 1861 702 ex-

1074 723 1168 754 ponat,
1179 727 1211 746 ac
1227 720 1387 754 mysterium
1404 720 1486 747 simul
1501 720 1644 748 Trinitatis
1661 729 1721 748 eam
1735 721 1859 748 edoceat.

1077 765 1172 800 [NihiL
1185 765 1284 799 inquit,
1297 773 1366 800 opus
1380 770 1422 793 est
1436 767 1514 798 viro;
1533 775 1622 801 neque
1637 767 1709 794 enim
1737 771 1783 793 tua
1796 774 1858 794 cum

1074 811 1135 838 aliis
1148 811 1319 843 mulieribus,
1349 812 1428 839 sicuti
1450 820 1500 840 nec
1512 820 1572 847 qua:
1591 817 1656 839 sunt
1679 812 1725 839 lilii
1744 812 1782 838 tui
1796 819 1859 838 cum

1074 856 1134 883 aliis
1142 856 1213 888 filiis,
1223 857 1371 891 quidquam
1380 865 1526 885 commune
1538 858 1648 884 habent.
1659 857 1859 891 Conceptiotua

1075 902 1146 929 baud
1161 910 1227 929 sane
1241 903 1407 938 virginitatis
1421 907 1462 930 est
1472 903 1564 934 funus.
1575 904 1621 930 sed
1634 911 1648 930 e
1663 910 1795 930 converso
1808 903 1859 929 ob-

1074 946 1191 981 signatio
1211 948 1302 981 potius
1329 953 1355 975 et
1376 948 1510 976 custodia.
1530 949 1604 975 Tene
1619 948 1713 983 igitur,
1730 956 1747 975 ι)
1763 948 1858 982 Virgo,

1074 991 1146 1025 quod
1163 991 1209 1018 tibi
1227 992 1392 1025 revelatum;
1409 993 1480 1026 quod
1497 993 1604 1020 silentio
1622 997 1664 1020 est
1677 993 1852 1021 obvolutum.

1075 1044 1108 1063 ne
1128 1044 1244 1070 quaaras.
1261 1037 1297 1064 De
1315 1042 1390 1072 partu
1408 1038 1487 1064 tidem
1509 1037 1595 1071 iacio;
1614 1038 1647 1065 de
1671 1038 1751 1065 modo
1769 1037 1858 1065 dicere

1075 1082 1163 1109 mitto.
1177 1082 1294 1110 Nuntius
1316 1084 1388 1110 enim
1413 1084 1460 1111 tibi
1484 1083 1709 1118 dispensationis,
1727 1092 1781 1111 non
1798 1091 1859 1110 ma-

1075 1129 1158 1163 gister
1178 1129 1252 1156 veni:
1268 1129 1392 1156 minister
1402 1133 1429 1156 et
1449 1136 1539 1164 praeco
1561 1129 1696 1156 Dominici
1723 1129 1857 1156 adventus

1040 1169 1058 1194 13
1074 1173 1173 1200 missus
1185 1181 1258 1206 sum,
1275 1181 1328 1200 non
1341 1175 1486 1208 interpres,
1498 1182 1586 1209 neque
1602 1175 1763 1209 explanator
1776 1181 1855 1200 tuan-

1073 1218 1138 1246 dati.
1151 1218 1295 1250 Quomodo
1305 1218 1426 1246 futurum
1440 1219 1467 1247 id
1483 1219 1528 1251 sit,
1540 1221 1614 1247 novit
1629 1219 1686 1254 ipse
1701 1219 1747 1254 qui
1760 1219 1836 1246 adest
1850 1228 1857 1245 :

1072 1271 1134 1291 nam
1164 1265 1259 1292 adesse
1285 1272 1359 1297 eum,
1376 1270 1547 1300 perspectum
1570 1266 1672 1299 habeo;
1691 1270 1718 1292 at
1747 1265 1857 1292 modum

1072 1310 1189 1343 edicere,
1202 1310 1267 1337 mihi
1281 1319 1333 1338 non
1350 1311 1492 1347 suppetit].
1511 1310 1628 1345 Spiritus
1644 1316 1752 1338 "metu:
1766 1319 1859 1344 super—

1072 1354 1154 1380 veniet
1175 1355 1200 1380 in
1213 1360 1238 1381 te
1257 1355 1291 1388 (et
1307 1356 1390 1382 virtus
1413 1355 1547 1382 Altissimi
1570 1356 1736 1382 obnmbrabit
1750 1355 1797 1382 tibi
1812 1356 1857 1390 ¹⁷).

1071 1399 1140 1435 [Νοιι
1154 1400 1226 1427 enim
1238 1400 1298 1432 viri,
1318 1401 1364 1428 sed
1378 1401 1497 1435 Spiritus
1510 1401 1597 1428 sancti
1611 1401 1664 1428 erit.
1675 1402 1818 1433 adventus,
1832 1406 1859 1428 et

1072 1446 1158 1480 ipsius
1193 1446 1303 1473 virtutis
1338 1447 1472 1474 Altissimi
1502 1446 1685 1473 obumbratio.
1717 1446 1856 1480 Spiritus,

1071 1498 1135 1525 ergo
1158 1491 1255 1526 inquit,
1272 1492 1457 1527 superveniet]
1485 1492 1531 1526 qui
1562 1491 1631 1518 Filio
1659 1491 1731 1518 viam
1753 1492 1858 1525 ingres-

1071 1543 1185 1571 sumque
1202 1541 1342 1571 praeparct,
1365 1545 1396 1564 ac
1417 1538 1529 1571 prioriu
1550 1541 1576 1564 te
1595 1537 1685 1570 sistat,
1700 1541 1756 1564 tum
1771 1537 1858 1563 tbala-

1071 1590 1144 1609 mum
1163 1583 1202 1609 illi
1218 1583 1397 1617 prwmundet,
1411 1591 1459 1610 seti
1482 1583 1573 1617 potius
1596 1582 1651 1617 jam
1675 1587 1754 1610 antea
1775 1591 1857 1610 ututi-

1070 1628 1162 1654 datum
1193 1633 1221 1656 et
1241 1633 1402 1655 exornatum
1430 1621 1608 1665 splendidiori
1632 1628 1722 1656 adhuc
1755 1628 1857 1655 decore

1070 1678 1194 1700 exornet.

1106 1719 1140 1745 Et
1151 1720 1235 1746 virtus
1252 1719 1384 1746 Altissimi
1399 1719 1640 1752 obumbrabittibi;
1656 1719 1682 1746 id
1705 1723 1759 1752 est,
1771 1723 1798 1746 et
1813 1718 1858 1745 Fi-

1070 1764 1123 1792 lius
1146 1765 1227 1792 simul
1251 1769 1279 1792 et.
1309 1764 1405 1797 Pater;
1421 1764 1507 1792 Filius
1530 1770 1572 1792 est
1598 1765 1681 1796 enim,
1698 1765 1743 1799 qui
1770 1765 1859 1792 virtus

1071 1810 1240 1844 appellatur;
1259 1810 1341 1838 Pater
1359 1817 1434 1843 vero,
1448 1811 1527 1845 cujus
1557 1811 1604 1838 ille
1633 1811 1721 1838 virtus
1746 1810 1855 1837 dicitur.

1070 1853 1137 1881 Nam
1155 1853 1275 1881 Christus
1289 1854 1336 1881 1Ιεὶ
1353 1855 1434 1881 uirtus
1449 1860 1488 1882 est
1508 1860 1532 1881 et
1547 1855 1592 1882 Dei
1610 1855 1744 1889 sapientia
1767 1854 1800 1881 ‘3.
1821 1853 1857 1880 Et

1070 1899 1234 1927 obumbrabit
1262 1901 1310 1927 tibi
1343 1909 1353 1928 :
1388 1901 1564 1928 obumbrabit
1594 1905 1620 1927 te
1651 1901 1760 1935 quidem
1794 1899 1857 1934 Spi-

1070 1946 1139 1973 ritus
1168 1951 1297 1979 sanctus,
1327 1947 1373 1974 sed
1395 1947 1568 1974 obumbrabit
1588 1952 1615 1974 et
1642 1946 1737 1979 Filius,
1763 1945 1857 1980 gratia:

1069 1992 1148 2019 donis
1173 1992 1229 2025 jam
1257 1999 1271 2018 a
1303 1992 1406 2026 Spiritu
1439 1993 1640 2027 quodammodo
1678 1991 1855 2019 adumbratis

1068 2037 1149 2064 etiam
1164 2044 1230 2064 suos
1243 2037 1302 2071 (per
1311 2037 1351 2072 se)
1368 2037 1501 2071 adjieicns
1527 2037 1642 2068 colores.
1656 2037 1730 2071 ipsas
1760 2037 1855 2071 utique

1069 2091 1082 2109 a
1110 2082 1187 2110 Patre
1213 2088 1337 2117 acceptas
1362 2083 1403 2110 sui
1430 2082 1516 2116 ipsius
1534 2083 1712 2117 proprietates
1735 2089 1853 2115 omnes;

1046 2137 1116 2157 .seu
1145 2129 1239 2159 etiam.
1266 2129 1365 2163 inquit,
1387 2129 1552 2156 invisibilem
1580 2136 1657 2155 suam
1681 2128 1796 2154 formam
1827 2127 1854 2154 in

1069 2180 1095 2203 te
1122 2174 1239 2208 quadam
1272 2174 1345 2200 Vcllll
1375 2175 1471 2200 umbra
1492 2173 1709 2204 circumscribet,
1732 2176 1854 2199 nostram

1068 2221 1173 2249 scilicet
1187 2221 1302 2247 formam
1324 2220 1350 2246 in
1380 2225 1405 2247 te
1427 2225 1564 2252 assumet;
1584 2227 1631 2246 seu
1650 2219 1742 2249 etiam,
1765 2218 1853 2252 ipsum

1067 2266 1156 2293 Patris
1179 2266 1361 2301 signaculum,
1376 2265 1504 2300 splendor
1523 2265 1556 2297 ",
1582 2263 1753 2291 adumbratio
1772 2262 1854 2289 etiam

1067 2312 1093 2339 in
1116 2316 1142 2339 te
1159 2311 1386 2344 manifestabitur,
1400 2318 1496 2338 omnes
1516 2310 1617 2345 pariter
1644 2313 1772 2344 paternas
1792 2307 1852 2335 vir-

1068 2361 1158 2389 tutes,
1188 2364 1236 2384 seu
1261 2357 1373 2383 umbras
1406 2360 1489 2391 atque
1520 2355 1685 2383 lineamenta
1709 2355 1737 2381 in
1758 2354 1850 2389 seipse

1066 2400 1262 2428 circumferens
1277 2400 1315 2436 [et
1339 2401 1409 2428 lilius
1438 2405 1501 2428 tuus
1521 2401 1656 2428 exsistcns
1680 2404 1707 2427 et
1723 2404 1850 2432 vocatus,

1029 2447 1115 2482 uni
1131 2447 1211 2473 etiam
1242 2447 1288 2473 Dei
1311 2455 1343 2474 ac
1371 2446 1459 2474 Patris
1493 2451 1535 2474 est
1556 2445 1665 2481 Filius].

1097 2492 1177 2519 XVII.
1194 2492 1293 2520 Verum
1312 2493 1424 2526 inspice,
1439 2500 1543 2527 quaeso,
1564 2497 1724 2520 accuratum
1744 2499 1850 2519 sermo-

1063 2546 1136 2565 nem.
1157 2538 1250 2565 Sancti
1283 2538 1411 2573 Spiritus,
1432 2539 1530 2574 inquit,
1549 2539 1683 2566 adventus
1714 2537 1854 2564 illumina-

1063 2585 1163 2610 tionem
1193 2584 1383 2611 tantummodo
1406 2585 1473 2612 dicit
1492 2592 1540 2619 per
1560 2584 1682 2611 habitum
1697 2592 1705 2615 ;
1718 2583 1851 2609 adventus

1063 2637 1127 2656 vero
1148 2629 1205 2656 Filii
1223 2635 1264 2657 est
1280 2635 1408 2664 przeterea
1432 2630 1617 2662 obumbratio,
1637 2628 1762 2655 videlicet
1774 2627 1854 2654 inha-

1068 2675 1162 2702 bitatio
1185 2676 1334 2703 secundum
1365 2676 1570 2709 substantiam,
1595 2683 1642 2703 seu
1678 2675 1735 2708 ipsa
1767 2673 1851 2700 ctiam

1068 2721 1157 2747 (’Ill'llls
1187 2721 1348 2755 assumptio.
1365 2719 1479 2755 Ideoque
1499 2720 1530 2748 ‘et
1557 2720 1626 2755 quod
1649 2720 1769 2746 nascitur
1785 2727 1850 2745 san-

1066 2769 1147 2797 ctum,
1166 2766 1300 2792 vocabitur
1318 2765 1406 2792 Filius
1421 2765 1467 2792 Dei
1487 2766 1521 2792 ¹⁰.
1539 2765 1607 2792 Tum
1622 2765 1707 2792 Filius
1724 2764 1770 2792 Dei
1787 2769 1844 2791 tttm

1065 2809 1150 2836 Filius
1172 2811 1290 2838 hominis
1319 2811 1376 2846 ipse
1390 2816 1417 2839 et
1436 2815 1477 2839 est
1496 2815 1522 2839 et
1543 2815 1665 2843 vocatur,
1683 2818 1737 2838 non
1757 2810 1849 2838 solum

1043 2900 1064 2915 ²⁰
1077 2899 1144 2929 Luc.
1161 2910 1180 2934 ι,
1211 2901 1256 2928 35.
