2092 3157
231 194 284 227 827

229 253 340 284 propter
367 248 495 276 unionem
527 247 676 275 secundum
704 243 871 280 liypostasim
905 251 938 270 ac
963 250 1012 277 per
1030 258 1051 285 Α

229 295 429 322 deifieatiouem
442 294 591 322 secundum
605 292 731 327 gratiam,
742 290 788 317 sed
799 290 880 317 etiam
902 293 1013 323 propter

230 340 391 367 idiomatum
415 338 693 366 communicationem
706 345 713 368 ;
726 335 794 362 adeo
811 340 840 362 ut
865 340 892 362 et
910 335 1013 362 homini

230 392 349 418 persaepe
357 384 585 418 tribuantur,quaa
596 386 693 409 natura
702 388 751 408 sua
758 384 822 408 sunt
832 379 878 406 Dei
893 379 1012 417 propria,

852 186 1013 218 JOANNIS
1029 184 1246 216 GEOMETR/E

1068 241 1117 267 καὶ
1128 241 1170 267 διὰ
1187 240 1237 275 τὴν
1253 239 1307 267 τῶν
1328 239 1467 274 ὀνομάτων
1486 238 1662 269 ἀντίπτωσιν,
1677 237 1714 269 ὡς
1737 246 1785 263 του
1807 238 1857 272 μὲν

1068 287 1211 321 ἀνθρώπου
1228 286 1356 317 πολλάκις
1380 285 1410 312 τὸ
1424 284 1471 311 τοῦ
1493 284 1573 318 φύσει
1586 283 1664 313 Θεοῦ,
1681 283 1727 309 τοῦ
1746 283 1774 309 δὲ
1789 283 1857 309 Θεοῦ

1067 332 1156 358 τὸλτοῦ
1179 331 1258 365 φύσει
1284 330 1451 365 καλουμένου
1469 329 1549 356 πάλιν
1564 328 1709 364 ἀνθρώπου
1738 327 1784 355 διὰ
1806 327 1856 361 τὴν

1056 378 1157 413 ,ἄκραν
1176 376 1273 404 ἕνωσίν
1287 385 1316 403 τε
1328 378 1374 404 καὶ
1390 375 1588 411 περιχώρησιν.

229 433 256 455 et
276 429 392 455 vicissim
420 428 484 460 Deo,
500 435 560 461 quae
578 431 674 461 suapte
691 431 788 452 natura
819 430 884 452 sunt
912 423 1022 459 propria
1041 423 1173 455 hominis,
1200 422 1358 450 videlicetel
1377 426 1486 456 propter
1512 420 1694 447 arctissimam
1726 419 1854 446 unionem

228 479 256 500 et
270 478 379 508 propter
394 473 693 501 circuminsessimtem.
722 479 725 481 '
990 495 993 499 ,

261 519 354 546 XVili.
373 519 505 556 [Curnam
523 528 587 547 vero
609 519 744 554 (angelus)
773 527 828 546 non
850 518 929 550 dixit,
944 517 1014 552 quod

227 570 368 598 generatur
376 573 409 594 ea;
424 571 459 598 te,
480 566 528 593 sed
544 565 715 600 simpliciter,
730 566 800 600 quod
816 569 955 599 generatur
972 563 1015 590 “?

228 609 296 641 Quia
312 615 434 642 noverat,
452 618 504 637 non
522 610 655 641 tnttlieris,
669 611 716 638 sed
733 611 840 645 proprie
861 617 894 636 ac
911 609 1013 644 prima-

228 656 271 684 rio
287 655 338 682 viri
352 664 413 684 esse
434 657 647 691 generationem.
670 657 700 684 Et
727 664 794 684 sane
818 656 901 691 patris
915 660 955 682 est
968 663 1015 691 ge-

228 708 342 734 nerare;
355 702 450 729 matris
476 709 550 735 vero,
569 710 631 731 ctua
657 702 799 737 recrpcrit,
813 701 1011 736 generationem

228 747 261 773 ad
280 746 361 775 ﬁnem
375 747 537 781 perducere,
554 753 635 783 atque
650 749 675 774 iu
701 748 788 774 lucem
814 748 904 774 edere.
922 746 1014 780 itaque

229 795 259 818 ut
285 792 453 825 ostenderet,
468 794 570 828 prolem
593 793 677 824 illam,
695 798 869 827 generantem
884 792 965 820 simul
987 796 1015 818 et

228 837 361 870 genitam,
378 845 432 864 non
465 837 515 872 ipsi
543 838 670 872 (Virgini)
700 846 733 866 ex
767 839 876 870 integro
895 858 903 870 ,
928 845 1014 872 neque

227 882 311 909 etiam
329 882 397 917 patri
418 883 548 916 cuipiam,
558 883 604 911 sed
614 883 775 919 sibimetipsi
784 883 877 911 deberi
894 887 924 911 ut
932 890 1015 918 gene-

228 933 345 959 raretur,
365 933 506 963 propterea
528 930 567 957 sic
579 930 686 958 locutus
704 929 770 965 est.]
790 929 906 966 [Fidem,
927 929 1016 963 inquit

228 972 380 1007 (angelus),
402 973 499 1002 faustis
515 974 590 1002 hisce
603 975 707 1002 nuntiis
722 975 774 1002 alia
783 974 887 1002 faciant
903 975 1013 1008 nuntia,

228 1017 307 1045 hisce
317 1019 417 1046 similia
440 1024 468 1047 et
487 1020 620 1050 miraculo
636 1021 782 1056 stupenda,
799 1028 860 1055 quae
873 1028 921 1055 per
934 1027 977 1047 me
990 1024 1017 1047 et

222 1062 440 1090 manifestautur
459 1069 486 1091 et
499 1066 668 1092 exsecutioui
691 1065 900 1093 demandantur.
913 1064 1016 1092 Horum

228 1111 318 1134 autem
331 1109 518 1142 probationem
534 1110 678 1145 multiplici
694 1119 726 1138 ex
744 1111 832 1146 capite
853 1115 952 1145 praesto
968 1110 1017 1138 ha-

229 1153 287 1184 bes.
307 1153 334 1180 iu
350 1155 471 1188 nomine,
485 1155 513 1182 iu
535 1157 708 1190 cegnatioue,
724 1157 750 1183 in
767 1165 796 1185 re
816 1157 884 1192 ipsa,
900 1157 926 1183 in
943 1160 1014 1184 tem-

229 1207 307 1233 pore,
322 1199 348 1225 iu
367 1200 427 1235 ipso
438 1201 547 1228 demum
563 1202 697 1237 prodigio.
713 1203 782 1229 Ecce
797 1203 870 1230 enim
882 1202 1012 1233 Elirabet,

229 1250 342 1280 cognata
358 1247 542 1281 tua,cam:epit
558 1248 584 1275 in
597 1252 737 1281 senectute,
754 1256 812 1283 quw
835 1253 944 1275 vocatur
961 1252 1015 1275 διε-

229 1290 288 1317 rilis
299 1292 320 1306 ¹¹
335 1295 378 1326 (eo
392 1299 478 1326 usque
492 1293 564 1320 enim
581 1293 721 1321 indomita
731 1293 881 1321 sterilitatis
897 1294 1014 1321 devene-

1099 516 1153 544 IH'.
1169 515 1232 552 [Διὰ
1244 515 1270 543 τί
1284 515 1312 542 δὲ
1326 515 1376 542 οὐκ
1389 513 1460 546 εἷπε,
1473 514 1506 542 τὸ
1517 513 1706 550 γεννώμενον
1715 513 1774 541 ὑπὸ
1784 513 1854 545 σοῦ,

1064 563 1119 590 ἀλλ’
1136 563 1239 594 ἁπλῶς,
1253 562 1286 588 τὸ
1306 560 1515 596 τεννώμενον;
1534 560 1596 587 ’Ὀτι
1621 557 1702 590 οἶδεν,
1720 561 1770 586 οὐκ
1795 560 1849 586 ἀπὸ

1063 608 1204 643 γυναικὸς,
1216 607 1274 635 ἀλλ’
1294 607 1348 635 ἀπὸ
1364 607 1459 642 ἀνδρὸς
1476 606 1578 641 κυρίως
1599 607 1646 632 καὶ
1662 605 1779 640 πρώτως
1802 606 1854 639 τὴν

1064 655 1200 690 γέννησιν.
1216 654 1271 681 Καὶ
1282 654 1364 689 γεννᾷ
1380 653 1429 688 μὲν
1441 655 1455 680 ὁ
1472 652 1575 688 πατὴρ,
1590 653 1606 687 ἡ
1620 651 1648 678 δὲ
1659 651 1752 687 μήτηρ
1765 651 1852 678 διαδε-

1066 699 1345 734 χομένη.τελεσφορεῖ
1353 699 1399 725 καὶ
1407 697 1522 734 προάγει
1537 697 1585 732 τὴν
1597 697 1733 731 γέννησιν.
1745 696 1796 724 Ίν⁹
1809 695 1856 723 οὖν

1069 746 1137 779 μήτε
1156 745 1210 771 ἀπὸ
1231 745 1333 779 ταύτης
1356 744 1426 776 ὅλον,
1453 744 1522 779 μήτε
1539 743 1568 769 δὲ
1586 743 1632 770 καὶ
1653 743 1707 769 ἀπὸ
1739 743 1853 778 πατρὸς,

1067 790 1123 825 ἀλλ’
1139 789 1186 824 ἀφ’
1202 788 1298 816 ἑαυτοῦ
1312 789 1386 824 δείξῃ
1409 789 1440 815 το
1455 788 1588 824 γέννημα,
1608 789 1655 815 καὶ
1672 788 1776 822 γεννῶν
1786 787 1854 823 ὁμοῦ

1067 835 1114 862 καὶ
1141 834 1319 869 γεννώμενον,
1333 834 1377 860 διὰ
1397 834 1477 862 τοῦτο
1495 833 1582 865 οὕτως
1614 832 1719 869 εἷπεν.]
1736 833 1854 869 [Πίστις,

1067 881 1146 916 φησὶ,
1158 880 1242 907 τῶνδε
1254 879 1308 907 τῶν
1317 880 1495 913 εὐαγγελίων,
1511 879 1593 914 ἔτερα
1605 879 1753 913 εὐαγγέλια
1769 887 1855 914 προσ-

1067 927 1176 963 εμφερῆ
1202 926 1249 953 καὶ
1267 926 1404 962 ὑπερφυῆ,
1417 926 1450 953 δι’
1462 926 1528 961 ἐμοῦ
1541 926 1588 952 καὶ
1604 926 1793 960 γινωσκόμενα
1809 926 1856 952 καὶ

1063 973 1204 1008 γινόμενα.
1217 971 1326 998 Τούτων
1337 971 1365 998 δέ
1374 979 1414 998 σοι
1430 971 1506 1007 παρὰ
1521 971 1626 998 πολλῶν
1637 971 1786 1004 ἀπόδειξις,
1802 971 1858 997 ἀπὸ

1064 1020 1111 1046 τοῦ
1131 1019 1274 1054 ὀνόματος,
1286 1017 1340 1044 ἀπο
1352 1018 1401 1053 τῆς
1412 1017 1586 1051 συγγενείας,
1600 1017 1654 1043 ἀπὸ
1666 1017 1712 1043 τοῦ
1726 1017 1856 1052 πράγμα-

1064 1074 1121 1097 τος.
1132 1065 1186 1092 ἀπὸ
1194 1064 1241 1091 τοῦ
1248 1065 1356 1100 χρόνου,
1366 1065 1413 1091 καὶ
1424 1063 1558 1091 ἀπἀὑτοῦ
1569 1063 1614 1090 τοῦ
1625 1063 1778 1095 θαύματος.
1789 1063 1856 1090 ἰδοῦ

1066 1111 1120 1148 γὰρ
1140 1110 1307 1142 Ἐ,ὶισάϐετ,
1323 1110 1341 1143 ἡ
1360 1109 1512 1145 συγγενής
1527 1117 1597 1141 σου,
1623 1109 1795 1136 συνέλαϐεν
1819 1109 1855 1136 ὲν

1068 1155 1189 1191 γήρει,ιή
1199 1153 1371 1188 καλουμένη
1383 1154 1496 1188 στείρα·
1505 1154 1632 1181 τοσοῦτον
1639 1154 1738 1186 είςὲξιν
1745 1151 1795 1189 ἦκε
1805 1153 1855 1188 τῆς

1068 1200 1288 1233 ἀπαιδίας,ὤστε
1305 1199 1352 1226 καὶ
1371 1201 1411 1231 είς
1430 1199 1527 1235 κλῆσιν
1540 1200 1609 1235 αὐτῇ
1624 1199 1768 1234 γνώρισμα
1784 1197 1855 1226 εἶναι

1068 1246 1099 1271 τὸ
1109 1245 1254 1280 ἀτύχημα·
1272 1244 1320 1272 καὶ
1338 1244 1372 1280 δὴ
1395 1244 1486 1279 πλέον,
1501 1245 1548 1272 ὅτι
1566 1245 1657 1272 οὐδὲν
1670 1245 1854 1278 ἀδυνατήσει

1069 1291 1150 1325 ,παρὰ
1160 1290 1200 1323 τῷ
1211 1289 1294 1326 Θεῷ].

229 1341 281 1365 rat.
296 1341 325 1364 ut
346 1337 525 1365 infortunium
544 1339 651 1367 cederet
663 1340 687 1367 ei
701 1340 727 1369 in
739 1347 849 1372 nomen,
863 1347 917 1375 quo
928 1339 1126 1373 denotaretur),
1155 1342 1193 1371 et,
1220 1336 1294 1372 quod
1324 1336 1406 1364 etiam
1431 1336 1520 1372 majus
1549 1341 1601 1370 est,
1626 1337 1688 1372 quia
1713 1337 1780 1364 nihil
1803 1337 1854 1364 im-

228 1382 352 1415 possibile
368 1383 437 1416 apud
449 1383 532 1411 Deum
541 1383 584 1420 "j.

265 1428 323 1456 XIX
351 1429 395 1465 [Et
411 1431 456 1459 bic
472 1432 582 1466 quidem
606 1433 755 1468 perpende.
766 1442 872 1469 quaso,
890 1433 1013 1468 Virginis

230 1482 330 1506 mores.
347 1482 374 1504 et
400 1482 529 1511 quantam
550 1478 576 1505 in
599 1478 712 1513 juvenili
734 1481 880 1508 admodum
901 1486 1016 1514 corpore

229 1526 255 1548 et
269 1522 366 1551 tuentis
381 1528 408 1551 et
425 1524 539 1558 spiritus
557 1525 752 1559 perfectionem
778 1531 895 1561 gereret.
910 1526 1014 1559 Quam-

230 1567 277 1596 diu
297 1568 370 1596 enim
396 1570 508 1599 suberat
533 1571 583 1599 viri
605 1572 737 1606 suspicio,
753 1572 779 1600 in
807 1573 1015 1607 conceptionem

230 1613 390 1641 nullatenus
415 1616 566 1644 consensit.
589 1617 641 1643 Sed
657 1617 732 1649 licet,
749 1618 849 1652 inquit,
869 1623 897 1645 tu
919 1618 957 1645 sis
971 1626 1018 1645 ar-

229 1658 390 1692 changelus,
404 1660 466 1688 licet
479 1668 598 1696 superna
624 1663 748 1697 quaedam
764 1663 830 1690 mihi
846 1668 873 1690 et
894 1664 1017 1691 coelestia

233 1705 328 1731 nuntia
348 1705 467 1739 deferas,
478 1711 505 1734 at
520 1708 591 1735 enim
614 1713 644 1736 ut
655 1716 718 1736 eum
735 1709 794 1736 viro
823 1709 880 1743 ipsa
903 1717 1017 1744 congre-

230 1749 302 1781 diar,
319 1751 528 1786 concipiamque
545 1761 577 1781 ac
596 1754 713 1788 pariam,
732 1754 758 1782 id
787 1755 965 1789 impossibile.
983 1755 1018 1782 At

230 1799 376 1829 postquam
405 1798 571 1825 connuonita
591 1802 634 1825 est
658 1803 714 1826 turn
738 1799 771 1827 de
790 1799 876 1827 Sancti
900 1799 1018 1834 Spiritus

230 1839 359 1872 adventu,
374 1845 431 1869 tum
449 1842 482 1869 de
494 1841 541 1870 Dei
557 1843 627 1871 Filio
645 1844 671 1871 in
688 1844 745 1879 ipsa
759 1845 954 1877 inhabitatum,
971 1855 1017 1874 ac-

230 1885 348 1919 quiescit
362 1887 405 1915 illa
420 1888 531 1922 quidem
549 1895 576 1917 et
590 1890 694 1924 credit;
707 1891 774 1918 nihil
790 1891 862 1919 enim
881 1892 935 1919 Deo
964 1894 1016 1919 iut-

230 1931 360 1965 possibile
387 1940 468 1965 esse;
491 1941 579 1969 neque
612 1940 702 1963 tamen
727 1936 839 1964 inﬂatur
862 1942 1016 1972 propterea,

229 1982 314 2012 atque
335 1979 488 2011 extollitur,
502 1981 549 2008 sed
576 1981 738 2016 deprimitur
766 1983 868 2017 potius,
901 1991 1017 2019 seseque

229 2024 365 2058 demittit;
383 2031 410 2053 et
438 2033 491 2054 non
518 2027 599 2054 modo
624 2027 752 2055 ancillam
778 2036 807 2056 se
825 2029 953 2064 appellat,
972 2037 1018 2057 ve-

230 2077 302 2102 rum,
325 2075 354 2098 ut
383 2076 598 2100 consentaneum
623 2077 676 2106 est,
701 2078 822 2108 paratam
855 2082 964 2109 quoque
987 2083 1017 2102 se

229 2123 290 2143 esse
313 2117 346 2143 ad
365 2117 548 2146 ministerium
575 2118 707 2152 affirmat;
733 2125 922 2148 verumtamen
953 2129 1015 2149 eum

230 2162 398 2196 propositum
417 2172 517 2192 munus
528 2172 557 2192 se
572 2165 630 2200 ipsa
646 2166 782 2199 sitaltius,
801 2175 854 2194 nou
875 2172 930 2194 tam
948 2168 1014 2196 illud

1106 1431 1155 1458 ΙΘ¹.
1175 1430 1259 1466 [Ὅρα
1275 1438 1321 1465 μοι
1336 1429 1478 1458 κάν·ταῦοα
1497 1430 1546 1466 τῆς
1561 1430 1703 1463 Παρθένου
1726 1430 1757 1457 τὸ
1774 1427 1852 1464 ἦθος,

1069 1476 1117 1504 καὶ
1147 1477 1213 1511 ὅσην
1236 1474 1307 1511 εἶχεν
1331 1477 1360 1503 ὲν
1381 1476 1471 1512 νεαρῷ
1493 1477 1589 1512 κομιδῇ
1613 1476 1651 1511 τῷ
1673 1476 1778 1511 σώματι
1806 1477 1856 1503 καὶ

1069 1523 1242 1558 φρονήματος
1261 1522 1329 1558 ὁμοῦ
1347 1523 1394 1549 καὶ¹
1420 1521 1574 1558 πνεύματος
1597 1522 1762 1557 τελειότητα.
1780 1523 1852 1554 Ἕως

1071 1568 1120 1603 μὲν
1143 1568 1196 1603 γὰρ
1214 1568 1310 1601 ἀνδρὸς
1340 1568 1474 1603 ὑπόληψις
1497 1566 1541 1603 ἦν,
1574 1569 1623 1604 τὴν
1653 1569 1784 1604 σύλληψιν
1803 1570 1852 1595 οὐκ

1069 1613 1185 1648 ἐδέχετο.
1218 1612 1298 1639 Ἀλλὰ
1318 1612 1370 1640 κᾶν
1402 1613 1573 1648 ἀρχάγγελος
1597 1612 1653 1650 ᾖς,
1683 1615 1771 1650 φησὶ,
1803 1614 1855 1641 κᾶν

1069 1661 1196 1697 ὑπερφυῆ
1223 1661 1267 1696 μοί
1280 1669 1342 1688 τινα
1365 1661 1412 1687 καὶ
1436 1661 1549 1696 οὐράνια
1574 1662 1690 1697 κομίζῃς
1712 1663 1746 1689 τὰ
1771 1662 1854 1695 εὐαγ-

1068 1706 1157 1741 γέλια,
1171 1707 1229 1734 ἀλλ’
1256 1707 1306 1742 ἐμὲ
1326 1707 1373 1734 καὶ
1402 1707 1480 1742 ἀνδρὶ
1507 1707 1644 1734 συνελθεῖν
1674 1707 1722 1734 καὶ
1755 1708 1853 1734 συλλα-

1068 1752 1126 1779 6εἶν
1156 1753 1203 1778 καὶ
1231 1753 1331 1785 τεκεῖν,
1349 1753 1500 1787 ἀμήχανον.
1531 1752 1642 1788 Ἐπειδὴ
1668 1753 1696 1779 δὲ
1729 1754 1776 1780 καὶ
1806 1753 1854 1788 τὴν

1068 1797 1219 1830 παρουσίαν
1241 1816 1250 1829 ,
1276 1797 1324 1824 καὶ
1350 1797 1400 1832 τὴν
1428 1797 1566 1832 ἐνοίκησιν
1584 1817 1591 1828 ,
1621 1798 1672 1831 τὴν
1711 1798 1764 1832 ’μὲν
1805 1798 1854 1824 τοῦ

1070 1843 1238 1878 Πνεύματος,
1249 1843 1297 1878 τὴν
1312 1843 1340 1870 δὲ
1357 1842 1403 1869 τοῦ
1421 1844 1486 1871 Υἱοῦ
1510 1844 1776 1880 προσευηγγελίσοη,
1791 1846 1852 1872 πεί-

1069 1889 1145 1915 θεται
1171 1889 1221 1923 μὲν
1240 1889 1287 1915 καὶ
1311 1889 1454 1916 πιστεύει·
1470 1889 1553 1925 μηδὲν
1573 1889 1627 1924 γὰρ
1651 1889 1783 1916 ἀδύνατον
1813 1888 1852 1916 εἷ-

1068 1943 1112 1961 ναι
1131 1934 1213 1969 Θεῷ·
1240 1935 1358 1968 φυσᾶται
1386 1935 1413 1962 δὲ
1443 1936 1490 1962 καὶ
1521 1935 1664 1970 ἐπαίρεται
1700 1936 1761 1962 οὐδὲ
1804 1935 1852 1963 οὖ-

1067 1988 1132 2012 τως,
1151 1979 1218 2006 ἀλλὰ
1237 1980 1405 2006 καταπίπτει
1431 1980 1531 2014 μᾶλλον
1562 1981 1609 2006 καὶ
1636 1980 1828 2007 ὑποστέλλεται
1845 1988 1852 1995 ·

1067 2024 1116 2051 καὶ
1138 2023 1235 2059 δούλην
1256 2024 1307 2059 μὲν
1321 2025 1419 2059 ἑαυτὴν
1437 2024 1487 2051 οὐκ
1515 2025 1643 2059 ὀνομάζει
1675 2025 1765 2060 μόνον,
1784 2024 1854 2051 ἀλλὰ

1067 2071 1126 2103 καὶ,
1141 2070 1177 2102 ti);
1200 2071 1283 2102 εἰκὸς,
1301 2071 1413 2106 ἑτοίμην
1433 2069 1504 2098 εἶναι
1526 2071 1600 2106 λέγει
1624 2072 1691 2106 πρὶς
1706 2071 1736 2098 τὺ
1753 2072 1851 2106 ὑπούρη

1067 2124 1146 2151 γημα
1160 2124 1165 2130 ·
1181 2116 1217 2149 ὼς
1232 2116 1261 2142 δὲ
1275 2116 1322 2142 καὶ
1339 2116 1409 2152 ὑπὲρ
1425 2116 1510 2150 αὐτὴν
1525 2116 1565 2150 ὃν,
1578 2117 1609 2143 οὺ
1621 2117 1730 2152 δέχεται
1755 2117 1855 2152 μᾶλλον

1067 2162 1083 2197 ἢ
1102 2161 1248 2196 ιπεύχεται
1265 2161 1297 2188 τὺ
1323 2161 1508 2198 ὲπόιγγελμα.]
1531 2163 1628 2194 Ἀλλος
1649 2162 1699 2197 μὲν
1727 2162 1773 2189 οὖν
1790 2163 1855 2190 ἄλλο

229 2209 356 2239 assumit,
374 2217 456 2243 qualn
471 2217 499 2237 se
516 2210 540 2238 ei
555 2210 750 2238 famulaturam
766 2220 826 2239 esse
847 2213 1014 2248 pollicetur.]

1067 2209 1160 2235 τιτῶν
1188 2209 1252 2242 περὶ
1277 2208 1380 2243 ταύτην
1413 2208 1463 2244 τὴν
1486 2210 1681 2244 μυσταγωγίαν
1708 2209 1855 2237 ἐπαινείτω

228 2251 280 2278 Alii
295 2253 387 2287 itaque
399 2255 451 2281 alia
464 2262 496 2281 ex
508 2255 552 2287 iis,
568 2264 628 2290 qua:
640 2256 673 2283 ad
687 2256 738 2283 hoc
755 2258 914 2292 mysterium
930 2258 1013 2290 perti-

230 2302 304 2329 nent,
317 2298 479 2326 celebranda
495 2306 646 2333 assumant,
668 2306 695 2328 et
713 2300 833 2336 Virginis
846 2302 1016 2330 demirentur

230 2341 300 2369 alius
321 2343 430 2377 quidem
452 2344 637 2378 prudentiam,
655 2346 725 2374 alius
743 2354 807 2373 vero
831 2347 1014 2381 obsequium;

229 2387 311 2418 alius,
326 2389 398 2422 quod
412 2389 561 2423 splendidis
579 2391 647 2418 adeo
663 2392 876 2427 iugentibusque
887 2392 1016 2427 fulgentis

228 2440 260 2460 ae
279 2435 370 2469 magni
410 2436 568 2471 archangeli
593 2437 826 2472 promissiouibus
856 2443 935 2473 capta
961 2446 1016 2466 non

227 2477 327 2512 fuerit;
347 2480 428 2523 alius,
444 2482 517 2516 quod
535 2490 588 2509 non
610 2483 670 2517 plus
689 2491 766 2518 atquo
791 2492 805 2511 ιι
828 2483 880 2512 fide
905 2488 1011 2519 tempe-

228 2525 313 2552 rando
328 2532 387 2553 sese
397 2527 558 2555 renitentem
578 2527 749 2562 exhibuerit;
768 2529 814 2556 sed
829 2529 940 2564 perinde
950 2534 977 2556 et
998 2537 1013 2556 a

227 2571 346 2598 seducta:
370 2572 572 2606 progenitricis,
598 2573 670 2607 Evm,
695 2575 817 2610 inquam,
847 2576 1012 2610 imprudenti

226 2615 412 2650 simplicitate,
430 2622 457 2644 et
481 2625 496 2644 a
514 2626 615 2652 nupera
633 2620 764 2647 increduli
780 2621 888 2655 cognati
906 2620 1013 2648 Zacha-

228 2661 274 2688 ria:
297 2662 445 2692 diffidentia
464 2665 576 2693 cavorit.
591 2669 626 2694 At
644 2667 711 2694 mihi
729 2667 801 2695 haud
818 2667 942 2694 n‘tirauda
963 2667 1015 2693 nii-

228 2715 279 2734 nus
288 2708 404 2743 (5),inio
418 2718 481 2737 vero
495 2711 577 2739 etiam
603 2713 724 2740 maximo
749 2721 805 2748 pra:
824 2714 936 2749 reliquis
965 2713 1015 2749 (si-

262 2779 362 2808 "Luc.
383 2789 404 2813 I,
423 2781 468 2808 55.
507 2782 610 2810 "Ibid.
632 2783 677 2810 56.
714 2784 738 2799 “
756 2783 822 2811 Ibid.
838 2784 882 2811 57.

262 2863 300 2901 (ᾗ)
327 2862 465 2891 Sententia
496 2873 562 2893 sane
592 2865 753 2900 dignissima
779 2870 921 2901 estquam
953 2873 1008 2899 prro

226 2899 314 2927 oculis
342 2905 481 2933 nunquam
501 2909 554 2928 nou
578 2899 678 2930 habeat
702 2902 828 2936 quisquis
850 2899 891 2929 'de
907 2905 1010 2929 sancta:

1068 2255 1115 2281 καὶ
1135 2254 1297 2289 οαυμαςέτω
1322 2255 1371 2289 τῆς
1388 2255 1484 2290 κόρης,
1498 2255 1512 2281 ὁ
1528 2255 1576 2290 μὲν
1593 2255 1643 2290 τὴν
1665 2256 1827 2288 ἀσφάλειαν,
1840 2257 1854 2282 ὁ

1065 2299 1094 2327 δὲ
1110 2299 1159 2334 τὴν
1173 2299 1328 2325 εὐπείθειαν
1345 2308 1353 2315 ·
1368 2300 1382 2326 ὁ
1401 2299 1460 2334 μὲν,
1476 2299 1516 2326 ὃτι
1537 2300 1574 2335 μὴ
1604 2301 1770 2335 συνηρπάγη
1783 2300 1854 2334 λαμ-

1066 2347 1148 2381 πραῖς
1162 2346 1232 2372 οὕτω
1251 2346 1299 2373 καὶ
1323 2346 1457 2380 μεγάλαις
1479 2346 1526 2372 καὶ
1547 2347 1623 2382 παρὰ
1649 2347 1777 2382 λαμπροῦ
1806 2347 1853 2373 καὶ

1067 2391 1186 2426 μεγάλου
1196 2392 1243 2418 τοῦ
1252 2392 1423 2426 ἀρχαγγέλου
1446 2393 1505 2424 ταῖς
1521 2392 1700 2427 ὑποσχέσεσιν
1714 2401 1720 2407 ·
1738 2393 1752 2419 ὁ
1771 2392 1794 2418 δ’
1810 2393 1851 2419 ὃτι

1068 2439 1106 2472 μὴ
1127 2439 1198 2472 πέρα
1221 2438 1269 2465 τοῦ
1296 2439 1407 2474 μετρίου
1438 2439 1592 2470 δυσπειθῶς
1624 2440 1760 2475 ἐχρήσατο
1793 2441 1853 2471 ταῖς

1067 2483 1276 2510 ὲναντιώτεσιν·
1296 2483 1353 2510 ἀλλ’
1379 2483 1477 2518 ἐπίσης
1504 2483 1621 2518 ἐξέφυγε
1643 2484 1692 2510 καὶ
1707 2485 1757 2518 τῆς
1782 2491 1853 2518 προ-

1063 2528 1175 2563 γονικῆς
1189 2529 1306 2563 ἀπάτης,
1322 2529 1370 2564 τῆς
1386 2528 1467 2562 Εὔας,
1483 2530 1564 2564 φημὶ,
1581 2529 1630 2565 τὴν
1647 2529 1787 2565 εὐήθειαν,
1807 2527 1855 2555 καὶ

1063 2576 1113 2609 τῆς
1130 2575 1293 2610 συγγενικῆς
1320 2575 1449 2607 ἀπιστίας
1466 2576 1512 2603 τοῦ
1532 2576 1668 2611 Ζαχαρίου
1681 2576 1735 2610 πρὸ
1756 2574 1855 2610 μικροῦ

1064 2622 1114 2656 τὴν
1127 2621 1279 2648 ἀπείθειαν.
1298 2622 1376 2657 Ἐμοὶ
1385 2622 1413 2648 δὲ
1427 2623 1474 2649 καὶ
1489 2623 1519 2649 τὸ
1531 2623 1597 2658 ὕψος
1613 2623 1662 2658 τῆς
1672 2631 1855 2657 ταπεινοφρο-

1066 2667 1148 2702 σύνης
1176 2667 1226 2701 οὺχ
1251 2664 1333 2703 ἦττον
1359 2667 1432 2695 δοκεί
1453 2669 1623 2703 θαυμαστὸν,
1640 2669 1698 2695 ἀλλ’
1722 2668 1803 2702 εἴπερ
1829 2675 1855 2693 τι

1065 2714 1119 2740 τῶν
1145 2713 1242 2746 ἄλλων,
1255 2714 1522 2750 ἐκπληκτικώτατον,
1537 2716 1572 2744 δι’
1599 2716 1632 2752 ἣν
1645 2715 1716 2751 τάχα
1735 2714 1783 2742 καὶ
1808 2713 1856 2739 ἐπὶ

1065 2863 1185 2898 Virginis
1201 2864 1388 2898 prterntzativis
1403 2865 1505 2897 absque
1518 2863 1619 2890 erroris
1644 2862 1764 2898 periculo
1779 2862 1851 2894 diju-

1063 2896 1155 2928 dieare
1170 2896 1257 2933 cupit.
1275 2899 1347 2927 Mira
1359 2900 1449 2928 omnia
1464 2896 1583 2931 fuerunt,
1600 2906 1658 2928 qua:
1685 2897 1719 2924 (ul
1737 2896 1856 2924 Mariam
