2092 3157
265 197 320 229 8‘29

656 198 784 228 SERMO
805 198 846 229 ΙΝ
865 198 916 228 SS.
939 198 1117 228 DEIPAR/E
1138 198 1498 230 ANNUNTIATIONEM.

1839 199 1891 230 830

263 252 390 280 τοσοῦτον
419 253 532 288 ὑψώθη,
557 253 603 279 καὶ
633 254 702 288 πρδς
729 254 881 289 ὑπουργίαν
909 255 1050 290 ἁφιερώθη

1104 256 1215 290 quidem
1243 256 1268 282 in
1294 255 1402 290 Virgine
1417 255 1489 282 aliud
1509 262 1564 289 prie
1588 253 1642 281 alio
1665 254 1818 282 mirandum
1845 261 1882 282 εει

263 299 317 326 τοῦ
335 298 576 331 ταπεινώσαντος
595 298 704 325 ἑαυτὸν
727 299 813 333 μέχρι
842 300 890 325 καὶ
914 299 1052 333 σώματος

263 343 313 371 καὶ
324 342 464 372 θανάτου.
483 343 614 370 θανάτου
631 343 666 369 δὲ
677 344 820 378 σταυροῦ.
837 345 870 371 Τί
885 345 938 380 γάρ
953 353 1052 379 φησιν;

263 389 344 416 Οὕτω
358 389 406 416 τοῦ
423 390 597 424 ἀρχαγγέλου
610 389 658 416 καὶ
674 390 824 425 σχημάτων
844 391 891 417 καὶ
918 391 1052 425 ῥημάτων

263 435 394 470 τυχοῦσα,
416 436 463 462 καὶ
487 436 694 471 κεχαριτωμένη
720 436 767 462 καὶ
791 436 885 471 νύμφη
910 437 1051 463 ἀκούσασα

262 481 310 508 τοῦ
336 480 416 514 Θεοῦ,
435 481 482 508 καὶ
506 482 561 512 τοῖς
580 481 736 516 λεγομένοις
760 482 940 515 πιστεύσασα,
954 482 1052 517 δούλην

262 525 363 560 ἑαυτὴν
388 526 463 561 ὅμως
475 526 553 553 καλεῖ
570 535 577 542 ·
606 527 653 552 καὶ
675 527 724 561 τὴν
752 526 920 560 ἐπαγγελίαν
942 527 1050 562 δέχεται

264 571 315 606 μὲν
338 572 386 598 καὶ
406 571 646 605 συγκατατίθεται,
668 571 706 603 ὡς
735 573 763 598 δὲ
787 573 826 607 μὴ
851 574 911 599 κατ’
940 573 1046 607 αὐτὴν,

263 617 332 644 ἀλλὰ
351 617 494 652 κρείττονα
524 618 571 644 καὶ
603 618 766 653 προσδοκίας
783 618 877 650 οὖσαν,
894 619 1049 654 ἐπεύχεται.

269 661 347 689 Ἰδοὺ
372 663 391 697 ἠ
421 662 516 696 δούλη
549 664 669 697 Κυρίου,
705 664 821 699 γένοιτό
845 673 896 699 μοι
913 665 989 692 κατὰ
1016 665 1050 692 τὸ

258 707 344 742 ,ῥῆμά
371 715 441 735 σου.
468 709 562 735 Ταῦτά
588 718 630 736 τοι
658 710 782 741 κάκεῖνος
822 710 943 746 ἀπῆλθεν
969 711 1051 743 εὐθὺς

262 754 311 781 ἀπ’
337 754 423 790 αὐτῆς
449 756 463 781 ὁ
490 755 615 789 ἄγγελος,
638 754 680 791 [οὐ
710 755 789 790 μόνον
806 756 961 792 ἀπαρτίσας
982 756 1050 791 ὅπερ

261 798 390 826 ἐϐούλετο
407 820 415 832 ,
447 799 515 826 ἀλλὰ
552 800 601 827 καὶ
624 800 840 836 ὑπερθαυμάσας
868 800 915 828 τοῦ
948 801 1050 836 παρθε-

265 843 341 870 νικοῦ
364 844 479 876 κάλλους
503 844 553 880 τὴν
589 845 758 881 ὡραιότητα,
784 845 832 872 καὶ
867 846 918 880 τῆς
949 846 1050 882 ἀρετῆς

262 889 314 926 τὴν
334 889 490 926 ὑπερϐολὴν
505 910 513 923 ,
545 891 593 918 καὶ
622 891 705 926 μηδὲν
730 891 777 918 ἐπὶ
802 891 883 917 πλέον
905 891 1049 927 βασανίσαι

1106 306 1217 336 stupore
1231 302 1311 336 digna
1326 302 1434 328 videtur
1449 301 1610 328 humilitatis
1621 300 1805 335 profunditas.
1822 309 1886 335 pro-

1105 352 1164 382 pter
1175 354 1255 382 quam
1281 352 1308 374 et
1329 347 1361 374 ad
1380 347 1524 374 sublimem
1540 346 1608 373 adeo
1623 346 1794 373 altitudinem
1813 346 1891 374 facile

1104 397 1196 420 evecta
1208 397 1262 424 est,
1276 396 1302 419 et
1315 396 1423 420 sacrata
1439 392 1571 419 divinitus
1583 392 1634 418 fuit
1648 392 1790 418 tremendo
1817 392 1890 419 illius

1104 437 1277 470 ministerio,
1308 438 1355 472 qui
1382 437 1530 463 humiliavit
1557 437 1724 470 scmeptisunt
1749 445 1830 472 usque
1853 438 1887 462 ad

1104 483 1321 518 (assumendum)
1334 490 1445 517 corpus.
1457 487 1484 510 et
1493 483 1526 509 ad
1537 487 1659 511 atortem.
1677 487 1787 509 mortem
1801 487 1889 509 autem

1103 530 1189 557 crucis
1206 530 1240 556 “.
1257 529 1327 562 Quid
1352 529 1424 555 enim
1451 529 1510 563 ipsa
1533 527 1802 563 fatur?Archangeli
1832 533 1888 555 tum

1103 576 1232 609 adspectu
1248 579 1305 601 tum
1328 573 1449 608 alloquio
1477 573 1510 600 ad
1542 574 1615 601 hunc
1641 573 1751 601 modum
1768 574 1889 608 dignata,

1102 625 1129 648 et
1159 626 1217 647 tum
1235 620 1322 655 gratia
1338 619 1416 654 plena
1432 624 1489 646 tum
1503 619 1551 646 Dei
1569 626 1668 653 sponsa
1682 620 1824 654 appellata,
1839 627 1888 654 pro

1101 666 1253 693 verissimis
1270 665 1383 700 insuper
1397 664 1452 696 illa,
1466 672 1528 699 qua
1546 665 1719 696 dicebantur,
1736 665 1816 698 plane
1836 665 1886 691 ha-

1102 711 1180 743 bens,
1194 710 1319 737 ancillam
1331 715 1420 737 tamen
1437 710 1611 743 semetipsam
1626 714 1722 742 vocat;
1737 710 1816 742 etiis,
1827 718 1888 744 quae

1102 757 1152 784 sibi
1168 761 1370 791 proponuntur.
1387 756 1537 790 acquiescit
1555 755 1600 782 illa
1628 755 1750 789 quidem,
1766 760 1793 782 et
1820 763 1887 782 con-

1101 808 1210 828 sensum
1229 800 1347 835 praebet;
1361 805 1450 827 tamen
1463 800 1545 827 veluti
1564 808 1626 834 quae
1641 800 1746 827 meritis
1760 800 1818 827 suis
1833 800 1888 826 cel-

1101 846 1174 873 siora
1195 845 1260 878 sint,
1281 845 1328 872 sed
1349 849 1376 872 ct
1402 850 1499 879 praeter
1522 852 1632 871 omnem
1656 845 1887 879 exspectationem

1101 892 1177 924 fiant,
1200 891 1232 918 ad
1267 899 1298 916 ea
1326 898 1400 917 mere
1432 890 1550 917 oﬂicium
1580 889 1687 916 famulas
1717 890 1885 924 pollicetur:

261 933 390 970 θελήσας,
413 935 481 961 ἀλλὰ
506 935 556 970 τὴν
574 935 722 970 ὁμολογίαν
752 935 801 973 τῆς
832 935 950 967 πίστεως
977 930 1068 962 ἐκεί-1

1102 936 1168 963 Ecce
1187 935 1287 965 ancilla
1312 935 1430 966 Domini.
1450 936 1497 970 ﬁat
1520 935 1583 962 mihi
1608 935 1749 962 secundum
1780 935 1887 963 verbum

259 987 311 1015 νης
326 979 485 1015 δεξάμενος.

1107 987 1180 1009 luunt
1195 983 1229 1009 “.
1247 981 1293 1009 Sic
1308 982 1368 1018 ipsa
1396 981 1524 1016 quidem;
1542 986 1570 1008 et
1586 981 1677 1007 statim
1697 981 1826 1008 discessit
1851 980 1886 1007 ab

259 1033 290 1053 ea
299 1026 411 1061 angelus
424 1034 477 1053 non
487 1026 574 1054 solum
592 1033 713 1059 munere,
732 1027 804 1062 quod
821 1027 870 1054 sibi
893 1027 968 1055 cordi
997 1032 1065 1060 erat,
1085 1029 1201 1056 feliciter
1217 1028 1387 1063 perfunctus,
1407 1028 1454 1056 sed
1471 1028 1584 1062 insuper
1608 1032 1719 1062 stupore
1741 1027 1886 1062 perculsus

261 1078 317 1105 pra!
347 1072 476 1107 virgineae
503 1072 716 1106 pulchritudinis
742 1078 895 1106 venustate,
922 1081 1032 1108 pricque
1058 1073 1166 1100 virtutis
1188 1074 1348 1105 eminentia,
1377 1073 1502 1107 nihilque
1529 1072 1645 1100 ulterith
1667 1072 1780 1104 habens,
1809 1071 1883 1106 quod

260 1117 456 1151 sciscitaretur,
474 1118 520 1145 sed
530 1118 586 1153 jam
605 1126 734 1146 assensus
753 1117 825 1145 illius
838 1118 1037 1146 confessionem
1053 1126 1207 1147 assecutus.

295 1164 340 1190 κ’.
366 1163 493 1198 Εῠδρομά
512 1172 557 1198 μοι
572 1163 606 1190 τὰ
620 1163 701 1198 μέχρι
719 1163 821 1190 τούτων
831 1171 837 1178 ·
852 1164 886 1189 τὰ
917 1164 939 1190 δ’
953 1164 1046 1190 ὲντεῦ-

260 1208 308 1236 θεν
322 1207 441 1243 εῠστομα
456 1208 568 1240 κείσθω,
600 1208 637 1240 ὡς
655 1209 704 1234 οὐκ
720 1209 827 1244 ἄρρητα
859 1209 951 1243 μόνον,
978 1209 1046 1235 ἀλλὰ

261 1255 309 1281 καὶ
323 1254 441 1289 ᾶληπτα,
458 1255 504 1281 καὶ
515 1254 604 1290 χρόνῳ
618 1254 708 1289 μόνον,
733 1254 790 1281 ἀλλ’
803 1255 864 1290 οὐχὶ
880 1256 928 1282 καὶ
953 1256 1046 1290 τρόπῳ

259 1301 308 1333 τῆς
321 1297 377 1328 ἄνω
394 1301 442 1327 καὶ
455 1300 566 1336 πρώτης
583 1301 736 1335 γεννήσεως
751 1300 767 1336 ἢ
790 1301 872 1336 μόνης
887 1301 1046 1336 λειπόμενα.

260 1346 315 1374 Καὶ
329 1346 400 1382 τάχα
412 1346 507 1381 ὥσπερ
523 1346 620 1382 ἀνδρὸς
633 1347 777 1382 ἄχραντον,
803 1346 874 1373 οὕτω
901 1347 948 1373 καὶ
960 1347 1046 1381 λόγων

260 1392 421 1427 ἁμέθεκτον,
438 1393 451 1419 ὁ
466 1392 573 1427 τεχθεὶς
585 1393 670 1428 Λόγος
679 1392 727 1428 τὴν
737 1392 866 1426 σύλληψιν
875 1392 1044 1426 διεφύλαξεν,

261 1437 381 1473 ἄσπορον
396 1437 446 1472 μὲν
463 1438 641 1474 πιστευθῆναι
655 1437 782 1473 θελήσας,
809 1437 912 1472 ἄπορον
936 1438 964 1464 δὲ
980 1438 1045 1464 ταύ-

259 1490 309 1517 την
319 1481 523 1517 ὲρμηνευθῆναι
539 1482 718 1517 διατηρήσας.
745 1481 847 1508 Ἐκεῖνο
861 1481 884 1508 δ’
907 1481 956 1507 οὐκ
978 1482 1045 1509 ἄπο-

259 1535 317 1561 ρον,
331 1527 400 1554 ἀλλά
416 1528 464 1553 καὶ
479 1527 540 1554 λίαν
552 1527 668 1563 εΰπορον
683 1527 730 1554 καὶ
744 1527 793 1562 τῆς
808 1527 955 1562 ἀμερίστου
967 1528 1046 1563 Τριά-

256 1573 301 1605 δος
314 1573 461 1608 ἀμέριστον
474 1583 480 1589 -
495 1573 532 1605 ὡς
545 1574 586 1600 ὅτι
602 1574 750 1608 σαρκοῠται
769 1574 828 1608 μὲν,
844 1574 892 1599 οὐκ
907 1573 985 1605 ἄλλος
1003 1583 1044 1606 τις

257 1619 307 1652 τῆς
318 1618 441 1653 Τριάδος,
452 1618 509 1645 ἀλλ’
518 1619 532 1645 ὁ
540 1619 613 1651 Υεὸς,
624 1619 667 1645 ἵνα.
679 1619 726 1645 καί
738 1618 818 1645 πάλιν
826 1619 864 1651 ὡς
874 1620 937 1651 Υῑὸς
949 1619 1040 1656 μείνῃ,

259 1664 297 1698 μὴ
322 1663 535 1699 μετατιθεμένης
555 1665 605 1700 τῆς
625 1664 773 1699 ἱδιότητος”
789 1665 805 1700 ἢ
823 1665 869 1691 καὶ
891 1665 973 1692 πάλιν
986 1667 1038 1701 Δη-

259 1709 399 1743 μιουργὸς,
416 1710 540 1745 καθάπερ
554 1711 651 1742 κτίσας
666 1710 695 1736 τὸ
726 1710 867 1746 πρότερον,
899 1711 970 1737 οὕτω
996 1712 1043 1738 καὶ

258 1755 435 1787 ἁνακαινίσας
447 1756 477 1782 τὸ
488 1755 614 1791 δεύτερον
627 1765 634 1772 ·
649 1756 717 1784 ἀλλὰ
731 1757 779 1783 καὶ
789 1757 841 1783 υἱοὶ
852 1756 996 1792 γενώμεθα
1008 1757 1043 1784 δι’

259 1800 338 1833 Υίοῦ,
355 1801 401 1827 διὰ
419 1801 465 1840 τοῦ
492 1801 582 1836 φύσει,
606 1802 680 1828 θέσει
702 1802 964 1837 προσοικειούμενοι,
995 1804 1042 1830 καὶ

257 1846 291 1872 δι’
314 1847 397 1875 αὑτοῦ
426 1848 472 1875 τοῦ
502 1848 670 1884 κληρονόμου
696 1849 765 1884 πρὸς
789 1847 838 1883 τὴν
858 1849 1043 1884 συγκληρονο-

259 1891 324 1925 μίαν
335 1893 584 1928 παρακαλούμενοι.
692 1902 708 1916 ε

1130 1164 1190 1192 XX.
1209 1165 1291 1193 Plana
1308 1165 1374 1191 mihi
1395 1164 1550 1199 hucusque
1568 1164 1680 1195 omnia;
1697 1167 1724 1190 at
1740 1171 1801 1197 quae
1818 1163 1881 1190 dein

1095 1213 1257 1244 succedunt.
1290 1213 1399 1241 silentio
1423 1216 1533 1247 praestat
1563 1211 1761 1241 transmittere,
1780 1210 1882 1244 quippe

1096 1268 1157 1295 qua:
1170 1267 1223 1287 non
1239 1259 1322 1287 modo
1336 1259 1428 1287 verbis
1443 1259 1598 1286 nullatenus
1612 1257 1746 1289 enarrari,
1768 1258 1815 1284 sed
1849 1265 1884 1284 ne

1096 1305 1264 1341 cogitatione
1279 1305 1390 1340 quidem
1402 1305 1498 1340 attingi
1511 1304 1628 1339 possint.
1658 1311 1774 1338 quicque
1789 1311 1804 1329 a
1826 1310 1882 1330 cae-

1099 1351 1161 1379 lesti
1176 1351 1221 1378 illa
1239 1358 1271 1378 ac
1286 1351 1386 1386 prima,
1407 1351 1530 1386 alioquin
1543 1349 1774 1383 singularissima,
1802 1356 1884 1383 gene-

1098 1396 1214 1429 ratione,
1230 1396 1282 1423 etsi
1297 1396 1403 1423 ratione
1416 1396 1547 1431 temporis
1570 1394 1709 1425 deficiant.
1728 1399 1756 1422 at
1768 1402 1821 1421 non
1836 1395 1884 1421 de-

1096 1441 1190 1469 ficiunt
1205 1442 1311 1469 ratione
1326 1441 1412 1469 modi.
1438 1441 1480 1474 Et,
1499 1445 1528 1468 ut
1544 1441 1622 1468 facile
1643 1444 1728 1475 patet,
1750 1439 1882 1472 Verbum,

1095 1487 1170 1514 nasci
1188 1487 1327 1521 dignatus,
1339 1486 1545 1520 conceptionem
1559 1493 1636 1514 suam
1650 1485 1881 1520 quemadmodum

1095 1539 1110 1559 a
1128 1532 1177 1559 viri
1191 1540 1273 1566 opera
1300 1539 1409 1566 puram,
1431 1529 1467 1558 ita
1493 1531 1750 1559 ratiocinationibus
1779 1531 1882 1565 imper-

1096 1579 1166 1605 viam
1180 1579 1339 1611 custodivit,
1360 1579 1455 1606 volens
1478 1576 1585 1613 tientpe,
1603 1582 1632 1605 ut
1646 1577 1745 1605 fartam
1763 1577 1822 1603 sine
1836 1584 1880 1603 se-
1925 1609 1929 1616 ι

1097 1625 1169 1651 mine
1185 1623 1251 1651 fides
1270 1631 1330 1651 eam
1349 1624 1482 1655 crederet,
1499 1627 1526 1651 et
1541 1624 1664 1651 eamdem
1684 1623 1758 1649 omni
1771 1621 1884 1649 investi-

1099 1669 1203 1703 gationi
1233 1677 1347 1697 servans
1374 1669 1556 1697 inaccessam.
1597 1669 1665 1696 Illud
1690 1673 1780 1696 tamen
1810 1667 1882 1694 haud

1096 1720 1177 1750 captu
1197 1715 1316 1748 diﬁicile,
1334 1715 1459 1750 quinimo
1483 1714 1563 1742 facile
1587 1721 1630 1742 est
1653 1719 1680 1742 et
1699 1714 1821 1745 obvium,
1840 1716 1883 1740 at-

1096 1769 1150 1796 que
1164 1761 1312 1788 individua:
1325 1760 1450 1788 Trinitati
1464 1768 1576 1795 prorsus
1591 1759 1749 1788 necessario
1781 1765 1882 1786 conve-

1098 1806 1190 1836 niens.
1204 1806 1277 1841 qttod
1294 1813 1348 1833 non
1361 1807 1415 1833 alia
1435 1807 1569 1841 quaepiam
1594 1805 1739 1833 Trinitatis
1753 1811 1880 1839 persona.

1100 1853 1147 1881 sed
1160 1852 1247 1880 Filius
1267 1860 1377 1880 carnem
1398 1853 1505 1884 induat,
1518 1856 1584 1879 utet
1595 1852 1695 1883 denuo,
1711 1858 1763 1877 non
1780 1854 1882 1876 mutata

1092 1897 1230 1932 personali
1260 1897 1438 1932 proprietate,
1468 1902 1598 1932 tanquam
1616 1896 1702 1923 Filius
1730 1895 1879 1930 persistat;

257 1939 299 1966 vel
319 1940 401 1967 ctiam
419 1945 448 1967 ut
461 1945 566 1967 natura:
580 1940 682 1968 Artifex
710 1941 941 1976 quemadmodum
964 1943 1038 1978 prius
1054 1945 1168 1977 creavit,
1200 1944 1236 1970 ita
1255 1952 1328 1971 nunc
1364 1945 1502 1978 opillcium
1534 1951 1615 1970 suum
1652 1943 1772 1970 secundo
1799 1949 1881 1968 reno-

257 1991 318 2019 vet;
335 1985 400 2021 quin
421 1986 504 2014 etiam
521 1991 551 2013 ut
566 1986 612 2013 filii
630 1994 678 2021 per
698 1986 796 2014 Filium
813 1987 972 2022 efﬁciamur,
991 1997 1038 2024 per
1050 1997 1112 2016 eum
1133 1990 1274 2022 nimirum,
1291 1990 1337 2024 qui
1357 1989 1443 2017 Filius
1465 1994 1506 2016 est
1521 1995 1631 2021 natura,
1646 1988 1834 2015 adsciscamur
1853 1987 1882 2014 in

257 2031 329 2059 filios
346 2032 511 2066 adoptionis.
528 2038 629 2067 perque
662 2039 736 2065 eum,
753 2033 800 2067 qui
816 2032 904 2061 haeres
917 2038 961 2061 est
985 2035 1131 2070 naturalis,
1145 2036 1171 2062 in
1187 2035 1410 2062 communionem
1432 2034 1601 2062 btereditatis
1616 2040 1760 2060 vocemur.

293 2079 348 2105 Καὶ
359 2079 400 2105 ὅτι
416 2078 523 2105 ἑνοῦται
539 2077 588 2112 μὲν
601 2079 633 2113 τῇ
645 2078 726 2112 σαρκὶ
739 2078 814 2106 πᾶσα
828 2079 875 2105 καὶ
888 2079 1000 2111 τελείως
1027 2081 1044 2116 ἠ

258 2124 365 2159 θεότης,
383 2123 537 2156 οὐσιωδῶςο
559 2124 640 2160 μόνος
650 2123 679 2150 δὲ
705 2125 719 2151 ὁ
732 2124 805 2157 Υἱὸς,
834 2124 1023 2158 ὑποπατικῶς
1034 2134 1043 2142 ο

258 2170 337 2204 εἰπερ
350 2171 396 2196 καὶ
408 2169 506 2201 ὑλικῶς
535 2169 584 2205 μὲν
603 2170 669 2205 ἡμῖν
686 2170 703 2205 ἡ
717 2169 813 2204 θεότης
832 2170 861 2196 ὲν
877 2171 915 2206 τῷ
943 2172 1041 2207 napi,

257 2215 355 2247 ὁλικῶς
367 2215 395 2242 δὲ
419 2216 457 2251 τῷ
478 2215 545 2250 Υίῷ,
570 2215 669 2246 ὑλικῶς
684 2215 712 2241 δὲ
740 2216 788 2241 καὶ
806 2215 844 2251 τῷ
858 2217 928 2251 ἁγίῳ
951 2217 1040 2244 Πνεύι

260 2270 341 2297 ματι·
357 2262 405 2289 καὶ
418 2261 504 2293 οὕτως
520 2261 568 2297 ὅλη
586 2262 635 2296 μὲν
651 2262 667 2296 ἡ
680 2261 729 2309 τῇς
742 2261 869 2296 θεότητος
884 2261 965 2295 φύσις
991 2263 1040 2298 ὅλῃ
1057 2282 1078 2309 D

258 2310 291 2345 τῇ
318 2308 475 2344 ἀνθρωπίνῃ
509 2307 641 2343 κραθεῖσα
671 2306 765 2342 φύσει,
789 2307 835 2333 τὸν
865 2306 1040 2342 θεάνθρωπον

258 2355 432 2382 ἀπετέλεσεν.
461 2354 497 2381 Οὐ
521 2354 574 2390 μὴν
610 2354 705 2388 ὥσπερ
739 2353 788 2389 ὅλῃ
813 2355 846 2389 τῇ
878 2354 958 2387 φύσει
985 2355 1035 2389 τὴν

260 2401 342 2436 φύσιν
369 2401 444 2436 ὅλην,
459 2400 529 2427 οὓτω
553 2401 600 2427 καὶ
620 2400 669 2432 τὰς
694 2399 856 2430 ὑποστάσεις
881 2399 944 2432 ὅλας
968 2400 1043 2432 ὅλαις

259 2448 318 2479 ταῖς
330 2447 514 2483 ἀνθρωπίναις
528 2446 662 2481 ἔνωθῆναι
675 2446 765 2480 λέγειν
779 2445 1017 2481 ὲκδιασθησόμεθα
1029 2454 1036 2461 ·

260 2493 367 2528 ἄπαγεί
387 2493 448 2520 οὐδὲ
477 2492 724 2528 διανοηθησόμεθα.
745 2491 815 2518 Ἀλλ’
840 2492 904 2528 ὃλην
931 2491 982 2525 μὲν
995 2491 1043 2528 ὅλῃ

259 2540 293 2576 τῇ
326 2539 518 2574 ἀνθρωπότητι
559 2539 609 2575 τὴν
646 2539 780 2573 θεότητα,
812 2538 850 2569 ὡς
886 2539 956 2574 πρὸς
992 2538 1042 2570 τὰς

260 2585 365 2619 φύσεις,
394 2585 473 2621 μόνον
499 2585 526 2612 δὲ
552 2585 597 2612 τὸν
613 2585 677 2611 Υίδν
693 2585 760 2620 μόνῃ
779 2585 811 2619 τῇ
827 2584 874 2611 τοῦ
899 2584 964 2611 Υἱοῦ
992 2593 1040 2611 κε-

260 2630 379 2666 κρᾶσθαι
401 2632 492 2668 σαρκὶ,
516 2630 554 2662 ὡς
580 2630 646 2666 πρὸς
666 2631 714 2661 τὰς
730 2630 891 2662 ὑποστάσεις
906 2630 1040 2666 ὁμολογή-

297 2708 320 2724 ¹⁸
331 2707 431 2743 Philip.
446 2717 477 2740 ll,
490 2708 518 2736 8.
554 2708 577 2724 ’⁸
593 2708 660 2735 Luc.
675 2715 694 2740 ι,
707 2708 752 2734 58.

261 2798 441 2832 perlitteut,ac
456 2797 524 2823 mira
539 2797 614 2828 adeo,
631 2800 661 2832 ut
671 2795 734 2830 jure
745 2796 859 2828 nescias,
869 2797 932 2831 quid
941 2801 1045 2831 stupere

261 2833 289 2858 t'u
310 2833 368 2866 ipsa
392 2832 475 2866 "mgis
503 2831 606 2858 debeas.
622 2831 656 2857 At
671 2838 734 2857 vero
761 2832 895 2864 patitnrne
913 2831 969 2858 liter.
993 2832 1044 2858 sibi

262 2873 393 2901 perpetuo
411 2870 541 2892 antistans
560 2866 754 2892 miraculorum
771 2866 866 2896 series,
885 2871 913 2893 ιιι
925 2867 950 2892 in
976 2867 1043 2900 ipsis

261 2902 384 2936 ejusdem
398 2901 482 2928 initiis
489 2901 627 2928 communi
645 2904 803 2929 cmtcrorum
818 2901 918 2929 misero
928 2910 1004 2936 atque
1018 2907 1044 2930 ct

1131 2081 1198 2108 illud
1214 2085 1344 2116 praeterea
1374 2080 1544 2114 exploratum
1569 2083 1623 2111 est,
1657 2083 1741 2105 lotam
1771 2077 1880 2112 quidem

1093 2126 1264 2154 divinitatem
1293 2125 1411 2159 perfecte
1428 2132 1460 2152 ac
1475 2123 1703 2155 suhSIantialiter,
1721 2123 1807 2149 solum
1837 2126 1879 2149 ta-

1092 2179 1153 2198 men
1166 2170 1264 2198 Filium
1278 2170 1460 2206 ltyposlatice,
1475 2169 1550 2197 carui
1566 2168 1708 2204 conjungi.
1724 2168 1876 2202 Siquidem,

1091 2221 1121 2244 ut
1146 2217 1197 2244 fide
1228 2221 1362 2248 tenemus,
1390 2216 1520 2243 divinitas
1550 2219 1591 2242 est
1620 2214 1723 2249 integra
1749 2213 1881 2244 iuPatre.

1092 2262 1196 2296 integra
1225 2261 1252 2288 in
1279 2261 1359 2293 Filio,
1380 2261 1484 2295 integra
1518 2265 1545 2288 et
1569 2259 1597 2286 in
1626 2258 1731 2294 Spiritu
1761 2263 1879 2290 sancto;

1092 2311 1120 2334 et
1135 2307 1176 2334 sic
1192 2306 1316 2341 profecto
1332 2310 1387 2333 tota
1402 2312 1498 2332 natura
1511 2305 1673 2336 divinitatis,
1694 2304 1743 2332 toti
1756 2305 1882 2331 humanae

1093 2353 1238 2388 conjuncta
1255 2357 1371 2385 natum,
1385 2351 1534 2387 perfectum
1551 2351 1636 2378 Deum
1658 2350 1797 2377 imminent
1812 2357 1882 2377 con-

1093 2399 1192 2428 stituit.
1206 2397 1299 2433 Neque
1312 2403 1401 2425 tamen
1427 2405 1461 2425 eo
1476 2398 1645 2425 adducemur
1663 2401 1694 2423 ut
1711 2400 1814 2423 temere
1839 2396 1880 2421 di-

1093 2453 1198 2477 camus,
1211 2445 1440 2480 quemadmodum
1457 2449 1541 2471 totam
1559 2449 1685 2471 naturam
1700 2447 1805 2470 naturae
1821 2441 1882 2474 toti,

1094 2492 1135 2520 sic
1148 2492 1229 2519 etiam
1251 2498 1382 2526 personas
1395 2498 1490 2518 omnes
1515 2489 1643 2524 (divinas)
1674 2488 1804 2515 humanis
1820 2495 1882 2514 omn

1096 2538 1178 2566 nibus
1193 2538 1284 2565 unitas
1296 2537 1392 2564 fuisse.
1422 2537 1511 2569 Absit,
1533 2543 1565 2563 ac
1582 2544 1615 2562 ne
1643 2533 1738 2561 leviter
1771 2532 1882 2567 quidem

1097 2584 1123 2611 id
1136 2589 1253 2611 mentem
1272 2583 1378 2610 subeat.
1403 2583 1455 2610 Sed
1472 2582 1660 2617 proﬁteantur,
1684 2580 1815 2613 integram
1833 2578 1883 2604 ltu-

1099 2629 1342 2664 mauitatiintegra:
1356 2629 1538 2661 divinitatem,
1565 2626 1655 2662 quoad
1682 2629 1796 2652 naturas
1819 2623 1882 2658 qui-

1093 2794 1285 2834 g‘hjectissimo
1298 2794 1492 2834 fato_ol_tvoluta
1512 2791 1604 2834 dilvina
1623 2790 1718 2834 _\'_ir<,_:o.
1735 2791 1881 2834 appareat?

1493 2835 1526 2865 an
1537 2818 1646 2865 ’ali_quid
1662 2818 1697 2853 sit
1713 2826 1738 2853 in
1753 2818 1877 2865 Virgine,

1093 2867 1165 2899 quod
1186 2873 1240 2900 prre
1259 2866 1319 2892 aliis
1338 2862 1524 2900 prtet'ogativis
1548 2862 1639 2888 minus
1653 2862 1817 2897 stupendum
1840 2862 1880 2889 vis

1094 2902 1151 2929 deri
1179 2900 1283 2936 possit?
