2092 3157
194 194 244 226 831

809 195 971 226 JOANNIS
992 195 1209 226 GEOMETRJE

1761 189 1815 221 832

194 250 256 276 dem
271 248 378 282 attinet,
393 250 497 278 unitam
519 257 579 278 csse
593 256 601 275 τ
619 249 709 283 quoad
722 249 884 284 hypnstases
899 257 973 281 vero,

1036 258 1128 284 ιωμεν.
1143 249 1181 276 Οὐ
1212 249 1266 283 μὴν
1280 248 1342 274 οὐδὲ
1365 247 1446 274 πάλιν
1473 246 1568 282 ὥσπερ
1581 245 1770 277 ὐΜστατικῶς
1799 246 1813 272 ὁ

194 296 283 322 solum
299 295 396 323 Filiqu
411 297 462 323 soli
491 296 589 322 suimet
603 295 690 329 ipsius
704 295 779 322 carni
798 296 975 330 coniunctum

195 341 290 368 fuisse.
304 342 338 368 At
349 349 444 368 rursus
464 347 518 367 non
535 340 606 367 sicut
622 340 792 374 hyposlatice
803 347 913 367 carnem
931 347 977 368 as-

195 387 279 413 sumit
294 386 368 413 solus
390 385 486 417 Filius,
503 385 540 412 ita
556 385 638 412 etiam
653 386 680 412 in
695 385 836 413 etlicienda
850 393 978 420 assump-

195 433 270 459 tione
287 432 342 466 agit
355 431 412 465 ipse
433 431 519 463 solus.
541 431 587 458 sed
604 436 632 458 et
643 439 705 459 etim
729 431 900 466 beneplacito
925 432 977 458 Pa-

196 477 255 509 tris,
267 481 294 503 et
313 476 506 511 cooperatione
518 476 656 511 Spiritus;
681 482 708 504 et
732 477 773 504 sic
790 477 856 504 mihi
880 484 978 504 rursus

195 522 221 548 in
238 529 287 548 sua
302 521 404 548 unitate
420 521 540 549 Trinitas
555 522 733 556 dignoscitur,
752 527 780 549 et
801 530 872 549 unus
903 522 978 550 exsi-

194 572 268 593 stens
284 566 366 598 Deus,
383 574 435 593 non
459 567 579 600 divisim,
592 568 637 595 sed
655 567 821 599 eonjunctim
838 571 976 602 operatur.

231 610 300 638 XXI.
316 610 530 638 Praelereainter
554 619 596 644 ea,
617 620 678 646 qua:
695 612 765 639 scitu
791 612 907 638 maxime
933 619 980 638 nev

194 657 314 684 messoria
343 661 417 689 sunt,
457 664 489 684 ac
519 657 643 692 mystcrii
679 657 877 684 incarnationis
900 657 980 692 quasi

195 710 330 728 summanr
366 702 562 734 constituunt,
589 702 655 729 illttd
684 703 765 730 etiam
793 703 978 737 reponendum

195 755 305 778 censeo,
320 755 353 774 ne
372 748 516 774 minimum
531 748 642 782 quidem
663 748 792 780 temporis
819 749 896 783 prius
918 755 980 775 car-

196 800 257 819 nem
269 800 315 819 seu
330 793 466 820 hominem
477 794 628 826 exstitisse,
647 799 742 828 postea
756 802 819 822 vero
837 794 882 821 Dei
897 794 978 821 Verbi

196 846 305 865 carnem
317 847 366 866 seu
377 839 460 866 etiam
476 840 612 867 hominem
627 840 758 872 evasisse,
774 840 843 867 adeo
859 845 889 866 ut
914 840 979 866 dum

197 884 247 910 liae
263 884 369 912 ratione
394 885 624 919 pracxsislentem
640 890 784 920 utramque
808 887 909 920 pariter
930 893 981 911 na-

1028 295 1091 327 Υιὺς
1110 296 1199 330 μόνος,
1230 294 1301 321 οὕτω
1319 294 1365 320 καὶ
1381 293 1576 328 ἐνεργητικῶς,
1607 291 1666 318 ἀλλ’
1698 291 1810 326 εὐδοκία

1029 341 1079 376 μὲν
1094 341 1141 367 τοῦ
1166 340 1283 375 Πατρδς,
1308 338 1438 374 συνεργίᾳ.
1458 338 1487 364 δὲ
1510 337 1557 364 τοῦ
1588 337 1746 371 Πνεύματος
1762 337 1813 371 τὴν

1028 384 1180 419 πρόσληψιν
1194 384 1391 419 ἀπεργάζεται,
1401 383 1449 409 καὶ
1459 382 1530 409 οὓτω
1544 391 1588 416 μοι
1602 382 1684 408 πάλιν
1694 382 1711 417 ἡ
1727 381 1812 416 Τριὰς

1028 428 1160 463 ἑνουμένη
1176 427 1348 463 γνωρίζεται,
1366 427 1414 454 καὶ
1426 426 1440 453 ὁ
1454 423 1493 458 εἷς
1510 426 1577 458 Θεὸς
1588 425 1653 461 πρὶν
1667 425 1808 460 διαιρεθῆ-

1028 483 1073 502 ναι
1086 474 1244 508 συνάγεται.

1068 604 1132 631 ΚΛ’.
1155 604 1272 631 Κόικείνο
1305 603 1332 629 δὲ
1361 603 1414 629 τῶν
1451 602 1674 636 ἀναγκαιοτάτων
1705 601 1815 634 εἰδέναι,

1028 652 1069 678 ὅτι
1085 651 1133 676 καὶ
1152 650 1205 676 τῶν
1224 650 1272 684 τῆς
1289 649 1442 683 οἰκονομίας
1456 649 1546 683 οἴομαι
1566 649 1816 681 συνεκτικωτάτων,

1029 699 1069 724 ὅτι
1085 697 1145 732 μηδ’
1165 697 1227 723 ὅσον
1258 696 1306 723 οὖν
1331 695 1440 730 πρῶτον
1455 695 1533 730 σὰρξ,
1561 694 1629 730 μηδὲ
1661 694 1816 729 ἄνθρωπος,

1031 742 1089 770 εἶτα
1105 742 1174 769 Θεοῦ
1202 742 1291 776 Λόγου
1321 740 1390 777 σὰρξ
1409 741 1426 776 ἧ
1442 742 1490 768 καὶ
1506 741 1661 776 ἄνθρωπος,
1677 740 1722 767 ἱνα
1747 740 1818 767 οὕτω

1032 788 1241 824 προῦποστάσας
1256 788 1303 814 καὶ
1315 787 1399 822 ἄμφω
1410 787 1459 819 τὰς
1475 786 1569 820 φύσεις
1585 786 1817 821 ὁμολογήσαντες,

1031 835 1070 865 εἰς
1083 834 1180 870 διπλῆν
1195 833 1402 868 κατενεχθῶμεν
1419 833 1569 859 ὑπόστασιν
1591 833 1624 859 ὲκ
1645 832 1696 866 τῆς
1720 832 1819 866 διπλῆς

1031 880 1079 906 καὶ
1096 879 1150 914 ἰδίᾳ
1167 878 1377 913 προῦποστάσης
1392 877 1514 913 ἑκατέρῳ
1539 877 1662 911 φύσεως·
1683 877 1745 904 ἀλλ’
1761 877 1820 909 ἅμα

198 934 284 955 turam
301 930 471 964 prolitemur,
487 938 520 958 cx
539 931 638 965 duplici
653 935 680 958 et
694 931 808 958 seorsim
834 931 977 965 praecisis-

1036 926 1082 960 μὲν
1095 925 1134 960 τῷ
1155 924 1236 960 Λόγῳ
1257 924 1275 958 ἡ
1305 924 1383 958 σὰρξ,
1418 923 1477 958 ἅμα
1494 922 1567 959 δὲτῇ
1596 922 1679 955 σαρκὶ
1692 923 1707 948 ὁ
1722 923 1820 955 Λόγος,

197 979 268 1002 tente
287 975 442 1010 singulatim
459 982 568 1009 natura,
588 978 621 1003 ad
637 977 817 1011 protilendam
842 977 978 1011 duplicent

196 1028 340 1056 personant
373 1023 567 1057 prolabamur;
602 1023 649 1050 sed
671 1030 735 1050 caro
764 1023 847 1050 simul
876 1022 981 1050 exstitit

195 1074 257 1093 cunt
277 1066 374 1100 Verbo,
387 1072 414 1095 et
429 1068 509 1096 simul
526 1076 592 1096 cum
607 1076 691 1096 carne
715 1067 845 1100 Verbum,
861 1072 888 1095 et
902 1067 976 1094 Deus

195 1120 257 1139 eutn
274 1113 394 1146 homine,
416 1115 542 1149 quamvis
567 1120 698 1149 tanquam
727 1113 846 1141 Verbum
862 1119 889 1141 et
906 1114 978 1141 Deus

197 1159 405 1192 prwexstiterit;
424 1160 579 1194 hypostasis
592 1161 664 1187 enittt
679 1159 841 1194 praexsistit
855 1159 891 1190 ei,
909 1159 982 1193 quod

198 1211 271 1230 nunc
289 1204 328 1236 lit,
353 1204 483 1232 divinitas
502 1205 608 1232 scilicet
622 1205 795 1232 humanitati.
826 1205 933 1232 Etenim
953 1209 983 1231 ut

198 1256 268 1275 nova
285 1249 341 1276 inec
355 1254 484 1285 exsurgat
508 1256 645 1283 creatura,
659 1251 712 1278 eiet
726 1250 848 1286 profecto
864 1250 982 1278 Verbum

199 1298 335 1327 naturam,
348 1302 502 1330 quanquam
519 1304 572 1323 non
584 1305 631 1332 per
642 1297 767 1328 sationis.
783 1297 830 1323 sed
846 1304 894 1331 per
905 1297 982 1331 plas—

199 1340 328 1368 mationis
342 1348 411 1375 opus
427 1349 487 1368 eam
514 1342 596 1374 rieat,
615 1348 692 1378 prout
710 1342 799 1376 inquit
812 1342 894 1369 etiam
924 1341 984 1376 qui-

200 1386 261 1412 dattt
278 1393 387 1419 eorum,
403 1387 450 1421 qui
465 1392 528 1414 ante
552 1395 603 1415 nos
618 1387 747 1421 fuerunt;
779 1387 904 1414 consistit
934 1394 985 1413 att-

204 1435 257 1457 tem
273 1430 300 1457 in
318 1430 407 1458 Verbo
418 1437 527 1464 natura,
545 1436 600 1460 tota
626 1433 674 1460 toti
687 1433 825 1467 copulata,
841 1437 868 1459 et
882 1439 913 1473 ea
926 1431 986 1466 qui-

199 1475 262 1503 dem
289 1477 429 1504 sensibilis
451 1477 528 1512 juxta
559 1485 591 1505 ac
622 1478 774 1509 rationalis,
791 1477 931 1512 passibilis
953 1484 985 1504 ac

201 1522 370 1556 spititualis;
389 1526 471 1557 atqtte
491 1523 527 1550 ita
543 1523 652 1550 demum
669 1531 785 1558 persona
799 1522 898 1557 prodiit
910 1530 985 1549 com<

201 1567 288 1600 posita
301 1567 345 1594 illa
361 1575 436 1600 sane,
454 1569 500 1596 sed
516 1576 569 1596 non
585 1569 696 1603 duplex.
711 1573 738 1597 et
752 1577 767 1595 e
778 1577 913 1596 converso
936 1576 983 1596 ua-

201 1615 262 1638 tura
277 1612 385 1646 quidem
401 1613 511 1648 duplex,
529 1621 583 1640 ιιοιι
598 1621 688 1642 autent
705 1615 868 1649 composita,
884 1614 985 1648 quippe

202 1656 308 1683 illarum
336 1650 453 1692 utraque
481 1659 623 1686 ineont'usa
652 1664 751 1687 manet.
770 1659 803 1687 Et
816 1667 892 1692 sane,
920 1659 986 1695 quid

202 1700 253 1726 erit
275 1700 382 1728 tandem
415 1701 551 1733 Christus.
576 1704 598 1730 si
617 1705 728 1731 omnino
744 1712 831 1739 neque
847 1705 920 1732 Deus
937 1705 984 1736 sit,

204 1751 293 1780 neque
309 1747 420 1774 omnino
438 1748 531 1779 homo.
551 1749 598 1776 sed
618 1749 755 1784 quidpiam
773 1751 808 1777 sit
820 1758 851 1776 ex
872 1755 988 1785 utroque

1031 971 1078 997 καὶ
1091 970 1106 995 ὁ
1125 969 1192 1000 Θεὸς
1208 968 1250 1004 τῷ
1271 967 1418 1004 ἀνθρώπῳ,
1434 969 1458 995 ει
1488 969 1535 995 καὶ
1555 968 1653 1003 προῆν,
1669 968 1708 998 ὡς
1733 967 1821 1000 Λόγος

1030 1025 1060 1043 τε
1075 1016 1121 1043 καὶ
1137 1015 1218 1047 θεός’
1233 1014 1382 1046 ὑπόστασις
1397 1014 1426 1041 δὲ
1442 1013 1472 1040 τὸ
1490 1013 1574 1050 προδν
1588 1013 1627 1049 τῷ
1655 1013 1713 1047 νῦν,
1730 1014 1747 1048 ἡ
1763 1013 1822 1039 θεό-

1031 1071 1081 1097 της
1096 1063 1129 1096 τῇ
1145 1060 1351 1096 ἁνθρωπότητι.
1379 1060 1447 1096 Περὶ
1464 1060 1518 1095 γὰρ
1534 1059 1565 1086 τδ
1585 1059 1615 1085 δν
1626 1059 1656 1086 τὸ
1667 1059 1820 1093 γινόμενον,

1032 1108 1103 1134 κινεῖ
1117 1106 1168 1142 μὲν
1184 1106 1239 1141 γὰρ
1253 1106 1266 1132 ό
1282 1106 1368 1139 Λόγος
1386 1105 1435 1140 τὴν
1455 1105 1544 1139 φύσιν·
1561 1106 1631 1132 κινεῖ
1645 1104 1672 1131 δὲ
1693 1104 1822 1140 δημιουρ-

1032 1153 1127 1188 γικῶς.
1153 1152 1211 1178 ἀλλ’
1234 1152 1264 1178 οὐ
1303 1150 1526 1186 σπερμαντικῶς,
1558 1150 1595 1182 ῶς
1623 1159 1665 1181 τις
1692 1150 1745 1185 ἔφη
1774 1150 1823 1176 καὶ

1031 1198 1086 1224 τῶν
1103 1197 1156 1232 πρὸ
1171 1197 1249 1231 ἡμῶν
1259 1204 1266 1211 ⁸
1282 1196 1441 1223 συνίσταται
1466 1197 1495 1222 δὲ
1519 1196 1567 1222 atat
1580 1195 1645 1231 περὶ
1658 1195 1704 1221 τδν
1735 1195 1822 1229 Λόγον

1033 1245 1050 1280 ὴ
1065 1243 1156 1278 φύσις,
1184 1243 1233 1278 ὅλη
1259 1242 1329 1278 πρὸς
1358 1242 1429 1274 ὅλον,
1452 1241 1570 1277 αἰσθητή
1602 1250 1633 1267 τε
1654 1241 1700 1267 καὶ
1714 1240 1822 1276 λογικὴ,

1034 1288 1143 1324 παθητὴ
1161 1296 1191 1314 τε
1207 1287 1253 1314 καὶ
1268 1286 1349 1323 νοερά
1374 1294 1382 1302 ·
1401 1287 1448 1314 καὶ
1462 1286 1533 1313 οὕτω
1549 1286 1686 1321 προῆλθεν
1701 1286 1837 1313 ὑπόσταον

1034 1343 1088 1367 σις,
1104 1333 1231 1365 σύνθετος
1245 1333 1305 1367 μὲν,
1317 1332 1347 1358 οὐ
1357 1332 1439 1367 διπλῆ
1452 1332 1480 1358 δέ
1492 1341 1498 1347 ·
1514 1332 1561 1358 καὶ
1573 1332 1652 1367 φύσις
1663 1331 1744 1366 διπλῆ
1762 1331 1823 1367 μὲν,

1034 1381 1065 1407 οὺ
1083 1379 1210 1410 σύνθετος
1231 1379 1259 1405 δέ
1271 1386 1280 1394 ·
1305 1378 1413 1414 ἄφυρτα
1440 1378 1494 1413 γὰρ
1517 1378 1564 1405 καὶ
1582 1379 1709 1414 ἑκάτερα.
1720 1377 1753 1404 Τί
1769 1377 1823 1412 γὰρ

1036 1427 1083 1453 καὶ
1105 1427 1181 1452 ἐσται
1208 1425 1337 1461 Χριστὸς,
1373 1425 1398 1451 εἰ
1426 1425 1496 1460 μήτε
1524 1423 1654 1460 καθαρῶς
1679 1424 1824 1459 ἄνθρωπος

1036 1473 1124 1504 ἔσται,
1158 1472 1225 1507 μήτε
1238 1471 1366 1506 καθαρῶς
1392 1471 1469 1497 ἔσται
1492 1470 1570 1502 Θεὸς,
1593 1470 1651 1496 ἀλλ’
1671 1469 1706 1496 ἵν’
1733 1469 1823 1505 ἀμφό-

1035 1527 1102 1554 τερα
1133 1516 1340 1553 συμπεφυρκὼς
1363 1516 1391 1554 ᾖ,
1419 1517 1467 1544 καὶ
1496 1517 1660 1551 ἀμφοτέρων
1686 1516 1764 1547 ἐκτὸς
1787 1513 1824 1552 ᾖ;

1037 1565 1103 1591 τίδὲ
1130 1566 1176 1590 καὶ
1194 1563 1262 1594 ὅλως
1274 1563 1396 1598 ἐθελήσει
1417 1562 1464 1589 καὶ
1490 1563 1596 1597 δράσει,
1628 1562 1691 1597 μήτ’
1720 1561 1826 1596 ἀνορωο

1040 1611 1135 1642 πίνως,
1170 1610 1239 1645 μήτε
1259 1609 1350 1641 οείως,
1376 1608 1433 1634 ἀλλ’
1449 1608 1528 1635 ἄλλον
1554 1608 1616 1634 τινὰ
1645 1607 1746 1643 τρόπον
1762 1607 1826 1633 σύνα-

1040 1657 1116 1683 θετον
1141 1656 1241 1682 ἐθέλων
1265 1656 1311 1682 καὶ
1325 1655 1397 1689 δρῶν
1410 1662 1417 1687 ;
1434 1655 1450 1689 ἢ
1479 1654 1566 1681 ταῦτα
1580 1654 1629 1690 μὲν
1641 1654 1719 1681 ἔσται
1729 1653 1763 1680 τὰ
1775 1661 1826 1689 μυ-

1040 1702 1111 1737 θώδη
1131 1702 1184 1728 τῶν
1199 1701 1287 1733 ζώων,
1304 1701 1361 1734 εἴγε
1377 1701 1490 1726 κάκεῖνα
1506 1699 1593 1732 ἔσται,
1606 1700 1653 1727 καὶ
1670 1699 1707 1736 μὴ
1720 1700 1749 1726 ὲν
1765 1701 1826 1726 ἐπι-

1040 1749 1126 1779 νοίαις
1143 1748 1233 1783 μόνον,
1251 1747 1377 1783 καθάπερ
1390 1746 1524 1781 ἀκούομεν
1540 1748 1587 1773 καὶ
1613 1746 1788 1780 πιστεύομεν.

193 1792 400 1825 .commixtum,
428 1794 549 1829 nihilque
563 1803 623 1823 cum
661 1796 791 1822 alterutra
810 1801 907 1824 natura
941 1802 1086 1823 commune
1102 1793 1218 1820 haheat?
1254 1793 1366 1827 lttsuper
1398 1801 1483 1828 ecqua
1516 1793 1625 1820 tandem
1651 1793 1676 1820 ei
1696 1792 1825 1832 voluntas

204 1840 249 1862 aut
263 1837 383 1869 operatio
401 1838 449 1872 (4),
468 1839 490 1864 si
510 1847 597 1874 neque
619 1839 739 1867 huntano
759 1849 846 1875 neque
861 1841 964 1872 divino,
983 1840 1030 1867 sed
1046 1839 1100 1866 alio
1112 1839 1230 1873 quodam
1262 1838 1342 1865 modo
1358 1839 1492 1873 permitto
1507 1843 1534 1865 et
1563 1838 1626 1865 velit
1639 1843 1666 1866 et
1682 1838 1829 1872 operetur?

205 1879 305 1915 Nempe
320 1884 502 1916 comparanda
517 1884 574 1911 hmo
594 1885 626 1912 iis
645 1890 735 1918 erunt,
753 1894 814 1920 qua;
848 1886 875 1913 in
908 1885 1007 1913 fabulis
1040 1885 1073 1912 de
1099 1883 1262 1918 quibusdam
1290 1883 1477 1911 animantibus
1510 1887 1669 1917 narrantur,
1695 1884 1717 1911 si
1739 1888 1827 1911 tamen

204 1931 230 1953 et
246 1927 296 1953 ista
319 1935 380 1954 vera
398 1929 462 1960 sint,
479 1934 506 1956 et
523 1937 577 1956 non
606 1938 681 1958 mere
694 1931 821 1964 conﬁcta,
848 1930 1080 1967 quemadmodum
1095 1929 1222 1955 audimus
1239 1932 1266 1956 et
1293 1928 1441 1956 crediturus.

240 1971 322 1998 XXII.
344 1972 440 2000 Verum
460 1974 511 2001 ista
531 1980 558 2002 et
573 1975 608 2002 ad
622 1977 705 2003 alium
722 1978 813 2011 potius
828 1985 982 2004 sermonem

204 2022 232 2045 et
244 2018 277 2045 ad
293 2019 366 2046 aliud
395 2024 517 2053 spectant
547 2025 662 2054 tempus,
683 2029 736 2048 non
755 2029 818 2049 vero
834 2022 867 2048 ad
881 2022 984 2057 gratia-

205 2072 265 2091 rum
282 2064 398 2091 aelionis
415 2065 504 2099 potius
534 2074 615 2100 quant
642 2067 799 2094 certaminis
828 2068 987 2094 solemnita-

206 2116 270 2138 tem.
287 2109 344 2137 lloc
358 2111 423 2137 mihi
444 2119 516 2138 nunc
531 2112 698 2146 propositum
729 2117 780 2144 est,
797 2118 827 2140 ut
855 2118 880 2140 et
907 2113 988 2140 simul

205 2156 377 2183 vehementer
394 2156 523 2188 admirer.
540 2161 567 2184 ct
593 2157 736 2192 gaudeant,
758 2162 784 2185 et
813 2163 909 2186 sancto
932 2164 988 2185 ter—

205 2209 267 2228 rore
284 2202 424 2235 percellar,
441 2207 522 2236 atque
533 2203 599 2230 adeo
614 2205 681 2238 grati
694 2212 802 2239 quoque
814 2205 899 2231 animi
914 2205 989 2231 obla-

1078 1973 1143 2001 KB"
1174 1973 1253 2000 Ἀλλὰ
1273 1974 1360 2000 ταῦτα
1388 1975 1437 2009 μὲν
1449 1975 1514 2005 ἴσως
1530 1975 1624 2008 ἑτέρου
1635 1975 1714 2009 λόγου
1732 1984 1762 2002 τε
1776 1977 1824 2003 καὶ

1037 2020 1145 2055 καιροῦ,
1163 2020 1209 2046 καὶ
1226 2020 1256 2046 οὑ
1276 2020 1330 2046 τῶν
1355 2021 1539 2056 χαριστηρίων
1570 2021 1682 2056 μᾶλλον,
1694 2023 1710 2056 ἢ
1727 2023 1829 2056 ἐναγω-

1037 2067 1112 2094 νίων.
1129 2067 1198 2092 Νυνὶ
1214 2067 1242 2093 δὲ.
1254 2066 1385 2101 βούλομαι
1402 2066 1453 2101 μὲν
1484 2067 1542 2102 ἃμα
1559 2067 1644 2094 πολλὰ
1668 2067 1829 2103 θαυμάζειν,

1039 2113 1086 2139 καὶ
1104 2113 1220 2147 χαίρειν,
1243 2112 1290 2138 καὶ
1315 2109 1449 2147 φρίττειν,
1478 2113 1529 2147 ἤδη
1556 2113 1585 2139 δὲ
1603 2113 1650 2139 καὶ
1668 2113 1731 2145 τοὺς
1751 2122 1830 2148 χαρι-

1044 2158 1172 2193 στηρίους
1190 2158 1349 2192 προσάγειν.
1367 2157 1424 2184 Οὐκ
1443 2157 1496 2192 ἔχω
1508 2158 1529 2184 δ’
1541 2155 1644 2190 οὗτινος
1658 2159 1691 2185 ἂν
1705 2158 1752 2184 καὶ
1765 2159 1830 2193 μᾶλ-

1044 2204 1089 2230 λον
1111 2205 1243 2239 γένωμαι,
1263 2204 1310 2229 τοῦ
1326 2204 1492 2239 θαύματοςῆ
1509 2204 1558 2238 τῆς
1573 2205 1687 2240 φρίκης,
1709 2205 1758 2240 τῆς
1780 2213 1830 2240 χα-

205 2247 306 2272 tiottetn
323 2247 458 2280 adjiciunt.
475 2247 644 2282 Quamquam
665 2249 742 2282 plane
759 2250 861 2280 nescio,
878 2249 985 2276 cuinatn

1046 2251 1093 2285 ρᾶς
1106 2250 1122 2285 ἢ
1135 2251 1185 2285 τῆς
1198 2250 1373 2285 εὐχαριστίας
1383 2259 1389 2265 ·
1407 2250 1453 2277 καὶ
1467 2249 1514 2276 τοῦ
1534 2250 1674 2284 θαύματος
1698 2250 1831 2284 ὁποτέρου

205 2292 322 2326 amplius
338 2292 445 2319 aﬂectui
476 2293 640 2327 indulgeant,
658 2294 882 2321 admit'ationisue
897 2302 930 2321 an
946 2303 991 2321 sa-

205 2337 244 2363 cri
261 2337 392 2368 horroris.
409 2346 473 2364 tium
488 2339 578 2373 gaudii
609 2347 642 2366 an
667 2340 868 2373 gratulationis,
882 2348 913 2367 ac
929 2349 991 2367 rnr-

206 2391 254 2410 sus
267 2391 414 2418 quamnam
441 2383 584 2420 (mysterii)
608 2389 711 2417 partem
737 2386 825 2421 magis
856 2391 990 2421 stupeam,

206 2436 240 2455 att
255 2436 308 2463 quo
323 2434 399 2462 pacto
412 2429 481 2456 Deus
492 2430 588 2457 eradat
603 2431 694 2463 homo,
707 2439 740 2458 an
754 2431 893 2466 qttontodo
910 2433 991 2459 homo

205 2475 251 2501 liat
285 2474 371 2506 Deus;
409 2482 441 2501 ae
471 2477 609 2510 quomodo
640 2481 712 2504 totus
753 2477 823 2505 Deus
847 2482 874 2505 et
904 2478 985 2505 simul

205 2519 280 2546 solus
306 2519 391 2546 Filius
418 2526 544 2548 naturam
573 2522 717 2549 humanam
740 2522 847 2556 induat;
863 2523 902 2550 vel
919 2531 988 2558 quu-

205 2564 286 2602 modo
300 2564 385 2592 Filius
400 2570 426 2591 et
456 2571 529 2593 totus
555 2566 581 2592 itt
599 2568 661 2594 sinu
693 2567 789 2601 Patris,
819 2573 929 2595 cttotus
954 2568 990 2595 sit

207 2613 233 2639 in
249 2615 325 2637 utero
339 2612 448 2643 matris;
469 2616 497 2638 ct
521 2613 656 2645 quomodo
673 2611 790 2640 Verbum
808 2621 869 2640 vere
882 2614 988 2641 dimen-

1044 2296 1144 2330 μᾶλλον
1158 2295 1204 2321 τοῦ
1227 2295 1339 2330 μέρους,
1356 2295 1430 2326 ὅπως
1441 2296 1454 2322 ὁ
1472 2295 1538 2328 Θεὸς
1551 2295 1705 2331 ἄνθρωπος,
1723 2296 1739 2331 ἢ
1757 2297 1830 2327 ὅπως

1041 2342 1054 2367 ὁ
1068 2341 1210 2376 ἄνθρωπος
1228 2341 1332 2374 γίνεται
1345 2341 1411 2372 Θεός
1423 2350 1429 2356 ·
1447 2341 1495 2367 καὶ
1511 2342 1584 2372 ὅπως
1600 2342 1614 2367 ό
1629 2341 1695 2372 Θεὸς
1708 2342 1768 2372 ὅλος
1783 2341 1830 2366 καὶ

1041 2387 1055 2413 ὁ
1068 2387 1132 2418 Υἱὸς
1149 2387 1240 2421 μόνος,
1260 2387 1276 2422 ἦ
1290 2388 1363 2418 ὅπως
1376 2388 1422 2413 καὶ
1438 2388 1497 2418 ὅλος
1514 2388 1543 2413 ἐν
1555 2387 1592 2423 τῷ
1605 2388 1698 2422 κόλπῳ
1711 2387 1750 2421 τῷ
1777 2395 1830 2412 πα-

1040 2432 1137 2468 τρικῷ,
1156 2435 1201 2458 καὶ
1209 2432 1268 2463 ὅλος
1282 2434 1311 2459 ὲν
1323 2434 1356 2468 τῇ
1375 2433 1452 2468 νηδύϊ
1464 2435 1496 2468 τῇ
1511 2435 1632 2469 μητρικῇ
1649 2441 1655 2448 ·
1683 2433 1731 2460 καὶ
1758 2434 1830 2462 ὅπως

1043 2479 1056 2504 ὁ
1073 2478 1157 2511 Λόγος
1173 2479 1204 2504 ἐκ
1221 2478 1306 2510 Λόγου
1326 2480 1487 2512 παχύνεται,
1507 2478 1522 2514 ἧ
1539 2479 1612 2509 ὅπως
1627 2479 1657 2505 τὸ
1684 2479 1768 2513 πάχος
1788 2477 1828 2513 τῷ

1043 2524 1122 2558 Λόγῳ
1138 2523 1298 2558 συνέρχεται
1309 2531 1316 2539 ¹
1332 2523 1348 2558 ἢ
1364 2524 1448 2555 ὅπως,
1463 2524 1506 2550 ἵνα
1518 2524 1549 2550 τὸ
1567 2524 1722 2551 τελευταῖον
1749 2523 1830 2552 εἴπω.

1044 2568 1175 2603 παρθένος
1187 2569 1278 2603 γεννᾷ,
1290 2569 1306 2604 ἡ
1321 2569 1455 2604 παρθένος
1464 2570 1512 2605 τὴν
1522 2570 1651 2604 σύλληψιν
1657 2569 1774 2604 δέχεται,
1785 2567 1832 2594 καὶ

1045 2617 1114 2650 μετὰ
1134 2615 1183 2651 τὴν
1205 2616 1335 2651 σύλληψιν
1355 2617 1488 2652 παρθένος
1499 2618 1722 2651 διαφυλάττεται.

205 2657 309 2684 sionem
323 2664 481 2691 corpoream
506 2659 639 2692 acquirat,
664 2664 712 2685 aut
737 2660 874 2693 quomodo
893 2668 983 2687 massa
1006 2661 1094 2689 Verbo
1127 2663 1272 2690 convenire
1304 2668 1394 2698 queat,
1425 2665 1478 2694 vel,
1495 2670 1523 2691 ιιι
1537 2665 1616 2692 linem
1633 2665 1744 2698 faciant,
1773 2671 1828 2698 quo

207 2708 285 2736 pacto
298 2703 374 2738 virgo
391 2703 492 2739 gignat,
522 2705 563 2731 vel
580 2706 656 2739 virgo
684 2706 868 2739 conecptionis
897 2714 982 2741 caan
1003 2708 1048 2740 sit,
1066 2713 1092 2736 et
1106 2713 1166 2744 post
1178 2714 1337 2744 conoeptuut
1353 2710 1430 2745 virgo
1444 2715 1578 2738 servetur.

244 2802 282 2835 (ιι)
299 2802 402 2837 Cottjici
429 2811 460 2829 ex
486 2803 527 2830 his
543 2809 640 2838 p‘lll‘Sl,
655 2803 786 2831 Joannem
818 2805 989 2832 Geometram

210 2843 269 2866 post
285 2844 408 2864 exortam
436 2839 678 2866 tnonotlwlitarum
708 2841 832 2866 lut‘resint
852 2841 988 2868 ﬂoruisse.

209 2870 300 2898 l’alaut
314 2878 354 2899 est
369 2873 453 2905 enini,
483 2874 644 2908 liulytzhiaui
665 2876 767 2901 erroris
782 2880 898 2908 partem,
929 2884 988 2910 qua:

1046 2807 1072 2834 in
1086 2808 1322 2849 inonotlteliticam
1339 2809 1421 2838 desiit
1449 2810 1585 2843 hmresim,
1604 2810 1647 2837 hie
1664 2811 1697 2838 ab
1714 2818 1747 2838 eo
1769 2817 1817 2846 per

1045 2848 1152 2878 strtngt.
