2092 3157
288 177 341 208 833

681 178 809 208 SERMO
828 179 867 210 ΙΝ
889 179 940 209 SS.
961 180 1137 210 DElPARfE
1157 181 1515 212 ANNUNTIATIONEM.

1862 185 1915 217 δτι

324 233 398 260 Πόσα
425 241 470 268 μοι
493 232 540 259 καὶ
566 233 669 268 πηλίκα
684 233 780 260 τούτου
792 233 840 260 τοῦ
864 235 1015 269 μυστηρίου
1044 235 1076 262 τὰ

1114 264 1118 270 ι
1166 235 1238 268 Quot
1255 239 1282 261 rt
1299 243 1380 269 quam
1407 236 1533 263 sublimia
1550 236 1576 263 iu
1603 236 1655 263 huc
1687 238 1816 272 mysterio
1847 239 1914 266 mihi

287 279 428 314 θαύματα,
463 279 510 306 καὶ
527 279 629 313 ὁμοίως
655 279 782 314 ἂφραστα
795 280 843 306 καὶ
859 280 960 314 ὁμοίως
984 280 1075 314 ἄγνω-

287 324 352 351 atati
368 324 459 351 Πάντα
474 323 523 359 μὲν
543 324 607 359 γὰρ,
623 324 674 351 ὅσα
689 324 754 358 ἐγὼ,
768 325 801 351 δι’
817 326 866 360 ἐμὲ
882 325 986 359 γίνεται
1008 326 1074 358 Θεὸς

287 369 402 404 ὕστερον
414 378 420 384 ·
437 370 467 396 οὺ
485 369 564 404 μόνον
578 371 592 396 6
607 370 734 404 ἀόρατος,
751 370 818 397 ὀλλά
833 372 881 398 καὶ
899 373 913 397 6
925 371 1073 407 ἁπερινόη-

284 424 330 446 τος
352 415 465 450 ὁρατός⁸
496 416 511 442 ό
537 415 660 450 ἀόριστος
692 415 809 450 ὀριστὺς,
850 417 864 442 ό
883 417 1074 452 ἀπεριόριστος

286 461 483 496 περιγραπτὸς,
502 462 517 487 6
539 461 621 493 ἅῦλος
647 461 750 494 ὑλικὸς,
765 461 779 487 ό
811 463 917 498 ἀναφὴς
937 463 1032 494 ἁπτὸς,
1059 463 1073 489 ό

285 507 392 542 ἀπαθὴς
406 507 539 542 παθητδς,
562 507 575 532 ὁ
584 508 758 542 ὑπερούσιος.
767 509 781 534 ὁ
792 508 969 543 ὑπέρχρονος,
981 510 994 535 ό
1006 509 1072 536 ἀθά-

284 554 374 585 νατος,
385 553 506 585 κτιστὺς,
521 553 660 588 ἐφήμερος
675 554 721 580 καὶ
734 553 841 589 θνητός.
859 553 942 580 Οὔπω
952 555 980 581 δὲ
996 555 1043 581 καὶ
1058 556 1072 581 ὁ

284 600 487 635 ἁνερμήνευτος
513 600 696 635 ὲρμηνευτδς,
723 600 782 626 οὐδὲ
814 600 861 626 καὶ
889 601 904 626 6
930 601 1070 636 ἀκατάλη-

284 653 361 677 πτος,
374 646 398 671 εί
414 645 462 672 καὶ
475 646 507 680 τῇ
525 647 606 678 σαρκὶ
619 646 731 681 ληπτδς,
758 646 930 681 καταληπτὺς
943 647 982 682 τῷ
1005 647 1071 674 θαύ-

285 699 351 726 part
366 691 416 725 τῆς
436 691 611 726 σαρκώσεως.
639 692 709 718 Ἀλλ’
734 693 757 719 el
771 692 812 718 δεῖ
824 701 850 719 τι
864 694 910 719 καὶ
928 693 1067 728 τολμηρό-

284 745 363 771 τερον
388 737 487 768 εἰπεῖν,
516 737 786 772 άκαταληπτότερος,
810 738 865 773 ὅσῳ
881 741 912 773 τῇ
938 739 1005 772 πρὸς
1020 740 1070 773 τῆς

283 782 391 816 φύσεως
415 782 590 817 ἀκαταληψίᾳ
616 783 663 809 καὶ
693 783 745 818 τὴν
763 784 794 809 ἐκ
817 783 865 816 τῆς
891 783 1070 818 προσλήψεως

283 826 484 860 προσελάϐετο·
501 827 551 853 οὐκ
569 826 760 862 ἁνθρωπότητι
774 826 855 861 μίξας
882 826 996 860 θεότητα
1022 827 1070 862 μό-

282 879 338 903 νον,
350 871 417 898 ἀλλὰ
430 872 478 898 καὶ
494 871 574 907 μίξας
587 866 760 905 ἁδιαιρέτως,
785 872 831 898 καὶ
848 872 968 906 κεράσας
979 872 1067 908 ἀφύρ-

1130 280 1239 308 elucent
1256 281 1400 311 miracula.
1415 287 1517 316 quanta
1548 283 1684 309 sermonis
1698 283 1774 317 juxta
1791 291 1823 310 ac
1837 292 1914 311 turn-

1130 327 1165 353 tis
1182 334 1248 353 mea:
1264 327 1317 353 vim
1328 328 1500 361 superantia!
1517 328 1654 362 Quidquid
1669 329 1741 355 enitn
1760 329 1816 363 ipse
1841 338 1915 362 sunt,

1129 372 1180 398 hoc
1195 372 1284 406 ipsmn
1301 373 1371 399 Deus
1401 373 1549 400 novissime
1567 379 1676 408 ptttplt‘r
1703 382 1746 401 me
1772 375 1914 408 nascitur;

1127 417 1174 451 qui
1191 419 1289 444 nedum
1308 418 1453 445 invisibilis
1463 419 1562 451 oculis,
1579 420 1626 446 sed
1648 428 1681 447 ne
1700 425 1790 447 tuente
1803 421 1912 455 quidem

1127 463 1384 496 comprehensibilis
1413 468 1466 496 est,
1497 464 1542 491 hic
1573 465 1603 491 lit
1632 465 1767 496 visibilis:
1791 466 1914 494 inﬁnitus

1128 508 1220 535 evadit
1245 509 1349 541 linitus,
1381 509 1638 545 incircumscriptus
1665 511 1914 543 circumscribitur,

1126 554 1268 580 materiam
1286 555 1372 581 induit
1394 555 1439 589 qui
1456 556 1543 582 nescit
1567 557 1718 589 materiam,
1748 557 1774 583 [it
1792 558 1914 592 palpabi-

1125 597 1159 625 lis
1174 599 1220 632 qui
1235 598 1307 633 tangi
1324 599 1429 632 nequit,
1444 607 1542 627 exsors
1557 600 1715 633 passionum
1738 601 1766 627 lit
1790 601 1913 636 passinni

1128 643 1276 677 obnoxius,
1292 649 1317 671 et
1331 650 1457 671 creatura
1472 646 1634 678 temporalis
1649 653 1681 672 ac
1712 648 1836 674 mortalis
1863 655 1913 682 ap-

1127 691 1260 724 paretqui
1287 690 1467 717 substantiam
1500 698 1608 716 onlnem
1639 695 1666 717 et
1691 698 1773 718 omne
1807 697 1912 727 tempus

1124 736 1359 770 pmicrgreditur,
1385 743 1417 762 ac
1446 741 1543 763 natura
1571 741 1613 763 est
1628 736 1803 764 immortalis.
1820 738 1912 772 Neque

1124 784 1214 806 tamen
1229 785 1341 814 propter
1360 781 1552 807 admirandam
1580 782 1798 809 incarnatiom‘m
1825 784 1911 810 clliei-

1124 830 1178 857 lur,
1202 831 1231 852 ut
1246 827 1292 860 qui
1319 833 1427 853 onmem
1446 827 1572 854 \‘itlcebal
1600 828 1848 862 investigationem,
1870 829 1912 855 in-

1123 872 1295 906 vestigationi
1326 873 1422 899 deinde
1445 877 1545 907 peti-at,
1575 881 1662 907 neque
1690 874 1790 900 iterum
1819 876 1909 909 utqui

280 924 335 948 τως
346 925 353 932 ·
371 917 431 943 οὐδὲ
446 917 566 952 κεράσας
582 916 652 943 οὕτω
664 917 712 948 τὰς
727 916 833 951 φύσεις,
848 917 864 952 ἢ
882 917 961 952 μίξας
976 918 1065 951 μόνον,

1120 917 1403 952 incomprehensibilis
1418 922 1488 948 erat.
1509 923 1569 945 utut
1580 926 1663 945 carne
1679 919 1908 953 comprehensus,

281 962 349 989 ἀλλὰ
361 963 408 989 καὶ
423 963 472 994 τὰς
484 963 625 998 ἐνεργείας
641 964 688 989 καὶ
703 963 736 989 τὰ
752 964 902 997 θελήματα.
913 964 941 990 Ὀ
957 964 1005 997 μὲν
1020 963 1066 990 οὖν

1119 964 1313 998 comprehendi
1331 964 1497 998 cog'tatione
1513 969 1605 999 queat.
1624 965 1695 997 Quin
1712 965 1776 996 imo,
1799 965 1821 992 si
1839 967 1904 1000 quid

280 1008 328 1044 οὐχ
340 1008 433 1045 ὥσπερ
446 1009 498 1036 ὑπὸ
510 1010 616 1045 χρόνον,
631 1009 702 1035 οὕτω
717 1009 765 1036 καὶ
779 1009 832 1035 ὑπὸ
845 1008 923 1043 λόγον
935 1009 1065 1043 εὐδόκησε

1119 1011 1201 1036 etiam
1219 1010 1351 1037 audacius
1369 1009 1420 1037 fari
1447 1010 1521 1041 licet,
1539 1010 1618 1045 longe
1641 1010 1906 1044 ineotttprelicttsib‘-

279 1055 422 1090 τεχθῆναι,
436 1056 482 1082 καὶ
493 1056 572 1091 χάρις
584 1055 657 1090 αὺτῷ
666 1055 753 1090 τούτῳ
763 1062 770 1070 ”
788 1055 829 1081 ὅτι
844 1056 890 1082 καὶ
902 1055 971 1090 ὑπὲρ
987 1055 1065 1089 λόγον

1120 1055 1275 1086 liorevadit,
1287 1060 1423 1089 quatenus
1433 1055 1764 1090 incotnprehensibilitati,
1774 1063 1834 1090 quas
1845 1063 1909 1090 pru-

279 1100 327 1126 καὶ
341 1101 357 1136 ἡ
373 1101 453 1136 χάρις
467 1102 481 1127 ὁ
492 1102 538 1127 καὶ
551 1100 653 1136 τρόπος
672 1100 721 1136 τῆς
743 1100 863 1136 χάριτος.

1119 1101 1178 1135 pria
1188 1106 1231 1128 est
1242 1100 1340 1128 divina:
1355 1107 1467 1132 naturae,
1477 1109 1548 1131 eam.
1561 1109 1620 1135 qua:
1632 1109 1662 1128 ex
1679 1107 1825 1135 assumpne
1845 1109 1907 1128 car-

279 1149 322 1175 nis
344 1149 473 1184 mysterio
499 1148 691 1182 proficiscitur,
725 1147 1079 1182 incomprehensibilitatem
1099 1147 1193 1182 adjicit
1213 1157 1219 1174 :
1239 1148 1302 1174 dum
1316 1148 1442 1175 videlicet
1474 1149 1636 1175 humanitati
1652 1148 1824 1176 divinitatem
1853 1156 1907 1175 non

277 1194 415 1222 connectit
431 1194 522 1227 modo,
556 1193 604 1221 sed
630 1192 833 1221 indivisibiliter
858 1192 1006 1224 connectit,
1032 1195 1059 1218 et
1078 1195 1183 1218 semota
1208 1193 1304 1226 quavis
1333 1191 1817 1226 confusionepermiscet;nequehoc
1829 1196 1908 1226 pacto

279 1243 502 1268 naturastantum
512 1239 593 1266 modo
603 1239 804 1274 permiscetseu
813 1238 959 1271 connectit,
991 1245 1086 1264 verum
1107 1238 1188 1265 etiam
1205 1237 1376 1272 operatioucs
1409 1241 1437 1264 et
1456 1238 1621 1264 voluntates.
1636 1237 1714 1269 Quod
1738 1237 1830 1272 itaque
1854 1245 1907 1264 Iit-II

277 1291 310 1311 ea
327 1285 434 1312 ratione
447 1284 498 1319 ipsi
513 1284 588 1312 nasci
619 1284 760 1318 placuerit,
781 1287 811 1310 ut
828 1283 1060 1318 quemadmodum
1081 1282 1198 1318 tempori
1231 1282 1368 1309 obnoxius
1404 1282 1492 1310 factus
1509 1287 1560 1314 est,
1585 1283 1621 1309 ita
1640 1290 1767 1310 sermone
1791 1283 1907 1311 eﬂabilis

277 1331 413 1361 evaderet.
425 1330 508 1357 etiam
522 1329 549 1356 in
563 1331 614 1357 hoe
630 1330 690 1365 ipso
708 1329 844 1356 revelatur
855 1329 943 1364 gratia
960 1337 968 1357 ε
1002 1329 1133 1364 quoniatn
1149 1334 1207 1356 tum
1244 1328 1346 1363 gratia,
1380 1333 1436 1356 tum
1464 1329 1535 1356 ratio
1549 1329 1643 1363 gratiae
1668 1336 1777 1357 omnem
1793 1328 1901 1357 dicendi

277 1376 432 1405 facultatem
451 1380 591 1411 superant.

312 1423 376 1450 Kl".
398 1421 429 1449 '0
444 1422 472 1448 δὲ
488 1421 566 1456 λόγος
586 1422 638 1457 ἤδη
655 1422 703 1449 καὶ
713 1421 763 1449 τοῦ
777 1421 841 1457 περὶ
855 1422 904 1456 τὴν
926 1421 1063 1456 Παρθένον

1151 1419 1247 1447 XXIII.
1280 1419 1381 1447 Verum
1410 1428 1501 1448 sermo
1515 1421 1571 1456 jam
1603 1426 1630 1449 et
1656 1422 1722 1450 illud
1751 1428 1904 1457 portentum

277 1468 415 1504 θαύματος
426 1467 547 1503 ἅψασθαι
561 1468 610 1503 μὲν
624 1469 684 1503 ἐρᾷ,
701 1468 889 1502 προσπελάσαι
904 1467 932 1494 δὲ
950 1467 1063 1502 ίλιγγιᾷ.

1115 1469 1226 1499 exoptat
1240 1465 1372 1498 delibare,
1384 1466 1456 1500 quod
1481 1466 1508 1493 in
1532 1467 1643 1501 Virgine
1655 1469 1819 1502 suspicimus
1833 1477 1841 1502 ;
1857 1469 1904 1496 sed

275 1514 364 1541 Πολλὰ
379 1515 430 1549 μὲν
443 1514 498 1549 γὰρ
513 1514 560 1540 καὶ
575 1514 680 1549 μεγάλα
692 1514 738 1540 καὶ
751 1514 785 1541 τὰ
795 1513 864 1540 κατὰ
875 1514 925 1549 τὴν
942 1512 1064 1540 Παλαιὰν

1114 1518 1148 1538 eo
1163 1512 1293 1538 accedere
1304 1511 1367 1538 dum
1393 1513 1489 1539 nititur
1500 1533 1508 1545 ,
1523 1513 1641 1547 quadam
1669 1514 1751 1540 veluti
1770 1515 1905 1550 vertigine

274 1559 401 1595 θαύματα
415 1568 420 1573 ·
432 1559 556 1586 θάλασσά
562 1568 591 1585 τε
608 1559 768 1594 διισταμένη
778 1559 825 1586 καὶ
834 1559 912 1585 πάλιν
924 1566 1061 1584 συναπτο-

1114 1565 1143 1585 se
1155 1557 1281 1585 laborare
1297 1559 1435 1592 persentit.
1447 1558 1478 1584 Et
1487 1566 1552 1586 sane
1565 1560 1648 1586 multa
1661 1559 1753 1594 utique
1763 1568 1794 1588 ae
1806 1568 1902 1594 magna

279 1605 349 1640 μένη
363 1611 372 1621 ·
400 1605 447 1632 καὶ
476 1605 563 1640 πέτρα
581 1604 817 1640 πλημμυρουμένη
835 1604 954 1639 νάμασι·
977 1612 1061 1630 ποτα-

1114 1602 1258 1637 splendent
1268 1602 1350 1630 etiam
1370 1603 1397 1629 in
1420 1603 1505 1630 veteri
1530 1603 1633 1631 findere
1649 1605 1771 1639 prodigia
1789 1614 1796 1632 :
1821 1605 1904 1632 maris

275 1649 321 1684 μοὶ
345 1649 509 1685 ῥηγνύμενοί
529 1658 560 1676 τε
580 1651 629 1676 καὶ
640 1649 889 1685 ἀναχαιτιζόμενοι·
914 1649 989 1684 ἥλιος
1012 1649 1062 1683 μὲν

1114 1648 1193 1675 unda:
1208 1647 1272 1675 hinc
1289 1648 1352 1675 inde
1361 1648 1529 1680 recedentes,
1545 1653 1628 1684 atque
1646 1649 1744 1676 iterum
1768 1650 1794 1677 in
1817 1658 1902 1677 unum

274 1694 438 1731 ἐπεχόμενος
454 1703 461 1710 ·
493 1696 591 1731 νεφέλη
621 1696 650 1722 δὲ
680 1696 727 1723 καὶ
744 1695 943 1731 προτρέχουσα,
965 1694 1062 1726 στύλος

1114 1692 1301 1725 conﬂuentes.
1323 1693 1416 1721 latices
1432 1701 1447 1720 e
1476 1698 1553 1728 petra
1581 1698 1756 1728 erumpentes
1776 1699 1802 1722 et
1816 1703 1903 1722 exui:-

274 1741 474 1776 προερχόμενός
487 1749 517 1767 τε
532 1741 580 1768 κα)⁸
590 1741 773 1776 ἐπερχόμενος
789 1747 796 1754 ·
809 1740 884 1775 πηγὴ
899 1739 986 1774 πικρὰ
1001 1739 1061 1774 μέλι

272 1785 383 1822 ῥέουσα,
401 1787 448 1812 καὶ
474 1785 545 1821 ξηρὰ
558 1786 655 1821 ῥάϐδος
675 1785 768 1813 ἄνθεσι
785 1786 905 1822 βρύουσα
921 1794 928 1801 ·
948 1786 995 1812 καὶ
1021 1785 1061 1811 ἐτι

272 1832 324 1867 πρὸ
339 1832 441 1859 τούτων
454 1832 585 1867 καιομένη
601 1841 631 1858 τε
645 1832 725 1867 βάτος
738 1831 861 1859 ἄκαυστα
874 1852 881 1864 ,
903 1831 951 1859 καὶ
969 1832 1061 1867 δροσι·

271 1877 372 1912 ζομένη
395 1877 509 1912 κάμινος
537 1877 656 1904 ἄσὸεστα
670 1885 677 1892 ·
705 1878 753 1904 καὶ
767 1877 839 1914 ὕδωρ
855 1877 948 1904 ὕδασιν
963 1878 1059 1904 alcm-

273 1922 470 1958 ρούμενον,καὶ
482 1923 515 1949 ἵν’
530 1923 567 1949 ὲῶ
579 1923 613 1949 τὰ
630 1923 723 1956 πολλὰ,
736 1923 840 1955 πλάκες
853 1923 977 1958 δακτύλῳ
991 1923 1058 1950 Θεοῦ

270 1969 454 2004 γραφόμεναι,
479 1969 526 1996 καὶ
554 1968 621 1994 ὡσεὶ
635 1968 729 2003 ἄμμος
750 1969 862 1995 πετεινὰ
891 1969 1056 2004 βρεχόμενα·

271 2014 318 2040 καὶ
332 2014 366 2041 τὰ
380 2013 482 2041 τούτων
503 2013 668 2049 ἀρχαιότερα
682 2023 712 2041 τε
725 2014 773 2041 καὶ
796 2015 995 2050 ἐμφανέστερα,
1012 2015 1058 2041 καὶ

271 2060 319 2086 νῦν
332 2059 413 2087 πάλιν
424 2059 545 2095 νεώτερα
562 2067 569 2075 ⁸
585 2061 690 2095 στεῖραι
712 2060 861 2092 τίκτουσαι,
882 2060 928 2086 καὶ
943 2060 1057 2096 γηραιαὶ

270 2105 489 2140 βλαστάνουσαι,
516 2105 678 2141 παραλόγως
702 2105 770 2141 μὲν,
787 2105 837 2132 οὐκ
864 2105 992 2141 ἀσπόρως
1007 2105 1055 2132 Gel

275 2150 357 2178 ’Δλλὰ
371 2151 398 2177 τι
414 2159 460 2186 μοι
475 2151 573 2184 ταῦτα,
591 2151 659 2186 πρὸς
675 2151 706 2178 τὸ
718 2152 816 2186 νόμους
841 2151 954 2186 λυθῆναι
976 2151 1056 2186 λόγου

269 2198 318 2224 καὶ
334 2196 440 2232 φύσεως
452 2205 460 2230 ;
477 2197 548 2224 Ἀλλ’
561 2197 622 2232 οὐχὶ
640 2196 737 2232 χρόνου
747 2205 776 2224 τε
791 2197 838 2224 καὶ
846 2196 997 2232 πηρώσεως
1009 2197 1056 2223 καὶ

269 2242 410 2270 συλλαβεῖν
435 2243 484 2270 καὶ
509 2244 600 2270 τεκεῖν
622 2243 780 2278 παρθένον;
806 2243 865 2270 Οὐκ
889 2242 969 2275 ἄνθος
994 2242 1054 2270 οὐδὲ

269 2288 386 2323 καρπὸν,
403 2288 441 2320 ὡς
457 2289 475 2323 ὴ
490 2287 597 2324 ῥάϐδος,
619 2288 710 2323 μόνον,
734 2287 795 2314 οὐδέ
807 2296 834 2314 τι
851 2288 962 2322 ρευστὸν
975 2287 992 2323 ἢ
1007 2288 1055 2315 καὶ

268 2334 383 2368 ἄψυχον,
397 2333 435 2365 ὡς
454 2334 471 2369 ἡ
486 2334 575 2368 πέτρα
586 2334 616 2360 τὸ
630 2334 715 2368 νᾶμα,
730 2333 800 2360 ἀλλὰ
814 2333 909 2369 βροτὸν
922 2353 929 2366 ,
952 2333 1054 2369 μᾶλλον

268 2377 297 2404 δὲ
311 2378 377 2404 Θεὸν
387 2377 455 2412 ὁμοῦ
472 2378 520 2405 καὶ
531 2377 637 2413 βροτὸν,
649 2377 758 2411 λογικόν
767 2385 797 2403 τε
812 2377 859 2403 καὶ
876 2376 967 2412 νοερόν
982 2385 989 2392 ·
1005 2376 1054 2403 καὶ

267 2423 316 2458 οὐχ
331 2423 393 2450 ὅσον
407 2422 445 2458 μὴ
461 2423 609 2458 φλεχθῆναι
620 2443 628 2456 ,
644 2422 712 2450 ἀλλὰ
735 2422 783 2448 καὶ
811 2421 956 2457 θεωθῆναι,
991 2421 1054 2456 μηδ’

268 2469 358 2504 ὐλικῇ,
378 2469 505 2504 καθάπερ
520 2469 545 2495 οἰ
561 2469 668 2502 παῖδες,
683 2467 751 2496 ἀλλὰ
767 2467 834 2494 Θεοῦ
860 2467 938 2502 φλογί
955 2474 962 2482 ·
991 2467 1053 2502 μηδ’

268 2515 358 2550 ἅκαρῇ
390 2514 436 2541 καὶ
465 2513 564 2545 ἔξωθεν
591 2514 665 2548 σχεῖν
694 2512 743 2548 τὴν
767 2512 873 2547 φλόγα,
899 2511 1054 2546 καθάπερή

270 2561 360 2596 βάτος,
377 2560 434 2587 ἀλλ’
452 2560 525 2587 ἔνδον
542 2567 572 2586 τε
585 2561 630 2586 καὶ
643 2559 690 2586 ἐπὶ
704 2560 832 2586 τοσοῦτον
846 2567 853 2574 ·
868 2559 914 2585 καὶ
931 2557 968 2594 μὴ
985 2558 1054 2584 διελ-
1070 2585 1082 2595 ,

269 2607 325 2634 θεῖν
354 2606 445 2633 δοῦναι
473 2606 565 2641 μόνον,
590 2605 662 2632 καθὰ
677 2605 725 2632 καὶ
741 2605 758 2639 ἡ
779 2604 898 2639 Ἐρυθρὰ
911 2603 995 2631 πάλαι
1014 2602 1054 2638 τῷ

273 2651 394 2687 Ἰσραὴλ,
408 2651 476 2678 ἀλλὰ
498 2651 545 2678 καὶ
558 2650 647 2686 σάρκα
668 2650 760 2676 δοῦναι
776 2649 814 2684 τῷ
831 2649 860 2682 ἐξ
873 2648 959 2684 αὐτῆς
975 2657 983 2664 ·
1000 2658 1053 2684 μη-

267 2698 295 2724 δὲ
309 2697 402 2730 ἁπλῶς
437 2697 595 2732 γραφῆναι,
623 2694 749 2730 καθάπερ
783 2695 811 2720 αι
851 2694 953 2725 πλάκες
983 2693 1051 2720 Θεοῦ

264 2744 400 2778 δακτύλῳ,
418 2742 486 2770 ἀλλὰ
502 2742 550 2769 καὶ
562 2741 643 2768 αὑτὸν
659 2739 871 2775 συνουσιωθῆναι
887 2739 933 2766 τὸν
953 2740 1049 2774 Λόγον,

265 2789 312 2816 καὶ
327 2789 479 2825 ὑποστῆναι
497 2787 527 2814 τὸ
541 2785 719 2822 πρόσλημμα,
732 2784 787 2811 τίσι
811 2783 898 2811 ταῦτα
922 2783 1050 2818 παραϐα-

263 2835 318 2862 λεῖν
333 2835 423 2867 είκόςς

1113 1738 1234 1766 dantes:
1255 1739 1399 1766 ﬂuminum
1427 1740 1544 1774 itnpetus
1571 1744 1627 1767 tum
1647 1741 1817 1775 interruptus
1845 1745 1902 1768 tum

1112 1788 1285 1818 retruactus;
1316 1785 1355 1812 sol
1385 1789 1459 1812 stare
1486 1785 1602 1819 jussus;
1628 1791 1684 1813 tum
1706 1786 1787 1812 etiam
1814 1787 1901 1813 nubes

1111 1837 1295 1864 praecurrens,
1323 1833 1351 1857 et
1383 1830 1510 1858 columna
1533 1831 1605 1866 ignis
1627 1831 1708 1858 modo
1734 1831 1901 1866 praecedens.

1110 1875 1192 1902 modo
1208 1877 1406 1911 subsequens:
1425 1876 1485 1904 fons
1515 1883 1628 1904 amarus
1658 1877 1736 1904 melle
1764 1876 1900 1908 diﬂluens,

1109 1925 1137 1948 et
1156 1921 1233 1949 arida
1254 1923 1330 1957 virga
1359 1921 1470 1950 ﬂoribus
1484 1927 1601 1956 onusta;
1618 1929 1650 1950 ac
1680 1927 1810 1957 praeterea
1838 1927 1902 1950 ante

1109 1965 1161 1993 ista
1181 1966 1266 1994 rubus
1281 1967 1381 1994 ardens
1395 1971 1422 1994 et
1437 1974 1493 1994 non
1509 1968 1691 2001 combustus;
1716 1973 1772 1995 tum
1798 1967 1898 1996 fornax

1109 2012 1286 2044 inexstincta,
1298 2012 1344 2039 sed
1353 2019 1414 2040 rore
1424 2015 1553 2047 madens;
1569 2017 1596 2040 et
1608 2021 1677 2048 aqua
1687 2014 1766 2048 aquis
1774 2013 1899 2047 incensa,

1108 2063 1203 2092 atque,
1221 2061 1250 2084 ut
1271 2057 1352 2093 plura
1367 2058 1595 2092 praetermittam,
1612 2059 1713 2086 tabula:
1742 2059 1789 2086 Dei
1816 2059 1901 2095 digito

1107 2103 1277 2138 conscripto,
1290 2108 1318 2130 et
1335 2103 1458 2132 volucres
1475 2103 1563 2131 instar
1577 2111 1667 2132 arente
1678 2105 1849 2139 depluentes.
1868 2111 1896 2133 et

1108 2156 1209 2176 manna
1227 2149 1336 2177 caelitus
1352 2149 1514 2181 demissum.
1529 2149 1637 2184 aliaque
1650 2150 1692 2178 his
1700 2154 1728 2178 et
1743 2151 1899 2186 antiquiora

1107 2193 1331 2228 etpraeclariora,
1355 2201 1387 2221 ac
1415 2194 1565 2221 recentiora
1584 2202 1705 2229 quoque.
1731 2203 1793 2230 qua:
1818 2203 1892 2223 nunc

1109 2240 1211 2267 iterum
1235 2247 1365 2273 evenere.
1385 2239 1494 2268 steriles
1509 2240 1646 2274 parientes
1668 2241 1728 2276 (4⁵),
1752 2246 1780 2268 et
1803 2241 1898 2269 effeta

1106 2289 1187 2313 aetate
1221 2285 1351 2313 mulieres
1380 2285 1537 2321 inopinate,
1561 2294 1719 2321 quanquam
1748 2294 1803 2314 non
1835 2287 1898 2315 sino

1107 2334 1236 2365 saseepto
1253 2331 1367 2363 semine,
1381 2330 1407 2357 in
1427 2335 1504 2358 utero
1514 2332 1672 2368 gestantes!
1692 2330 1792 2359 Verum
1809 2332 1898 2360 enim-

1107 2383 1172 2404 vero
1185 2376 1251 2411 quid
1270 2376 1322 2404 ista
1342 2376 1410 2403 mihi
1424 2396 1431 2408 .
1448 2377 1472 2404 si
1491 2384 1552 2404 cum
1566 2376 1760 2406 deﬁcientibus
1775 2377 1815 2412 (in
1833 2377 1896 2404 Vir—

1106 2420 1180 2456 gine)
1197 2425 1254 2448 tum
1268 2420 1488 2448 ratiocinationis
1500 2425 1612 2454 nostra},
1629 2426 1686 2449 tum
1709 2426 1815 2449 natura:
1830 2421 1898 2456 legi-
1942 2423 1945 2426 '

1105 2467 1156 2494 bus
1171 2466 1370 2494 conferantur?
1389 2468 1429 2494 An
1446 2475 1510 2494 vero
1529 2471 1595 2494 mtas
1607 2466 1700 2495 efﬂet:
1715 2475 1749 2494 ac
1765 2467 1896 2494 sterilitas

1106 2513 1197 2547 (partu
1220 2512 1288 2540 mire
1313 2513 1417 2548 ditatw)
1436 2513 1490 2540 ullo
1515 2513 1596 2540 modo
1627 2513 1779 2548 comparari
1796 2517 1897 2548 queant

1107 2566 1169 2585 cum
1196 2559 1331 2593 portentis
1352 2558 1423 2586 illius
1436 2578 1444 2590 ,
1468 2566 1528 2594 quae
1543 2559 1620 2593 virgo
1639 2562 1667 2586 et
1686 2558 1851 2592 conceperit,
1869 2561 1898 2586 et

1107 2603 1262 2638 pepererit?
1284 2603 1363 2636 Quod
1383 2608 1474 2630 autem
1504 2611 1559 2630 nou
1584 2602 1678 2630 ﬂoretn
1707 2602 1896 2629 tantummodo

1108 2649 1264 2677 fructumve
1290 2649 1444 2684 protulerit,
1472 2649 1510 2676 uti
1529 2649 1617 2684 prisca
1639 2649 1683 2675 illa
1697 2648 1790 2683 virga,
1806 2655 1895 2682 neque

1108 2694 1211 2722 ﬂuxum
1231 2695 1372 2730 quidpiam
1395 2699 1477 2729 atque
1504 2694 1694 2726 inanimatum,
1730 2693 1803 2721 sicut
1826 2693 1892 2720 olim

1105 2746 1180 2775 petra
1196 2740 1314 2773 laticem,
1331 2740 1379 2767 scd
1394 2740 1544 2772 hominem,
1563 2739 1688 2774 quiuituo
1704 2738 1788 2766 Deum
1811 2739 1892 2766 simul

1104 2790 1132 2814 et
1156 2786 1293 2814 hominem
1324 2785 1430 2812 ratione
1465 2784 1697 2819 intelligentiaque
1731 2783 1885 2819 praeditum.

1105 2833 1238 2869 Quodque
1253 2840 1307 2861 non
1322 2832 1405 2861 modo
1421 2832 1562 2860 combusta
1584 2839 1639 2859 non
1652 2831 1746 2864 fuerit,
1768 2831 1822 2858 imo
1843 2830 1887 2858 di-

300 2892 350 2928 (t')
367 2892 408 2920 Ad
427 2891 547 2920 Elisabet
569 2888 751 2918 Praecursoris
778 2892 894 2916 matrem
908 2889 964 2917 lnec
979 2895 1114 2925 spectant.
