2092 3157
202 181 255 211 835
823 176 982 206 JOANNIS
1002 175 1218 206 GEOMETRE
1432 210 1435 211 ν
1775 174 1828 205 Silii

1430 210 1435 223 ί

202 235 267 261 vina
283 233 319 262 sit
331 233 440 266 effecta,
452 240 514 261 eum
530 236 622 259 tamen
640 237 695 258 non
709 229 843 257 matcriali
868 230 990 264 ﬂamma,
1012 235 1042 258 ut
1059 231 1125 258 olim
1157 237 1212 258 tres
1225 230 1312 265 pueri,
1329 230 1376 258 sed
1397 229 1569 258 eomburenti
1602 229 1650 258 Dei
1667 229 1752 264 ipsius
1767 229 1828 264 igne

200 280 394 315 corriperetur,
434 285 523 313 neque
559 277 594 304 ad
616 266 731 304 brevem
765 275 861 302 horam
892 280 920 303 et
950 279 1133 310 extrinsecus,
1165 281 1196 304 ut
1211 276 1277 304 olim
1306 276 1403 309 rubus,
1428 283 1523 304 verum
1548 275 1712 303 intrinsecus
1739 280 1767 303 et
1794 276 1828 304 ad

201 331 308 363 tempus
328 331 383 354 tam
397 325 557 352 diuturnum
575 331 583 350 :
603 328 636 350 ac
647 329 744 349 rursus
758 321 832 356 quod
844 328 898 348 non
932 328 1007 349 mere
1026 323 1173 349 transitum
1191 321 1307 354 dederit,
1325 325 1355 349 ut
1377 320 1441 348 olim
1476 321 1600 349 Rubrum
1621 321 1763 353 lsraelitis,
1779 323 1828 350 sed

200 376 282 403 etiam
297 381 407 402 carnem
421 372 565 407 prodeunti
589 378 622 397 ex
649 369 708 404 ipsa
734 368 896 403 praebuerit;
932 367 1006 402 quod
1025 369 1199 404 insupernon
1234 369 1405 403 simpliciter,
1428 373 1458 396 ut
1476 369 1613 403 quondam
1630 369 1696 405 legis
1717 370 1828 400 tabulae.

202 422 248 449 Dei
273 420 357 455 digito
381 419 537 453 conscripta
562 418 617 450 sit,
638 416 685 444 sed
725 415 850 443 eamdem
873 422 936 442 cum
957 415 1002 442 illa
1022 415 1202 455 substantiam
1221 415 1311 450 ipsum
1344 415 1463 443 Verbum
1491 414 1628 448 habuerit,
1653 419 1680 443 et
1706 417 1779 452 quod
1794 423 1827 444 ex

201 469 258 503 ipsa
273 466 444 499 assumebat,
468 466 494 492 in
532 470 609 493 suam
645 462 798 499 hypotasim
832 462 998 497 adsciverit;
1038 463 1115 498 haec,
1138 463 1274 499 inquam,
1301 463 1393 491 omnia
1424 463 1586 499 quibusnam
1607 464 1668 491 aliis
1695 466 1830 499 portentis

199 512 351 547 comparari
367 510 506 546 possunt?

233 555 330 583 XXIV.
346 556 424 589 Quod
440 562 504 583 vero
532 562 587 582 non
611 554 692 581 modo
715 553 872 588 conceperit
900 552 988 587 virgo.

1076 554 1138 582 KA'.
1156 554 1193 581 Τὺ
1219 555 1248 582 δὲ
1276 556 1313 590 μὴ
1343 555 1424 590 μόνον
1438 555 1486 582 καὶ
1515 555 1657 582 συλλαϐεῖν
1684 555 1828 590 παρθένον,

199 605 227 627 et
237 605 399 634 conceptum
415 599 478 626 dein
497 599 593 625 furtum
615 598 642 624 in
659 598 747 624 lucem
778 596 917 630 ediderit,
942 596 990 624 sed

201 651 333 681 praeterea
352 645 433 672 enixa
454 644 639 679 virginitatem
649 643 809 675 servaverit,
835 649 925 669 nonne
940 642 990 668 dn-

201 692 262 727 plex
283 691 438 726 prodigium
453 690 494 717 vel
511 691 537 717 in
559 691 618 725 ipsa
634 694 741 716 tantmn
759 689 863 723 virgine
892 692 992 723 myste-

202 739 272 766 rium
292 738 370 765 nobis
379 737 518 764 ostendit?
532 736 666 764 Caeterum
678 736 767 764 adhuc
788 735 876 770 majus
902 735 934 770 (si
951 740 991 762 ta-

203 791 264 810 men
275 782 421 817 quodpiam
438 782 528 816 majus
541 781 632 808 dicere
662 781 733 816 licet)
749 781 832 816 priori
855 780 992 815 posterius

203 832 324 863 apparet.
335 827 402 853 Nam
417 827 488 861 quod
501 826 617 853 Verbum
628 828 747 853 nomium
762 834 892 861 corporea
903 835 992 856 massa

203 873 436 901 circmnvestitnm
451 873 582 900 ineffabili
597 874 706 908 quidem
718 875 833 905 ratione,
848 875 894 902 scd
912 884 991 912 pror-

205 927 252 947 sus
267 919 381 953 integris
397 919 573 953 virginalibus
589 919 716 945 claustris
739 920 880 955 ingressus
900 923 991 956 fuerit,

204 970 371 996 carnemque
388 962 579 996 assumpserit,
598 962 650 988 hoc
664 970 730 990 sane
753 964 877 992 mirabile
890 972 941 998 est,
965 973 992 994 et

204 1007 361 1034 nullatenus
369 1007 562 1042 comprehendi
572 1011 669 1042 potest.
679 1008 745 1041 Quis
753 1009 826 1037 enim
835 1010 885 1038 hoc
895 1018 972 1046 neget
981 1013 993 1039 Y

203 1052 262 1079 Non
279 1053 348 1080 adeo
359 1058 449 1080 tamen
465 1053 655 1082 admirandum
669 1055 734 1083 illud
750 1060 803 1088 est,
814 1059 993 1092 quemadmo-

203 1099 266 1126 dum
277 1099 349 1134 quod
376 1107 437 1126 eum
458 1105 600 1134 assumpto
632 1109 741 1136 qttoque
762 1110 857 1130 crasso
880 1111 994 1138 corpore

204 1153 342 1181 egressus,
360 1150 477 1181 portam,
491 1147 528 1174 uti
549 1148 624 1181 prius
634 1167 641 1179 .
655 1149 828 1184 obsignatam
842 1150 992 1184 reliquerit,

203 1192 278 1218 velut
289 1198 320 1219 ac
337 1198 473 1226 nunquam
489 1193 652 1221 transiisset.

1042 600 1090 627 καὶ
1105 601 1292 628 συλλαϐοῦσαν
1305 601 1449 634 διατελεῖν,
1466 602 1534 628 ἀλλὰ
1552 603 1599 629 καὶ
1620 601 1753 628 τεκοῦσαν
1779 604 1829 636 τὴν

1042 646 1192 681 παρθενίαν
1216 647 1367 682 διατηρεῖν,
1399 647 1498 679 πῶςού
1514 647 1625 674 διπλοῦν
1651 648 1700 682 μὲν
1719 649 1784 682 ἡμῖν
1799 648 1830 675 τὸ

1043 692 1113 718 κατὰ
1123 693 1172 728 τὴν
1186 693 1320 728 παρθένον
1332 693 1412 728 μόνον
1420 694 1593 721 ἀναδείκνυσι
1609 694 1702 729 θαῦμα
1715 694 1762 720 τοῦ
1780 703 1831 729 μυ-

1043 739 1172 774 στηρίου;
1198 739 1290 774 μεῖζον
1303 739 1442 775 δὶ,¹εῐπερ
1455 749 1482 767 τι
1499 741 1592 775 μεῖξον
1618 741 1706 767 εἰπεῖν
1724 739 1829 772 ἔξεστι,

1042 785 1090 812 καὶ
1107 784 1154 811 τοῦ
1172 785 1355 819 προλαϐόντος
1366 806 1374 818 ,
1405 787 1542 821 φαίνεται.
1555 786 1591 812 Τδ
1609 786 1658 820 μὲν
1679 786 1734 820 γὰρ
1749 786 1831 819 μήπω

1043 831 1214 866 παχυνθέντα
1228 832 1274 858 τὸν
1288 832 1384 866 Λόγον,
1399 832 1545 868 ἀφράστως
1561 832 1622 867 μὲν,
1644 831 1777 862 ἀσείστως
1801 830 1831 857 δὲ

1042 879 1096 905 τῶν
1113 878 1256 914 νυμφικῶν
1267 879 1398 905 εἰσελθεῖν
1411 879 1553 914 κλείθρων,
1569 878 1617 905 καὶ
1630 878 1720 913 σάρκα
1728 877 1830 910 λαϐεῖν,

1043 924 1199 959 θαυμαστὸν
1213 925 1262 959 μὲν
1276 925 1324 952 καὶ
1347 925 1408 952 οὐδὲ
1430 924 1618 960 καταληπτόν·
1636 924 1694 956 πῶς
1708 923 1762 959 γὰρ
1776 923 1806 950 οὗ
1822 932 1830 956 ;

1043 969 1119 997 οὔπω
1129 970 1156 997 δὲ
1169 971 1307 1003 τοσοῦτον,
1322 971 1382 998 ὅσον
1397 971 1466 1006 μετὰ
1477 971 1524 997 τοῦ
1538 973 1640 1006 πάχους
1653 969 1714 997 ὅλου
1727 971 1774 996 καὶ
1782 969 1830 996 τοῦ

1045 1016 1258 1052 προσλήμματος
1270 1016 1422 1050 ἐξελθόντα,
1442 1017 1491 1051 τὴν
1508 1016 1596 1050 πύλην
1605 1011 1831 1052 ὲσφραῇισμένην

1043 1061 1205 1094 ἀπολιπεῖν,
1237 1061 1331 1098 ὥσπερ
1358 1063 1392 1089 ἂν
1415 1062 1440 1089 εί
1475 1062 1544 1098 μηδὲ
1567 1061 1617 1098 τὴν
1643 1062 1731 1098 ἀρχὴν
1760 1062 1828 1089 διελ·

1045 1106 1099 1134 θὼν
1111 1105 1156 1142 ἦν.

239 1235 324 1263 XXV.
338 1237 390 1270 Qui
406 1244 488 1272 porro
500 1245 589 1264 meum
598 1246 657 1266 esse
667 1239 762 1273 pOSsit,
778 1240 896 1275 prodigii
911 1241 991 1274 huius

1078 1241 1144 1267 KE'.
1160 1239 1215 1267 Kal
1227 1239 1253 1265 τί
1269 1247 1315 1274 μοι
1330 1238 1378 1265 τοῦ
1388 1238 1528 1274 θαύματος
1542 1238 1695 1274 ἀνιχνεύειν
1704 1238 1735 1264 τὸ
1745 1238 1830 1264 πέλα-

206 1283 318 1318 pclagus
333 1283 519 1317 investigare?
537 1282 594 1310 Hoc
606 1284 696 1318 ipsum
714 1287 785 1313 enim
803 1287 991 1315 admirandum

206 1328 275 1355 adeo
289 1328 427 1356 veteribus
441 1337 550 1365 quoque
564 1329 651 1357 visum
667 1335 718 1364 est,
737 1336 766 1358 nt
786 1334 826 1359 vel
842 1334 991 1368 propheta,

205 1382 219 1402 a
237 1374 316 1410 longe
332 1375 396 1401 illnd
414 1375 561 1407 intuentes,
579 1384 717 1409 nunquam
734 1385 788 1404 non
809 1383 920 1412 stupore
937 1386 994 1414 per-

205 1420 379 1452 cellerentur,
397 1425 425 1448 et
440 1428 493 1447 non
516 1421 595 1448 modo
607 1422 698 1456 ipsum
715 1423 910 1450 annuntiarent
933 1424 993 1451 ubi-

205 1474 270 1501 que,
290 1467 338 1494 sed
358 1471 386 1494 et
409 1467 540 1502 symbolis
551 1468 716 1503 quibusdam
740 1469 898 1504 umbrisque
926 1470 994 1497 deli-

207 1517 332 1545 nearent,
350 1512 372 1540 si
389 1513 460 1540 forte
476 1513 682 1541 obscurioribus
700 1514 837 1550 aliquibus
850 1515 935 1543 veluti
947 1522 995 1543 co-

207 1558 312 1585 loribus
338 1564 420 1586 tanta
451 1559 488 1586 rei
528 1559 741 1594 magnitudinem
769 1561 874 1588 ratione
903 1562 994 1596 aliqua

206 1603 370 1630 adumbrare
383 1608 503 1638 possent.
519 1605 607 1639 Atque
624 1604 666 1631 his
681 1606 804 1638 edoctus,
817 1607 874 1641 ipse
887 1613 996 1641 quoque

207 1656 268 1675 cum
283 1649 420 1682 prioribus
431 1656 462 1675 ea
473 1656 633 1683 comparare
650 1650 723 1682 novi,
747 1658 808 1685 qua:
827 1651 901 1685 prius
921 1659 996 1678 com-

209 1695 350 1728 paratione
364 1695 502 1722 carebant.
521 1695 562 1722 Ad
575 1695 640 1722 illud
654 1696 727 1722 enim
747 1696 788 1724 vel
810 1705 894 1724 unum
910 1697 995 1731 virgi-

209 1740 302 1767 nitatis
318 1740 470 1774 prodigium
483 1740 522 1767 sic
534 1748 564 1767 se
580 1741 681 1768 habent
695 1749 726 1768 ea
740 1742 830 1768 omnia
847 1761 854 1774 ,
870 1747 950 1777 prout
962 1742 995 1770 ad

209 1785 350 1812 veritatem
366 1794 395 1812 se
416 1786 496 1813 habet
510 1791 598 1819 typus,
614 1787 646 1812 ad
663 1793 764 1821 corpus
789 1788 896 1820 umbra,
915 1792 997 1823 atque

209 1829 243 1856 ad
263 1837 319 1856 rem
329 1830 415 1864 ipsam
439 1831 586 1858 somnium.
602 1830 739 1866 Virginem
754 1832 855 1867 quippe
879 1833 924 1860 illa
940 1840 998 1860 om-

210 1876 254 1902 nia
282 1876 505 1909 adumbrabant;
528 1877 617 1911 iisque
648 1878 778 1913 symbolis
809 1879 996 1914 prmsignatam

209 1928 270 1948 esse
284 1928 381 1948 omines
395 1922 481 1956 ipsam
498 1923 687 1956 exsistimant,
704 1924 888 1959 eongruisque
908 1925 997 1951 nomi-

209 1967 290 1993 nibus
298 1967 445 2001 appellunt,
460 1975 536 1994 mare
543 1968 658 1995 divisum
671 1969 826 2003 iterumque
834 1970 997 2000 adunatum.

210 2016 315 2047 portam
330 2013 450 2047 perviam
468 2013 551 2040 simul
571 2019 598 2040 et
619 2014 760 2047 clausam;
783 2014 922 2042 fornacem
939 2022 1000 2042 rore

210 2057 364 2086 madentem
373 2059 464 2092 simul,
475 2064 558 2094 atque
565 2059 723 2093 ardentem;
735 2059 997 2093 rubumincensum,

209 2105 258 2132 sed
284 2113 338 2132 non
356 2106 546 2139 combustum;
582 2107 681 2134 nubem
699 2107 752 2134 diei
780 2107 862 2134 simul
877 2111 904 2134 et
932 2107 1000 2134 recti

211 2151 316 2178 itineris
325 2152 466 2185 nuntiam;
483 2152 639 2179 columnam
659 2152 740 2188 ignis,
759 2160 812 2180 non
831 2153 922 2186 modo,
938 2160 999 2180 crc-

210 2198 343 2231 diderim,
373 2200 495 2226 divinant
523 2201 611 2234 ignem
629 2201 656 2227 in
682 2208 712 2228 se
731 2200 874 2234 ferentem,
904 2209 998 2229 verum

210 2245 290 2272 etiam
312 2246 433 2272 divinum
449 2253 603 2278 novumque
617 2247 746 2281 populum
762 2251 857 2274 contra
870 2248 1000 2282 spiritua-

211 2291 262 2317 lt‘lll
291 2290 461 2317 Pharaonem
488 2292 756 2323 ροιιιιιιιιιιίιειιιοιιιςΔ
783 2297 887 2326 petram
925 2293 999 2325 mel,

210 2336 328 2363 Verbum
357 2337 470 2368 scilicet,
492 2337 696 2370 effundentem;
718 2338 820 2372 virgam
847 2339 999 2373 progermi-

211 2387 319 2408 nantem
331 2381 436 2413 ﬂorem,
452 2383 617 2417 qnigeneris
633 2383 744 2409 humani
757 2383 904 2418 fragrantia
916 2388 957 2410 est
973 2387 1000 2411 et

211 2428 294 2462 gloria
307 2437 313 2460 ς
332 2428 455 2464 [terram,
468 2436 530 2462 qua:
547 2437 655 2464 semper
670 2430 711 2456 sui
728 2429 835 2462 similis,
850 2437 881 2457 ae
896 2430 1000 2457 ctelcsti

212 2473 341 2500 alimento
357 2473 455 2500 referta
482 2474 591 2500 inventa
607 2478 662 2506 est;
688 2481 803 2508 qumque
824 2481 932 2504 manna,
954 2480 1000 2508 pa-

212 2527 272 2546 nem
292 2520 403 2546 minime
419 2520 533 2551 cultum,
554 2519 667 2554 profert,
683 2526 763 2553 quem
783 2518 887 2546 scilicet
914 2525 1000 2552 neque

1044 1295 1091 1321 γος
1105 1295 1112 1319 ;
1129 1285 1206 1312 Οὕτω
1221 1286 1275 1319 γὰρ
1289 1284 1362 1316 ἔδοξε
1377 1284 1491 1316 καὶτοῖς
1513 1285 1597 1310 πάλαι
1618 1283 1699 1310 τοῦτο
1725 1283 1832 1318 θαυμα-

1045 1332 1118 1364 στὸν,
1150 1331 1187 1362 ὡς
1210 1329 1314 1358 ἄνωθεν
1340 1330 1385 1357 ἀεὶ
1413 1329 1493 1356 τοῦτο
1519 1330 1567 1356 καὶ
1595 1330 1659 1361 τοὺς
1688 1330 1832 1365 προφήτας

1045 1377 1258 1414 ἐκπλήττεσθαι,
1278 1376 1324 1403 καὶ
1340 1375 1377 1411 μὴ
1391 1375 1470 1410 μόνον
1496 1375 1635 1411 πανταχοῦ
1661 1375 1831 1410 περιφέρειν,

1044 1424 1112 1452 ἀλλὰ
1127 1423 1175 1450 καὶ
1188 1422 1358 1458 ὑπογράφειν
1370 1422 1514 1457 συμϐόλοις
1528 1422 1560 1455 γέ
1583 1428 1639 1448 τισι
1655 1421 1702 1447 καὶ
1718 1420 1808 1452 σκιαῖς

1045 1470 1073 1496 εῖ
1084 1478 1162 1502 πως,
1192 1467 1286 1504 ὥσπερ
1317 1470 1346 1495 ἐν
1384 1466 1584 1503 άμαυροτέροις
1609 1467 1664 1494 τισὶ.
1692 1467 1830 1502 χρώμασι,

1046 1516 1283 1551 σκιαγραφήσουσι
1306 1514 1337 1540 τὸ
1363 1513 1409 1540 τοῦ
1436 1513 1599 1548 πράγματος
1617 1513 1742 1548 μέγεθος.
1761 1513 1833 1539 Κὰνο

1046 1561 1134 1589 ταῦοα
1170 1559 1274 1595 μαθὼν,
1303 1559 1429 1593 ἔγνωκα,
1460 1558 1610 1594 συγκρίνας
1643 1558 1773 1593 ἀνωτέρω
1799 1557 1833 1584 τα

1046 1607 1159 1634 αὐτόθεν
1172 1606 1337 1640 ἀσύγκριτα.
1353 1605 1435 1631 Ὀσον
1453 1604 1508 1640 γὰρ
1521 1604 1607 1630 τύπου
1634 1603 1682 1630 καὶ
1705 1603 1834 1639 ἀληθείας

1046 1651 1076 1676 τὸ
1093 1651 1186 1685 μέσον,
1202 1651 1249 1676 καὶ
1259 1650 1385 1684 σώματος
1398 1649 1444 1675 καὶ
1454 1649 1543 1680 σκιᾶς,
1556 1648 1603 1674 καὶ
1613 1648 1773 1683 πράγματος
1787 1649 1835 1674 καὶ

1046 1696 1196 1732 ὀνείρατος,
1205 1695 1331 1722 τοσοῦτον
1340 1694 1474 1721 κάκείνων
1482 1694 1591 1720 πάντων
1603 1693 1671 1728 ὁμοῦ
1685 1694 1732 1720 καὶ
1750 1694 1834 1728 μόνου

1046 1742 1094 1768 τοῦ
1107 1741 1234 1776 κατὰτὴν
1249 1740 1386 1776 Παρθένον
1402 1740 1552 1775 θαύματος.
1568 1740 1659 1767 Πάντα
1673 1740 1728 1774 γὰρ
1743 1740 1834 1766 ἐκεῖνα

1047 1787 1151 1822 ταύτην
1165 1787 1293 1819 ὲτύπουν,
1307 1787 1354 1812 καὶ
1366 1786 1454 1812 πάντα
1469 1785 1572 1821 ταύτην
1582 1786 1681 1817 πάντες
1695 1786 1836 1820 νομίζουσί

1048 1840 1077 1860 τε
1087 1833 1133 1860 καὶ
1151 1831 1316 1867 ὀνομάζουσι
1329 1840 1337 1848 ⁸
1350 1832 1488 1859 θάλασσαν
1506 1831 1668 1866 σχιζομένην
1693 1832 1739 1858 καὶ
1756 1831 1837 1858 πάλιν

1049 1878 1250 1914 σννερχομένην
1265 1885 1272 1893 ο
1290 1878 1380 1913 πύλην
1403 1877 1615 1912 διαϐαινομένην
1634 1877 1693 1912 ἅμα
1717 1877 1764 1903 καὶ
1788 1885 1835 1903 κε-

1050 1926 1214 1960 κλεισμένην
1227 1933 1233 1940 ·
1252 1925 1367 1959 κάμινον
1385 1924 1579 1961 δροσιςομένην
1595 1924 1654 1959 ἅμα
1664 1919 1711 1950 καὶ
1737 1924 1836 1958 sim»

1052 1971 1153 2006 μένην
1171 1970 1252 2006 βάτον
1273 1971 1432 2006 καιομένην,
1459 1969 1516 1997 ἀλλ’
1541 1970 1572 1996 οὐ
1593 1969 1815 2004 κατακαιομὲνην
1828 1978 1835 1985 ί

1050 2015 1165 2050 νεφέλην
1190 2016 1297 2051 ἡμέρας
1326 2017 1385 2051 ἅμα
1423 2015 1471 2042 καὶ
1504 2015 1671 2050 εὐθυπορίας
1702 2015 1835 2049 ἄγγελον·

1051 2060 1147 2087 στύλον
1163 2060 1259 2095 πυρὸς,
1273 2061 1303 2087 οὺ
1320 2061 1350 2086 τὺ
1364 2061 1446 2093 Θεῖον,
1470 2059 1558 2095 οἶμαι,
1575 2061 1655 2095 μόνον
1672 2060 1728 2096 πῦρ
1743 2061 1838 2094 ἐπιφε-

1051 2107 1179 2142 ρομένην,
1192 2107 1259 2134 ἀλλὰ
1271 2108 1319 2133 καὶ
1330 2107 1376 2133 τοῦ
1387 2107 1460 2133 θείου
1473 2108 1520 2133 καὶ
1529 2107 1590 2133 νέου
1601 2106 1665 2133 λαοῦ
1682 2107 1727 2132 τὸν
1738 2105 1838 2140 Φαραὼ

1049 2153 1095 2179 τὸν
1109 2153 1204 2187 νοητὸν
1219 2153 1484 2188 ἁποφραγνυμέν-ην·
1501 2153 1604 2188 πέτραν
1618 2153 1678 2187 μέλι
1693 2153 1738 2178 τὸν
1753 2153 1838 2185 Λόγον

1052 2201 1177 2234 ῥέουσαν,
1191 2199 1288 2234 ῥάϐδον
1309 2199 1399 2230 ἄνθος,
1420 2200 1469 2234 τὴν
1488 2199 1602 2225 εὐωδίαν
1629 2199 1676 2225 καὶ
1697 2199 1774 2230 δόξαν
1790 2199 1838 2224 τοῦ

1051 2245 1156 2279 γένους,
1166 2245 1302 2280 φέρουσαν
1314 2253 1321 2262 ·
1337 2244 1400 2281 [γῆν
1414 2245 1545 2280 μείνασαν
1558 2245 1604 2272 οῖα
1615 2245 1683 2277 ἐστὶ,
1692 2246 1738 2271 καὶ
1748 2245 1837 2279 πλήρη

1050 2292 1100 2326 τῆς
1127 2291 1202 2323 θείας
1236 2292 1436 2326 εὑρισκομένην
1451 2292 1576 2326 τροφῆς·
1605 2291 1653 2318 καὶ
1669 2292 1766 2326 μάννα,
1791 2292 1838 2317 τὸν

1050 2336 1226 2371 ἀγεώργητον
1253 2335 1346 2371 ἄρτον,
1376 2337 1523 2371 φέρουσαν,
1538 2336 1568 2362 ὃν
1582 2336 1643 2362 οὔτε
1669 2336 1762 2370 ἄροσις
1776 2335 1838 2361 οὔτε

1052 2382 1142 2416 σπορά
1174 2380 1378 2417 ὲγεώργησε·]
1410 2382 1526 2408 κιῦωτὺν
1560 2382 1717 2416 ἄψαυστον,
1751 2382 1839 2416 κῆπον

1051 2427 1160 2458 ἄσυλον,
1177 2427 1288 2462 λυχνίαν
1300 2427 1441 2459 ἄσϐεστον,
1451 2428 1514 2454 ναὸν
1527 2427 1636 2460 ᾱὸατον,
1652 2429 1713 2463 δρος
1729 2428 1838 2462 ἄτομον,

1051 2473 1160 2507 ἀρεταῖς
1175 2473 1342 2507 κατάκομον,
1357 2473 1448 2499 πλάκα
1459 2473 1623 2508 θεόγραιρον,
1646 2473 1763 2508 στάμνον
1781 2473 1840 2499 θεο-

1050 2518 1138 2552 δὸχον,
1153 2517 1307 2553 τράπεζαν,
1324 2518 1367 2551 ἐφ’
1426 2519 1440 2543 ὁ
1462 2519 1511 2552 τῆς
1528 2518 1601 2552 ζωῆς
1626 2519 1718 2554 ἄρτος,
1735 2518 1838 2552 κλίνην,

211 2566 300 2592 aratio
318 2573 407 2600 neque
420 2565 597 2593 commissum
609 2572 702 2592 semen
717 2563 845 2600 attulit;]
860 2571 995 2598 nunquam

1054 2562 1096 2596 ἐφ’
1110 2560 1143 2598 ἧς
1156 2563 1170 2588 ό
1198 2560 1310 2593 δυνατὸς
1327 2562 1511 2595 ἀνεπαύσατο,
1525 2563 1657 2597 κλίμακα,
1677 2563 1710 2589 δι’
1726 2561 1759 2599 ἧς
1772 2571 1840 2589 κατ-

211 2615 368 2638 tcmeralam
385 2618 476 2639 aream
490 2631 497 2645 ,
517 2611 625 2637 hortum
642 2609 837 2642 inviolabilem,
861 2609 999 2636 lucernam

211 2663 348 2691 mmqnam
364 2664 416 2684 non
428 2657 573 2688 lucentem,
585 2656 714 2690 templum
730 2656 909 2686 inaccessum,
922 2661 1001 2681 mon-

211 2707 263 2730 tem
280 2710 333 2730 non
349 2708 453 2731 sectum
477 2711 509 2730 ac
525 2702 670 2730 virtutibus
683 2701 864 2734 frondentem,
878 2700 996 2727 tabulam

1054 2607 1163 2643 ἔρχεται
1193 2607 1242 2642 μὲν
1255 2607 1332 2638 Θεὸς,
1344 2607 1486 2642 ἀνέρχεται
1499 2608 1527 2634 δὲ
1539 2609 1554 2634 ὀ
1565 2609 1669 2643 θνητὸς,
1687 2609 1840 2643 ἀρχομένην

1055 2653 1107 2688 μὲν
1138 2653 1192 2679 τῶν
1220 2653 1345 2688 χθονίων,
1377 2654 1534 2689 ἁπτομένην
1557 2655 1585 2681 δὲ
1613 2656 1659 2681 καὶ
1683 2656 1735 2681 τῶν
1759 2654 1841 2689 οὐρα-

1052 2700 1126 2726 νίων.

211 2757 225 2776 a
247 2749 301 2777 Deo
327 2750 532 2784 conscriptam;
558 2756 654 2776 urnam
683 2747 767 2774 Deum
799 2747 1003 2778 continentem;
1024 2753 1147 2772 mensam
1176 2745 1203 2772 in
1218 2753 1271 2780 qua
1289 2745 1367 2780 panis
1382 2750 1424 2773 est
1439 2746 1518 2779 vitze;
1536 2747 1661 2773 lectulum
1686 2747 1712 2773 in
1733 2754 1842 2781 quors-

211 2796 314 2830 quievit
329 2797 375 2831 qui
391 2801 486 2830 potens
499 2801 541 2824 est
552 2815 560 2830 ,
577 2796 679 2824 scalam
693 2801 741 2830 per
753 2801 835 2829 quam
849 2798 876 2820 et
904 2791 1047 2820 descendit
1074 2791 1156 2824 D‘eus,
1172 2796 1199 2819 ct
1225 2792 1350 2819 ascendit
1369 2792 1451 2819 homo
1463 2812 1471 2824 ,
1507 2794 1587 2820 terris
1613 2793 1734 2826 inniaam
1761 2799 1843 2829 atque

210 2841 293 2868 melos
309 2841 495 2875 attinguntcm.

249 2885 343 2914 XXVI.
361 2886 421 2913 [hec
436 2891 489 2913 tam
503 2886 644 2920 przeclara,
656 2890 736 2921 atque
747 2884 789 2912 his
800 2884 880 2912 etiam
898 2883 1002 2918 potiora

1092 2881 1165 2915 KG’.
1193 2883 1318 2910 Τοσαῦτα
1335 2891 1380 2918 μοι
1391 2884 1438 2910 καὶ
1453 2884 1492 2911 ἔτι
1503 2885 1588 2912 πλείω
1601 2886 1666 2921 περὶ
1692 2886 1740 2922 τὴν
1767 2887 1842 2921 Παρ-
