2092 3157
240 172 292 203 8'57

632 171 760 201 SERMO
778 171 818 201 IN
837 171 890 202 SS.
913 171 1088 202 DEIPAR/E
1107 172 1466 205 ANNUNTIATIONEM.

1812 178 1864 209 838

239 226 315 252 θένον
326 225 360 252 τὰ
374 224 512 260 θαύματα,
525 224 624 259 μᾶλλον
643 225 671 251 δὲ
686 225 720 251 τὰ
732 225 778 252 τοῦ
793 225 932 260 θαύματος
954 226 1026 252 εἰκομ

1080 227 1105 254 in
1125 226 1234 263 Virgine
1255 228 1389 264 prodigia,
1417 237 1465 255 seu
1487 228 1576 263 potius
1597 229 1783 265 prodigiorum
1800 214 1865 260 ima‘

239 272 376 307 νίσματα·
393 271 441 298 καὶ
465 271 510 297 διὰ
533 271 619 298 ταῦτά
645 279 691 306 μοι
717 271 748 297 τὸ
766 272 829 306 περὶ
843 272 897 308 *τὴν
926 271 1023 298 συλλα-

239 318 338 344 6οὖσαν
355 317 513 353 θαυμάζειν,
529 317 620 343 ἔπεισι
636 317 696 352 μὲν,
708 317 756 343 οὐκ
767 317 854 350 ἔξεστι
867 317 905 350 δὲ,
922 319 958 352 μὴ
977 317 1024 345 καὶ

239 362 397 398 καουὸρίσω
412 362 442 388 τὸ
468 360 561 397 θαῦμα
571 361 611 396 τῷ
635 361 753 397 θαύματι
768 370 776 378 ·
792 362 823 388 τὸ
837 362 864 388 δὲ
891 363 938 389 καὶ
960 364 1024 398 περὶ

239 408 284 433 τὸν
298 407 483 441 συλληφθέντα
500 406 639 441 θαυμάσαι
654 408 719 442 μὲν,
748 407 802 441 ὅσῳ
828 407 908 433 πλέον
932 408 1024 443 εὗρεῖν

239 453 368 480 ἀδύνατον
383 460 390 467 ·
404 452 497 487 φρίξαι
509 453 537 479 δὲ
550 452 659 487 μᾶλλον,
673 453 690 488 ἢ
705 453 845 488 θαυμάσαι
858 453 927 486 δέον,
954 453 1024 480 ἀπο-

239 504 286 534 ρσν
299 506 305 512 ·
330 498 461 534 κροτῆσαι
475 498 503 524 δὲ
521 498 632 533 μᾶλλον,
656 498 674 533 ἢ
705 498 799 534 φρίξαι
822 499 869 525 καὶ
887 498 1024 534 θαυμάσαι

240 543 354 579 πρέπον,
372 543 547 578 ἀσύγκριτον.
567 543 646 570 Οὕτω
663 552 709 579 μοι
729 545 775 571 καὶ
792 544 877 570 πολλὰ
893 546 940 571 καὶ
962 545 1026 571 πολ-

238 590 353 626 λαχόθεν
370 590 416 616 καὶ
431 590 475 616 tua
489 590 538 624 τῆς
550 589 647 624 ἑορτῆς
665 590 699 616 τὰ
714 590 852 625 μυστήρια
868 599 875 606 ·
897 590 965 617 ἀλλὰ
977 590 1023 617 τοῦ

241 637 289 672 μὲν
303 636 440 671 Θαύματος
450 626 581 663 τοσοῦτον
594 635 781 671 ἐνδειξάμενος
796 636 877 671 μόνον
892 637 939 663 καὶ
955 637 1025 664 ἁπο-

239 681 388 714 λελανκὼς,
403 682 566 717 ἀφίσταμαι.

1078 273 1155 308 gines
1169 279 1313 308 contueor;
1332 282 1363 302 ac
1385 279 1526 310 propterea
1552 276 1732 310 concipientis
1756 285 1863 312 portem

1077 322 1135 345 tum
1147 319 1285 346 celebrare
1298 319 1364 346 mihi
1376 320 1484 354 quidem
1499 320 1582 352 subit,
1593 322 1641 348 sed
1657 322 1698 349 [τις
1714 330 1767 349 non
1781 324 1863 356 duco,

1080 371 1125 396 ne,
1154 364 1218 391 dum
1236 364 1346 391 laudare
1360 365 1515 399 aggredior,
1545 366 1667 393 miraculi
1696 368 1863 402 Itiujestatem

1079 409 1240 436 imminuam
1257 418 1264 436 :
1281 410 1354 444 quod
1370 417 1433 437 vero
1459 415 1589 445 praeterea
1609 412 1642 439 ad
1665 420 1727 440 eum
1747 419 1863 448 spectat,

1079 455 1124 489 qui
1140 460 1287 489 conceptus
1302 460 1354 488 est,
1378 463 1412 483 eo
1431 456 1539 491 quidem
1558 458 1645 493 magis
1666 459 1863 494 obstupescunt-

1079 502 1142 527 dum
1158 505 1209 532 est,
1221 508 1275 535 quo
1289 502 1380 528 minus
1397 501 1437 529 vel
1464 503 1612 537 excogitari
1629 504 1654 531 id
1672 506 1780 539 potuit;
1809 515 1864 542 quo

1080 546 1171 573 minus
1196 553 1261 572 vero
1288 546 1409 581 pervium
1440 547 1505 574 illud
1521 553 1574 581 est,
1589 553 1728 584 stuporem
1745 557 1864 584 sanctus

1081 592 1179 618 horror
1192 591 1282 619 vincat
1295 597 1415 627 oportet;
1431 593 1558 627 plaudere
1573 595 1682 622 demum
1699 597 1759 631 plus
1779 599 1863 625 etiam

1079 638 1174 670 decet,
1200 645 1282 672 quam
1303 643 1330 665 et
1350 643 1465 666 tremere
1493 647 1526 667 ac
1549 645 1679 675 stupere,
1706 643 1767 670 ideo
1790 645 1864 678 quod

1080 683 1181 710 nullam
1197 684 1429 717 comparationem
1444 685 1582 712 admittat.
1595 685 1640 713 Sic
1653 687 1719 714 mihi
1733 693 1760 715 et
1781 690 1865 716 multa

239 734 266 757 et
280 729 421 764 multiplici
438 737 470 756 cx
488 730 575 764 capite
591 734 618 756 et
645 729 776 765 dignitate
810 730 888 765 paria
913 737 974 758 sese
998 730 1135 765 objiciunt
1168 730 1351 758 solemnitatis
1373 731 1455 766 hujus
1493 734 1641 768 mysteria;
1661 735 1707 761 sed
1738 735 1771 762 ad
1801 743 1865 770 por-

240 780 312 806 tenta
339 776 412 810 quod
440 775 546 808 attinet,
566 777 680 803 cumch
705 777 757 804 hoc
783 784 867 804 unum
893 782 947 805 tam
972 778 1102 805 exiunium
1117 777 1292 805 indicaverim
1308 783 1335 806 et
1348 778 1534 813 delibaverim,
1550 780 1606 814 jam
1623 781 1737 810 absiste.

275 821 337 848 KZ’.
351 821 456 856 Φρίττω
467 821 505 853 δὲ,
517 821 583 849 Θεὸν
594 822 681 857 εὑρὼν
691 823 738 849 καὶ
752 823 842 851 λαϐὼν
853 824 903 859 τῆς
914 824 1021 859 φύσεως

1110 824 1218 852 XXVII.
1232 824 1350 852 Maximo
1373 833 1455 860 porro
1471 831 1544 853 metu
1560 820 1702 861 percellor,
1731 837 1765 857 ne
1789 835 1865 864 post-

240 867 379 899 κοινωνδν,
394 867 441 894 καὶ
526 868 703 904 τρεφόμενος,
719 869 757 901 ὡς
767 870 883 906 τρώγων
894 871 924 897 τὺ
942 871 1022 906 σῶμα

1078 877 1156 906 quam
1169 870 1253 898 Deum
1278 876 1382 899 natura:
1410 877 1512 899 nostra:
1540 878 1695 901 consortem
1716 876 1813 910 reperi,
1838 881 1866 904 ct

239 913 287 940 καὶ
297 913 382 939 πίνων
393 913 423 939 τὸ
437 910 506 947 αἷμα
523 921 530 928 '
545 914 582 949 μὴ
598 913 646 941 καὶ
657 915 836 950 καταφλεχθῶ
850 917 897 943 νῦν
913 917 1024 951 μᾶλλον,

239 959 269 985 οὺ
285 958 405 994 καθαρὸς
430 959 479 985 τοῦ
503 959 624 995 καθαροῦ
657 962 894 996 προσαπτόμενος,
918 963 966 989 καὶ
990 963 1024 999 τῇ

239 1005 366 1040 κοινωνίᾳ
395 1005 474 1032 κοινὰ
500 1006 535 1032 τὰ
554 1007 657 1041 φρικτὰ
682 1008 871 1044 λογισάμενος,
894 1010 942 1036 καὶ
958 1010 1026 1037 Θεὸν

239 1049 338 1076 ἐννοῶν
356 1050 402 1076 καὶ
416 1050 487 1085 δρῶν
499 1050 629 1086 δευτέραν
646 1059 691 1085 μοι
703 1052 750 1079 καὶ
766 1053 932 1089 τηλικαύτην
945 1054 1024 1090 εὐερ-

239 1095 335 1130 γεσίαν
356 1096 582 1131 κατατιθέμενον,
597 1097 687 1133 πολλῷ
702 1098 750 1125 καὶ
764 1099 814 1134 τῆς
829 1100 965 1135 προτέρας
991 1102 1024 1136 τῇ

239 1141 315 1174 τάξει
330 1142 378 1168 καὶ
399 1143 432 1177 τῇ
453 1142 568 1178 δυνάμει
591 1144 737 1179 προτέραν,
749 1145 804 1180 ὅσῳ
827 1145 888 1172 τότε
912 1147 961 1181 μὲν
975 1147 1026 1181 τῆς

239 1187 352 1220 εἰκόνος,
369 1187 417 1214 νῦν
426 1187 455 1214 δὲ
473 1188 584 1223 καὶτῆς
599 1189 693 1222 οὐσίας
712 1190 798 1225 αὐτῆς
816 1192 969 1226 μετέδωκε,
988 1192 1026 1228 μὴ

239 1233 287 1260 καὶ
298 1233 362 1268 περί
375 1233 424 1269 τὴν
448 1234 566 1269 ἐσχάτην
588 1235 691 1270 ταύτην
707 1236 755 1262 καὶ
772 1235 886 1272 πρώτην
914 1238 1026 1273 εὐεργε-

240 1278 299 1305 σίαν
315 1279 361 1305 καὶ
372 1279 524 1310 κοινωνίαν,
539 1280 790 1316 ἀγνωμονέστερος,
804 1280 820 1316 ἢ
847 1281 959 1316 προτοῦ,
981 1282 1027 1316 γέ-

239 1333 327 1360 νωμαι
344 1332 350 1340 ·
365 1325 411 1351 καὶ
423 1325 581 1360 καθυϐρίσω
601 1325 640 1360 μὴ
654 1326 704 1362 τὴν
728 1327 821 1353 εἰκόνα
833 1329 933 1362 μόνον,
958 1328 1027 1356 ἀλλὰ

240 1370 286 1396 καὶ
300 1369 331 1395 τὸ
341 1369 493 1405 ἀρχέτυπον
508 1377 515 1385 ·
531 1371 556 1396 εἰ
579 1371 626 1397 καὶ
640 1370 798 1407 καθυϐρίσω
815 1372 864 1407 μὲν
883 1371 949 1407 ἐγὼ,
962 1373 1027 1399 καθ-

240 1415 381 1451 υϐρίζεται
395 1415 423 1442 δὲ
437 1415 503 1447 Θεὸς
524 1415 659 1450 οὐδαμῶς.
676 1417 781 1452 Φρίττω
798 1418 846 1443 καὶ
860 1417 923 1444 ὅσον
950 1417 1026 1445 οὔπω

239 1463 284 1490 τὸν
295 1462 498 1498 ἀκριϐέστερον,
513 1463 529 1497 ἢ
555 1456 668 1497 πρό-του,
683 1462 857 1498 λογιζόμενος
870 1464 1025 1499 νομοδότην,

239 1510 271 1536 οὺ
285 1509 481 1544 νομοθετοῦντα
494 1509 574 1544 μόνον
586 1511 642 1541 τοῖς
655 1511 778 1545 ῥήμασιν
787 1530 794 1542 ,
817 1510 886 1537 ἀλλὰ
906 1511 953 1537 καὶ
975 1519 1027 1538 πα-

242 1554 419 1590 ραδεικνύντα
429 1556 485 1586 τοῖς
499 1555 644 1590 πράγμασι
657 1556 704 1582 καὶ
725 1556 780 1587 τοῖς
806 1555 1026 1592 νομοθετηθεῖσιν

240 1600 308 1634 ἡμῖν
323 1599 583 1635 παρεξεταζόμενον.

1078 916 1272 949 animadverti,
1286 921 1430 952 postquam
1449 917 1531 944 etiam
1546 917 1602 945 Deo
1618 921 1750 953 enutrior,
1773 926 1866 955 utpote

1076 961 1122 995 qui
1137 964 1164 987 et
1180 968 1280 995 corpus
1295 961 1355 995 ejus
1378 961 1539 989 manducem
1554 982 1562 995 ,
1582 967 1609 990 et
1635 965 1794 999 sanguinem
1822 965 1865 993 bi-

1077 1005 1138 1032 bam
1155 1005 1205 1040 (5).
1221 1006 1423 1034 comburendus
1439 1007 1564 1034 acerbius
1579 1008 1634 1042 igni
1653 1008 1709 1043 jam
1728 1010 1798 1036 tradi
1816 1010 1866 1037 de-

1077 1051 1165 1084 beam,
1183 1051 1313 1086 quoniam
1330 1059 1415 1086 purus
1433 1059 1487 1079 non
1514 1053 1649 1081 exsistens
1666 1055 1798 1089 attingere
1813 1063 1865 1090 pu-

1077 1104 1139 1123 rum
1158 1097 1256 1129 audeo,
1283 1101 1310 1124 et
1340 1104 1449 1132 propter
1476 1098 1704 1126 consuetudinem
1731 1108 1774 1132 ea,
1803 1106 1866 1134 qua:

1076 1143 1194 1170 maxime
1210 1143 1348 1170 tremenda
1363 1147 1438 1176 sunt,
1455 1144 1538 1171 Veluti
1554 1145 1711 1172 communia
1728 1146 1865 1180 arbitror;

1077 1187 1250 1215 vehementer
1281 1189 1380 1220 timeo,
1407 1196 1440 1216 ne
1470 1189 1535 1216 dum
1556 1194 1631 1217 certo
1655 1191 1714 1217 scio
1732 1198 1763 1218 ac
1781 1191 1866 1218 veluti

1076 1241 1159 1261 cerno
1190 1234 1285 1266 Deum,
1314 1236 1366 1262 hoc
1390 1235 1504 1262 alterum
1528 1236 1596 1262 mihi
1621 1241 1730 1270 tamque
1760 1236 1868 1270 insigne

1077 1280 1261 1308 conferentem
1280 1281 1453 1313 beneﬁcium,
1466 1281 1540 1316 quod
1554 1285 1581 1308 et
1595 1281 1725 1317 dignitate
1732 1287 1759 1309 et
1769 1282 1868 1310 virtute

1077 1326 1155 1362 longe
1170 1327 1251 1354 etiam
1277 1327 1366 1362 primo
1400 1327 1446 1353 illo
1475 1327 1675 1362 prmeellentius
1697 1331 1749 1359 est,
1766 1331 1868 1362 quanto

1077 1373 1181 1400 scilicet
1196 1373 1314 1408 imagine
1327 1380 1386 1405 sua,
1404 1380 1485 1408 quam
1501 1378 1564 1400 tunc
1578 1374 1767 1409 estelargitus,
1779 1375 1868 1408 pot'or

1076 1424 1119 1446 est
1146 1419 1203 1453 ipsa
1233 1419 1396 1450 substantia,
1416 1426 1497 1453 quam
1519 1419 1597 1445 nobis
1611 1427 1683 1446 nunc
1698 1420 1867 1454 participan-

1077 1464 1138 1491 dam
1152 1464 1270 1498 praebuit
1290 1472 1297 1497 ;
1316 1471 1429 1495 vereor,
1449 1464 1579 1497 inquam,
1599 1471 1632 1491 ne
1654 1465 1785 1491 adversus
1816 1465 1867 1491 hoc

1077 1518 1185 1545 quoque
1203 1515 1370 1545 pOstremum
1383 1515 1463 1544 atque
1482 1510 1604 1537 omnium
1622 1510 1769 1537 maximum
1784 1511 1851 1538 bene

1079 1555 1169 1583 licium
1190 1557 1276 1590 inagis
1309 1558 1391 1583 etiam
1423 1564 1504 1590 quam
1533 1557 1665 1583 adversus
1691 1561 1769 1583 vetus
1786 1557 1865 1588 illud,

1078 1601 1202 1636 ingratus
1214 1601 1339 1633 evadant,
1353 1605 1381 1627 et
1395 1607 1449 1627 non
1473 1601 1618 1633 imaginem
1640 1600 1739 1634 modo,
1765 1601 1812 1628 sed
1840 1602 1867 1627 ct

243 1645 331 1680 ipsum
361 1646 537 1680 archetypum
559 1643 660 1679 injuria
683 1642 808 1676 alliciam,
840 1647 981 1678 utcunque
1007 1643 1110 1671 inferre
1143 1643 1251 1679 quidem
1269 1645 1326 1679 ipse
1360 1644 1487 1679 iniurium
1518 1645 1631 1677 possim,
1649 1644 1804 1678 praecelsior
1818 1651 1868 1671 au-

243 1698 296 1720 tem
313 1693 348 1720 sit
366 1691 446 1724 Deus,
460 1699 543 1726 quam
561 1695 590 1717 ut
614 1690 685 1725 tangi
702 1689 811 1724 injuriis
834 1689 902 1717 meis
926 1690 1021 1725 possit.
1043 1689 1095 1717 Sed
1105 1695 1132 1717 et
1145 1697 1280 1721 summus,
1309 1691 1332 1717 si
1346 1697 1467 1725 unquam
1502 1690 1579 1721 alias,
1593 1697 1635 1716 me
1646 1697 1731 1724 pavor
1742 1694 1867 1725 occupat,

242 1740 306 1766 dum
321 1738 484 1766 severiorem
498 1745 580 1772 quam
598 1741 678 1764 antea
694 1736 876 1771 legislatorem
909 1735 1042 1770 recogito,
1062 1736 1109 1771 qui
1139 1736 1246 1763 vivendi
1274 1743 1397 1763 normam
1419 1743 1472 1763 non
1501 1736 1581 1762 modo
1604 1735 1694 1762 verbis
1718 1736 1867 1770 proposuit,

242 1793 336 1814 verum
364 1786 444 1812 etiam
466 1784 594 1816 operibus
623 1783 868 1817 commonstravit,
900 1784 1033 1818 uobisque
1052 1783 1247 1819 lcgisnbjectis
1261 1783 1400 1810 accenseri
1418 1782 1511 1809 voluit.

278 1833 343 1858 KH’.
355 1831 450 1866 Χαίρω
462 1830 490 1856 δὲ
502 1830 548 1856 καὶ
562 1830 606 1856 διὰ
622 1830 710 1857 πάντα
726 1829 775 1865 μὲν
783 1829 867 1857 τᾶλλα
881 1837 889 1845 ο
903 1830 962 1861 πῶς
972 1829 1026 1864 γὰρ

241 1877 271 1905 οὗ
283 1886 291 1910 ;
304 1877 334 1903 οὐ
350 1877 427 1912 μόνον
443 1877 495 1912 τῆς
505 1875 639 1910 τιμωρίας
649 1875 886 1910 ὲλευθερούμενος,
902 1876 971 1902 ἀλλὰ
982 1876 1027 1902 καὶ

243 1923 398 1958 θεούμενος,
415 1922 444 1948 οὐ
459 1921 540 1956 μόνον
553 1921 585 1948 ἐκ
604 1922 656 1955 γῆς
678 1921 859 1956 ἀναγόμενος,
887 1922 955 1948 ἀλλὰ
982 1922 1028 1948 καὶ

242 1970 282 2002 είς
293 1969 342 2004 τὴν
360 1968 442 2003 Ἐδὲμ
456 1966 644 2001 εἰσαγόμενος,
658 1966 758 2001 μᾶλλον
768 1967 796 1993 δὲ
815 1966 862 1993 καὶ
875 1967 916 1998 εἰς
929 1967 1028 1999 αὐτοὺς

241 2014 305 2046 τοὺς
319 2013 449 2048 οὐρανοὺς
465 2012 609 2047 αἰρόμενος
625 2019 632 2026 ·
648 2011 678 2038 οὺ
697 2011 745 2038 τοῦ
761 2011 860 2046 ἐχθροῦ
877 2011 1007 2045 λυόμενος
1019 2030 1028 2044 ,

242 2059 311 2087 ἀλλὰ
336 2060 384 2085 καὶ
412 2057 451 2093 τῷ
469 2057 580 2085 Βασιλεῖ
605 2056 855 2092 προσκολλὼμενος,
878 2056 946 2090 ὁμοῦ
977 2056 1028 2091 μὲν

243 2105 333 2139 πάσης
348 2103 584 2138 ἀπολυτρούμενος
601 2103 650 2137 τῆς
666 2101 815 2136 ἁμαρτίας,
839 2101 907 2136 ὁμοῦ
933 2100 962 2127 δὲ
982 2101 1028 2128 καὶ

242 2151 307 2185 ὅλης
322 2150 372 2185 τῆς
394 2149 509 2184 Τριάδος
534 2147 778 2183 ἀναπιμπλάμενος
793 2156 800 2162 ·
825 2148 874 2182 οὐχ
898 2147 959 2174 ὅσον
978 2148 1028 2182 τῆς

243 2196 343 2232 ἔχθρας
356 2195 551 2230 ἀπολυόμενος,
579 2194 647 2220 ἀλλὰ
668 2193 715 2220 καὶ
730 2193 776 2220 τὸν
793 2193 923 2227 μονογενῆ
941 2193 1028 2226 Λόγον

1112 1828 1232 1855 XXVIII.
1250 1828 1338 1856 Lmtor
1351 1835 1416 1856 vero
1433 1828 1468 1856 ob
1483 1828 1534 1855 alia
1552 1828 1653 1855 omnia.
1668 1827 1719 1860 Qui
1736 1826 1808 1854 enim
1820 1826 1869 1853 ali-

1079 1875 1141 1902 ter?
1156 1874 1213 1901 Non
1235 1874 1315 1901 modo
1325 1875 1398 1901 enim
1413 1882 1428 1901 ο
1445 1874 1579 1908 supplicio
1595 1874 1706 1904 liberor,
1725 1872 1770 1900 sed
1785 1872 1867 1899 etiam

1078 1920 1175 1948 divinae
1199 1927 1313 1947 consors
1322 1926 1426 1947 naturae
1441 1920 1547 1952 evado;
1564 1927 1616 1946 non
1646 1918 1729 1946 modo
1752 1926 1767 1945 e
1793 1923 1867 1945 terra

1077 1967 1179 2002 erigor,
1198 1973 1292 1993 verum
1305 1966 1387 1993 etiam
1406 1966 1433 1992 in
1446 1964 1521 1992 Edon
1546 1965 1717 1996 introducor,
1747 1971 1794 1991 seu
1818 1971 1866 1998 pn-

1082 2012 1136 2040 tius
1151 2012 1177 2039 in
1194 2011 1278 2039 caelos
1295 2011 1370 2046 ipsos
1383 2011 1503 2043 evehor;
1523 2018 1578 2037 non
1604 2010 1692 2036 solum
1711 2016 1725 2036 e
1741 2009 1867 2036 manibus

1080 2058 1185 2085 inimici
1203 2057 1314 2092 eripior,
1332 2057 1379 2085 sed
1398 2057 1511 2091 insuper
1530 2055 1596 2090 Regi
1623 2056 1764 2087 associor;
1785 2055 1868 2082 simul

1081 2105 1114 2131 ab
1129 2103 1202 2130 omni
1215 2108 1326 2138 peccato
1337 2103 1465 2136 redimor,
1480 2106 1507 2130 et
1523 2102 1603 2130 simul
1621 2103 1706 2129 totius
1724 2096 1868 2128 Trinitatis

1081 2150 1212 2184 templum
1252 2149 1423 2182 constituor;
1462 2149 1562 2175 nedum
1599 2148 1690 2175 divina
1724 2147 1867 2175 inimicitia

1081 2195 1198 2228 eximor,
1212 2195 1259 2222 sed
1273 2202 1288 2221 e
1311 2200 1445 2222 comerso
1458 2194 1627 2229 unigenitum
1657 2193 1773 2220 Verbum
1794 2193 1867 2220 dono

242 2241 579 2275 ἀντικαταλλασσόμενος·
603 2239 652 2274 οὐχ
689 2239 751 2266 ὅσον
782 2238 856 2272 Θῦμα
882 2238 1028 2272 λαμόἀνων

1084 2241 1194 2275 recipio,
1211 2247 1329 2275 cumque
1345 2240 1431 2266 habeo
1445 2246 1498 2266 non
1511 2239 1590 2266 modo
1607 2243 1637 2266 ut
1662 2239 1800 2266 victimam
1820 2246 1868 2266 co-

243 2288 310 2323 ἐμοῦ
326 2287 522 2322 προθυόμενον,
541 2285 610 2312 ἀλλὰ
625 2285 673 2312 καὶ
701 2285 763 2320 ἐμοὶ
781 2284 911 2319 θυόμενον
928 2292 957 2309 τε
981 2283 1029 2310 καὶ

242 2333 409 2368 ἐσθιόμενονζ

278 2379 343 2405 KO’.
361 2377 455 2413 Χαίρω
472 2376 521 2412 μὲν
537 2376 583 2403 οὖν
600 2376 648 2404 καὶ
671 2375 715 2402 διὰ
728 2375 815 2402 ταῦτα
836 2375 929 2402 καὶτὰ
943 2375 1029 2401 πλείω

241 2424 353 2450 τούτων.
378 2423 473 2457 Χαίρω
496 2423 524 2449 δὲ
539 2423 615 2450 οὐδὲν
629 2420 711 2458 ἦττον
722 2442 729 2455 ,
748 2422 772 2448 εἰ
789 2422 827 2457 μὴ
846 2422 893 2448 καὶ
911 2421 1028 2456 μᾶλλον,

241 2469 285 2495 διὰ
309 2468 357 2502 τὴν
376 2467 480 2494 τούτων
499 2467 589 2494 αὐτῶν
606 2467 743 2503 πρόφασιν
763 2467 779 2502 ἦ
797 2466 958 2500 ἀσφάλειαν,
981 2467 1028 2492 καὶ

241 2515 282 2541 ὃτι
310 2522 356 2549 μοι
373 2513 428 2540 τῶν
441 2512 576 2540 τοσούτων
602 2514 649 2539 καὶ
665 2511 833 2547 τηλικούτων
856 2513 873 2547 ἡ
893 2511 941 2538 τοῦ
960 2511 1027 2546 ἐμοῦ

241 2560 337 2594 γένους
358 2559 480 2594 θυγάτηρ
500 2558 644 2593 πρόξενος·
665 2557 733 2584 ἀλλὰ
753 2557 801 2584 καὶ
818 2556 896 2588 αὖθις
913 2557 1028 2591 σφαλλο-

244 2605 315 2640 μένῳ
330 2605 410 2632 πά>.ιν
425 2605 442 2640 ἡ
458 2604 586 2634 ἐπάνοδος
600 2604 617 2638 ἡ
633 2603 713 2638 αὑτὴ,
736 2603 782 2629 καὶ
798 2603 866 2638 πρὸς
880 2603 927 2629 τὸν
941 2602 1027 2633 οὕτως

242 2651 291 2686 ἤδη
311 2650 516 2684 καταλλαγέντα
530 2650 600 2685 μετὰ
615 2649 745 2685 δευτέραν
760 2648 858 2685 ἔχθραν
874 2650 921 2676 καὶ
935 2648 1026 2676 ἀδιάλ-

241 2697 340 2723 λακτον
361 2697 442 2731 ἑτέρα
466 2695 621 2727 summ;
648 2694 782 2730 εὕρηται·
808 2696 854 2721 καὶ
880 2695 1026 2730 φάρμακον

243 2743 313 2781 μετὰ
329 2743 458 2779 δευτέραν
473 2743 521 2770 καὶ
535 2742 642 2769 τελείαν
655 2742 822 2775 ἀπόγνωσιν,
840 2742 888 2768 καὶ
909 2741 1026 2776 ἀνάκλη-

1082 2293 1139 2313 ram
1158 2293 1202 2313 me
1221 2286 1390 2312 inmolatam
1406 2291 1455 2320 pro
1474 2292 1527 2317 me,
1552 2285 1597 2312 sed
1616 2289 1745 2319 praeterea
1770 2285 1855 2312 immo

1082 2333 1163 2359 latam
1176 2336 1202 2359 et
1219 2331 1253 2358 ad
1269 2332 1431 2359 vescendum
1451 2330 1517 2358 mihi
1530 2330 1708 2365 propositam.

1118 2376 1212 2404 XXIX.
1239 2376 1349 2404 Gaudeo
1378 2377 1462 2411 igitur
1486 2381 1543 2403 tum
1571 2380 1684 2411 propter
1712 2375 1783 2407 ista,
1811 2379 1866 2402 tum

1082 2429 1195 2458 propter
1211 2422 1265 2450 alia
1287 2422 1329 2449 bis
1343 2423 1460 2457 potiora.
1478 2421 1571 2449 Nihilo
1585 2425 1675 2448 autem
1696 2421 1798 2453 minus,
1812 2420 1868 2447 imo

1081 2468 1151 2496 forte
1165 2469 1247 2496 etiam
1268 2468 1365 2502 magis,
1383 2468 1416 2495 de
1436 2467 1533 2495 horum
1554 2467 1699 2494 occasione
1721 2471 1747 2494 et
1765 2467 1867 2493 securi—

1081 2518 1135 2541 tate
1159 2513 1282 2549 gaudeo,
1309 2518 1336 2541 et
1360 2513 1424 2548 quia
1449 2517 1488 2540 tot
1511 2517 1706 2547 tantorumque
1732 2511 1865 2538 bonorum

1079 2560 1252 2588 conciliatrix
1278 2560 1413 2587 exstiterit
1437 2559 1545 2594 generis
1573 2559 1626 2586 mei
1649 2559 1723 2592 ﬁlia;
1757 2558 1867 2592 insuper

1079 2611 1171 2633 autem
1198 2605 1270 2641 quod
1295 2614 1392 2634 rursus
1423 2605 1594 2633 aberrantem
1621 2605 1679 2639 ipsa
1708 2612 1804 2631 rursus
1837 2603 1864 2629 in

1081 2651 1152 2678 viam
1164 2651 1342 2682 revocaverit,
1359 2656 1442 2686 atque
1456 2651 1492 2678 ita
1505 2652 1530 2678 ei
1543 2650 1590 2684 qui
1604 2650 1660 2684 jam
1675 2648 1867 2676 reconciliatus

1081 2696 1181 2728 fuerat,
1207 2701 1268 2732 post
1292 2698 1439 2725 secundam
1465 2695 1646 2728 inimicitiam,
1670 2700 1731 2722 utut
1748 2695 1867 2721 ιιι-οτιιῇ-

1080 2742 1195 2775 simam,
1213 2742 1272 2778 ipsa
1296 2743 1392 2770 iterum
1410 2748 1519 2770 ostensa
1535 2742 1570 2770 sit
1592 2741 1812 2772 rcconciliatrix,
1833 2745 1861 2766 et

281 2845 319 2879 (5)
346 2846 527 2874 Luculentum
557 2845 643 2874 habes
668 2843 855 2873 testimonium
887 2842 1025 2872 catlxolicm
1045 2845 1107 2874 ﬁdei
1131 2845 1205 2874 circa
1243 2845 1466 2882 augustissimum
1491 2844 1670 2873 Eucliaristia:
1708 2849 1867 2871 sacramen-

241 2884 268 2907 tu
283 2891 308 2907 ιι.
