  <div class='ocr_page' id='page_1' title='image "/cluster/home/n/w/nwhite01/storage/ocr_20150623/106/njp.32101077772901/477.png"; bbox 0 0 2092 3157; ppageno 0'>
   <div class='ocr_carea' id='block_1_1' title="bbox 247 152 303 184">
    <p class='ocr_par' dir='ltr' id='par_1_1' title="bbox 247 152 303 184">
     <span class='ocr_line' id='line_1_1' title="bbox 247 152 303 184; baseline 0 0"><span class='ocrx_word' id='word_1_1' title='bbox 247 152 303 184; x_wconf 80' lang='lat'><strong>839</strong></span> 
     </span>
    </p>
   </div>
   <div class='ocr_carea' id='block_1_2' title="bbox 866 147 1261 178">
    <p class='ocr_par' dir='ltr' id='par_1_2' title="bbox 866 147 1261 178">
     <span class='ocr_line' id='line_1_2' title="bbox 866 147 1261 178; baseline -0.005 0"><span class='ocrx_word' id='word_1_2' title='bbox 866 147 1027 178; x_wconf 79' lang='lat' dir='ltr'><strong>JOANNIS</strong></span> <span class='ocrx_word' id='word_1_3' title='bbox 1045 147 1261 178; x_wconf 75' lang='lat' dir='ltr'><strong>GEOMETRIE</strong></span> 
     </span>
    </p>
   </div>
   <div class='ocr_carea' id='block_1_3' title="bbox 1812 147 1865 179">
    <p class='ocr_par' dir='ltr' id='par_1_3' title="bbox 1812 147 1865 179">
     <span class='ocr_line' id='line_1_3' title="bbox 1812 147 1865 179; baseline 0 0"><span class='ocrx_word' id='word_1_4' title='bbox 1812 147 1865 179; x_wconf 68' lang='grc'><strong>84.)</strong></span> 
     </span>
    </p>
   </div>
   <div class='ocr_carea' id='block_1_4' title="bbox 243 204 1029 242">
    <p class='ocr_par' dir='ltr' id='par_1_4' title="bbox 243 205 1028 242">
     <span class='ocr_line' id='line_1_4' title="bbox 243 205 1028 242; baseline -0.008 -6"><span class='ocrx_word' id='word_1_5' title='bbox 243 209 395 236; x_wconf 75' lang='lat' dir='ltr'><strong>remedium</strong></span> <span class='ocrx_word' id='word_1_6' title='bbox 425 211 485 242; x_wconf 83' lang='lat' dir='ltr'><strong>post</strong></span> <span class='ocrx_word' id='word_1_7' title='bbox 519 205 665 232; x_wconf 77' lang='lat' dir='ltr'><strong>secundam</strong></span> <span class='ocrx_word' id='word_1_8' title='bbox 696 212 812 238; x_wconf 77' lang='lat' dir='ltr'><strong>eumque</strong></span> <span class='ocrx_word' id='word_1_9' title='bbox 842 205 1028 231; x_wconf 82' lang='lat' dir='ltr'><strong>omnimodam</strong></span> 
     </span>
    </p>
   </div>
   <div class='ocr_carea' id='block_1_5' title="bbox 1079 204 1865 242">
    <p class='ocr_par' dir='ltr' id='par_1_5' title="bbox 1082 204 1865 240">
     <span class='ocr_line' id='line_1_5' title="bbox 1082 204 1865 240; baseline 0.004 -10"><span class='ocrx_word' id='word_1_10' title='bbox 1082 214 1123 236; x_wconf 87' lang='grc' dir='ltr'><strong>σις</strong></span> <span class='ocrx_word' id='word_1_11' title='bbox 1154 205 1222 240; x_wconf 85' lang='grc' dir='ltr'>μετὰ</span> <span class='ocrx_word' id='word_1_12' title='bbox 1251 204 1300 240; x_wconf 82' lang='grc' dir='ltr'><strong>τὴν</strong></span> <span class='ocrx_word' id='word_1_13' title='bbox 1331 204 1465 232; x_wconf 71' lang='grc' dir='ltr'>τοςούτων</span> <span class='ocrx_word' id='word_1_14' title='bbox 1490 205 1537 231; x_wconf 82' lang='grc' dir='ltr'>καὶ</span> <span class='ocrx_word' id='word_1_15' title='bbox 1566 204 1731 240; x_wconf 79' lang='grc' dir='ltr'><strong>τηλικούτων</strong></span> <span class='ocrx_word' id='word_1_16' title='bbox 1756 205 1865 240; x_wconf 83' lang='grc' dir='ltr'><strong>ἀγαθῶν</strong></span> 
     </span>
    </p>
   </div>
   <div class='ocr_carea' id='block_1_6' title="bbox 245 249 1026 288">
    <p class='ocr_par' dir='ltr' id='par_1_6' title="bbox 245 249 1026 288">
     <span class='ocr_line' id='line_1_6' title="bbox 245 249 1026 288; baseline -0.008 -6"><span class='ocrx_word' id='word_1_17' title='bbox 245 256 341 284; x_wconf 80' lang='lat' dir='ltr'><strong>salutis</strong></span> <span class='ocrx_word' id='word_1_18' title='bbox 356 252 572 288; x_wconf 86' lang='lat' dir='ltr'><strong>desperationem</strong></span> <span class='ocrx_word' id='word_1_19' title='bbox 595 256 622 277; x_wconf 89' lang='lat' dir='ltr'><strong>et</strong></span> <span class='ocrx_word' id='word_1_20' title='bbox 640 249 775 284; x_wconf 79' lang='lat' dir='ltr'><strong>reparatio</strong></span> <span class='ocrx_word' id='word_1_21' title='bbox 791 255 852 284; x_wconf 85' lang='lat' dir='ltr'><strong>post</strong></span> <span class='ocrx_word' id='word_1_22' title='bbox 877 254 916 277; x_wconf 91' lang='lat' dir='ltr'><strong>tot</strong></span> <span class='ocrx_word' id='word_1_23' title='bbox 938 255 1026 276; x_wconf 89' lang='lat' dir='ltr'><strong>tanto-</strong></span> 
     </span>
    </p>
   </div>
   <div class='ocr_carea' id='block_1_7' title="bbox 244 296 1026 334">
    <p class='ocr_par' dir='ltr' id='par_1_7' title="bbox 244 296 1026 334">
     <span class='ocr_line' id='line_1_7' title="bbox 244 296 1026 334; baseline -0.008 -7"><span class='ocrx_word' id='word_1_24' title='bbox 244 306 361 334; x_wconf 87' lang='lat' dir='ltr'><strong>rumque</strong></span> <span class='ocrx_word' id='word_1_25' title='bbox 374 299 506 325; x_wconf 90' lang='lat' dir='ltr'><strong>bonorum</strong></span> <span class='ocrx_word' id='word_1_26' title='bbox 522 296 668 330; x_wconf 87' lang='lat' dir='ltr'><strong>jacturam,</strong></span> <span class='ocrx_word' id='word_1_27' title='bbox 682 299 709 321; x_wconf 88' lang='lat' dir='ltr'><strong>et</strong></span> <span class='ocrx_word' id='word_1_28' title='bbox 725 303 794 321; x_wconf 81' lang='lat' dir='ltr'><strong>nera</strong></span> <span class='ocrx_word' id='word_1_29' title='bbox 809 299 869 329; x_wconf 86' lang='lat' dir='ltr'><strong>post</strong></span> <span class='ocrx_word' id='word_1_30' title='bbox 881 296 1026 322; x_wconf 74' lang='lat' dir='ltr'><strong>secundum</strong></span> 
     </span>
    </p>
   </div>
   <div class='ocr_carea' id='block_1_8' title="bbox 244 341 1028 375">
    <p class='ocr_par' dir='ltr' id='par_1_8' title="bbox 244 341 1028 375">
     <span class='ocr_line' id='line_1_8' title="bbox 244 341 1028 375; baseline -0.008 -3"><span class='ocrx_word' id='word_1_31' title='bbox 244 344 458 372; x_wconf 78' lang='lat' dir='ltr'><strong>confractioncm</strong></span> <span class='ocrx_word' id='word_1_32' title='bbox 476 341 633 375; x_wconf 84' lang='lat' dir='ltr'><strong>plasmalio,</strong></span> <span class='ocrx_word' id='word_1_33' title='bbox 658 344 685 366; x_wconf 77' lang='lat' dir='ltr'><strong>et</strong></span> <span class='ocrx_word' id='word_1_34' title='bbox 704 345 765 374; x_wconf 86' lang='lat' dir='ltr'><strong>post</strong></span> <span class='ocrx_word' id='word_1_35' title='bbox 790 341 938 367; x_wconf 88' lang='lat' dir='ltr'><strong>secundam</strong></span> <span class='ocrx_word' id='word_1_36' title='bbox 955 348 1028 367; x_wconf 89' lang='lat' dir='ltr'><strong>mor-</strong></span> 
     </span>
    </p>
   </div>
   <div class='ocr_carea' id='block_1_9' title="bbox 245 385 1030 422">
    <p class='ocr_par' dir='ltr' id='par_1_9' title="bbox 245 385 1030 422">
     <span class='ocr_line' id='line_1_9' title="bbox 245 385 1030 422; baseline -0.006 -5"><span class='ocrx_word' id='word_1_37' title='bbox 245 396 309 421; x_wconf 85' lang='lat' dir='ltr'><strong>tem,</strong></span> <span class='ocrx_word' id='word_1_38' title='bbox 326 396 441 422; x_wconf 83' lang='lat' dir='ltr'><strong>eantque</strong></span> <span class='ocrx_word' id='word_1_39' title='bbox 459 387 543 414; x_wconf 89' lang='lat' dir='ltr'><strong>multo</strong></span> <span class='ocrx_word' id='word_1_40' title='bbox 568 386 773 420; x_wconf 78' lang='lat' dir='ltr'><strong>profundiorem</strong></span> <span class='ocrx_word' id='word_1_41' title='bbox 795 391 822 413; x_wconf 86' lang='lat' dir='ltr'><strong>et</strong></span> <span class='ocrx_word' id='word_1_42' title='bbox 837 385 871 413; x_wconf 87' lang='lat' dir='ltr'><strong>ad</strong></span> <span class='ocrx_word' id='word_1_43' title='bbox 889 387 1030 414; x_wconf 78' lang='lat' dir='ltr'><strong>excutien-</strong></span> 
     </span>
    </p>
   </div>
   <div class='ocr_carea' id='block_1_10' title="bbox 243 431 858 464">
    <p class='ocr_par' dir='ltr' id='par_1_10' title="bbox 243 431 858 464">
     <span class='ocr_line' id='line_1_10' title="bbox 243 431 858 464; baseline -0.007 -2"><span class='ocrx_word' id='word_1_44' title='bbox 243 437 308 462; x_wconf 85' lang='lat' dir='ltr'><strong>dum</strong></span> <span class='ocrx_word' id='word_1_45' title='bbox 323 433 512 464; x_wconf 81' lang='lat' dir='ltr'><strong>diiliciliorem,</strong></span> <span class='ocrx_word' id='word_1_46' title='bbox 529 431 694 459; x_wconf 72' lang='lat' dir='ltr'><strong>resurrectio</strong></span> <span class='ocrx_word' id='word_1_47' title='bbox 712 432 858 458; x_wconf 80' lang='lat' dir='ltr'><strong>exstiterit.</strong></span> 
     </span>
    </p>
   </div>
   <div class='ocr_carea' id='block_1_11' title="bbox 279 477 1028 513">
    <p class='ocr_par' dir='ltr' id='par_1_11' title="bbox 279 477 1028 513">
     <span class='ocr_line' id='line_1_11' title="bbox 279 477 1028 513; baseline -0.004 -6"><span class='ocrx_word' id='word_1_48' title='bbox 279 478 618 513; x_wconf 76' lang='lat' dir='ltr'><strong>XXX..Opportunissime</strong></span> <span class='ocrx_word' id='word_1_49' title='bbox 641 485 721 512; x_wconf 90' lang='lat' dir='ltr'><strong>porro</strong></span> <span class='ocrx_word' id='word_1_50' title='bbox 745 485 836 505; x_wconf 84' lang='lat' dir='ltr'><strong>sermo</strong></span> <span class='ocrx_word' id='word_1_51' title='bbox 864 477 1028 505; x_wconf 89' lang='lat' dir='ltr'><strong>mentionem</strong></span> 
     </span>
    </p>
   </div>
   <div class='ocr_carea' id='block_1_12' title="bbox 245 522 1028 558">
    <p class='ocr_par' dir='ltr' id='par_1_12' title="bbox 245 522 1028 558">
     <span class='ocr_line' id='line_1_12' title="bbox 245 522 1028 558; baseline -0.004 -6"><span class='ocrx_word' id='word_1_52' title='bbox 245 525 308 552; x_wconf 82' lang='lat' dir='ltr'><strong>fecit</strong></span> <span class='ocrx_word' id='word_1_53' title='bbox 335 532 412 551; x_wconf 66' lang='lat' dir='ltr'><strong>novae</strong></span> <span class='ocrx_word' id='word_1_54' title='bbox 443 523 631 558; x_wconf 82' lang='lat' dir='ltr'><strong>plasmationis</strong></span> <span class='ocrx_word' id='word_1_55' title='bbox 658 527 686 550; x_wconf 91' lang='lat' dir='ltr'><strong>et</strong></span> <span class='ocrx_word' id='word_1_56' title='bbox 711 523 931 550; x_wconf 78' lang='lat' dir='ltr'><strong>resurrectionis.</strong></span> <span class='ocrx_word' id='word_1_57' title='bbox 968 522 1028 549; x_wconf 84' lang='lat' dir='ltr'><strong>Jam</strong></span> 
     </span>
    </p>
   </div>
   <div class='ocr_carea' id='block_1_13' title="bbox 243 567 1028 595">
    <p class='ocr_par' dir='ltr' id='par_1_13' title="bbox 243 567 1028 595">
     <span class='ocr_line' id='line_1_13' title="bbox 243 567 1028 595; baseline -0.001 0"><span class='ocrx_word' id='word_1_58' title='bbox 243 569 315 595; x_wconf 85' lang='lat' dir='ltr'><strong>enim</strong></span> <span class='ocrx_word' id='word_1_59' title='bbox 330 569 386 595; x_wconf 76' lang='lat' dir='ltr'><strong>iure</strong></span> <span class='ocrx_word' id='word_1_60' title='bbox 401 569 494 595; x_wconf 72' lang='lat' dir='ltr'><strong>eadem</strong></span> <span class='ocrx_word' id='word_1_61' title='bbox 508 568 533 594; x_wconf 93' lang='lat' dir='ltr'><strong>in</strong></span> <span class='ocrx_word' id='word_1_62' title='bbox 557 573 674 594; x_wconf 87' lang='lat' dir='ltr'><strong>mentem</strong></span> <span class='ocrx_word' id='word_1_63' title='bbox 691 567 769 594; x_wconf 88' lang='lat' dir='ltr'><strong>nobis</strong></span> <span class='ocrx_word' id='word_1_64' title='bbox 787 568 951 594; x_wconf 77' lang='lat' dir='ltr'><strong>revocabant</strong></span> <span class='ocrx_word' id='word_1_65' title='bbox 972 572 1028 594; x_wconf 87' lang='lat' dir='ltr'><strong>tum</strong></span> 
     </span>
    </p>
   </div>
   <div class='ocr_carea' id='block_1_14' title="bbox 242 613 1030 649">
    <p class='ocr_par' dir='ltr' id='par_1_14' title="bbox 242 613 1030 649">
     <span class='ocr_line' id='line_1_14' title="bbox 242 613 1030 649; baseline -0.001 -8"><span class='ocrx_word' id='word_1_66' title='bbox 242 615 441 649; x_wconf 76' lang='lat' dir='ltr'><strong>iucundissima</strong></span> <span class='ocrx_word' id='word_1_67' title='bbox 455 613 536 648; x_wconf 82' lang='lat' dir='ltr'><strong>hujus</strong></span> <span class='ocrx_word' id='word_1_68' title='bbox 551 613 605 640; x_wconf 87' lang='lat' dir='ltr'><strong>diei</strong></span> <span class='ocrx_word' id='word_1_69' title='bbox 621 614 724 645; x_wconf 67' lang='lat' dir='ltr'><strong>lietilia,</strong></span> <span class='ocrx_word' id='word_1_70' title='bbox 740 619 796 640; x_wconf 91' lang='lat' dir='ltr'><strong>tum</strong></span> <span class='ocrx_word' id='word_1_71' title='bbox 811 614 916 641; x_wconf 68' lang='lat' dir='ltr'><strong>collatae</strong></span> <span class='ocrx_word' id='word_1_72' title='bbox 937 614 1030 649; x_wconf 65' lang='lat' dir='ltr'><strong>gratim</strong></span> 
     </span>
    </p>
   </div>
   <div class='ocr_carea' id='block_1_15' title="bbox 245 660 1030 694">
    <p class='ocr_par' dir='ltr' id='par_1_15' title="bbox 245 660 1030 694">
     <span class='ocr_line' id='line_1_15' title="bbox 245 660 1030 694; baseline -0.003 -7"><span class='ocrx_word' id='word_1_73' title='bbox 245 668 299 687; x_wconf 88' lang='lat' dir='ltr'><strong>non</strong></span> <span class='ocrx_word' id='word_1_74' title='bbox 317 661 414 687; x_wconf 87' lang='lat' dir='ltr'><strong>mmlus</strong></span> <span class='ocrx_word' id='word_1_75' title='bbox 431 664 549 691; x_wconf 88' lang='lat' dir='ltr'><strong>tantum,</strong></span> <span class='ocrx_word' id='word_1_76' title='bbox 563 660 611 686; x_wconf 85' lang='lat' dir='ltr'><strong>sed</strong></span> <span class='ocrx_word' id='word_1_77' title='bbox 626 664 653 686; x_wconf 94' lang='lat' dir='ltr'><strong>ct</strong></span> <span class='ocrx_word' id='word_1_78' title='bbox 672 664 777 694; x_wconf 86' lang='lat' dir='ltr'><strong>tempus</strong></span> <span class='ocrx_word' id='word_1_79' title='bbox 790 667 902 693; x_wconf 80' lang='lat' dir='ltr'><strong>prorsus</strong></span> <span class='ocrx_word' id='word_1_80' title='bbox 915 667 1030 686; x_wconf 86' lang='lat' dir='ltr'><strong>consen-</strong></span> 
     </span>
    </p>
   </div>
   <div class='ocr_carea' id='block_1_16' title="bbox 244 705 1030 738">
    <p class='ocr_par' dir='ltr' id='par_1_16' title="bbox 244 705 1030 738">
     <span class='ocr_line' id='line_1_16' title="bbox 244 705 1030 738; baseline -0.004 -5"><span class='ocrx_word' id='word_1_81' title='bbox 244 710 364 733; x_wconf 86' lang='lat' dir='ltr'><strong>taneum.</strong></span> <span class='ocrx_word' id='word_1_82' title='bbox 385 706 462 733; x_wconf 83' lang='lat' dir='ltr'><strong>Nunc</strong></span> <span class='ocrx_word' id='word_1_83' title='bbox 484 706 584 733; x_wconf 85' lang='lat' dir='ltr'><strong>etenim</strong></span> <span class='ocrx_word' id='word_1_84' title='bbox 604 706 703 733; x_wconf 71' lang='lat' dir='ltr'><strong>cazlnm</strong></span> <span class='ocrx_word' id='word_1_85' title='bbox 724 710 750 732; x_wconf 87' lang='lat' dir='ltr'><strong>et</strong></span> <span class='ocrx_word' id='word_1_86' title='bbox 773 710 854 732; x_wconf 80' lang='lat' dir='ltr'><strong>terra</strong></span> <span class='ocrx_word' id='word_1_87' title='bbox 871 709 899 731; x_wconf 79' lang='lat' dir='ltr'><strong>et</strong></span> <span class='ocrx_word' id='word_1_88' title='bbox 917 705 1030 738; x_wconf 90' lang='lat' dir='ltr'><strong>hujusce</strong></span> 
     </span>
    </p>
   </div>
   <div class='ocr_carea' id='block_1_17' title="bbox 245 751 1031 786">
    <p class='ocr_par' dir='ltr' id='par_1_17' title="bbox 245 751 1031 786">
     <span class='ocr_line' id='line_1_17' title="bbox 245 751 1031 786; baseline -0.003 -7"><span class='ocrx_word' id='word_1_89' title='bbox 245 760 336 779; x_wconf 80' lang='lat' dir='ltr'><strong>rerum</strong></span> <span class='ocrx_word' id='word_1_90' title='bbox 358 752 544 779; x_wconf 86' lang='lat' dir='ltr'><strong>universitatis</strong></span> <span class='ocrx_word' id='word_1_91' title='bbox 570 757 624 778; x_wconf 86' lang='lat' dir='ltr'><strong>tum</strong></span> <span class='ocrx_word' id='word_1_92' title='bbox 644 752 802 786; x_wconf 71' lang='lat' dir='ltr'><strong>magnitudo</strong></span> <span class='ocrx_word' id='word_1_93' title='bbox 826 756 883 777; x_wconf 88' lang='lat' dir='ltr'><strong>tum</strong></span> <span class='ocrx_word' id='word_1_94' title='bbox 902 751 1031 784; x_wconf 75' lang='lat' dir='ltr'><strong>splendor</strong></span> 
     </span>
    </p>
   </div>
   <div class='ocr_carea' id='block_1_18' title="bbox 244 795 1030 831">
    <p class='ocr_par' dir='ltr' id='par_1_18' title="bbox 244 795 1030 831">
     <span class='ocr_line' id='line_1_18' title="bbox 244 795 1030 831; baseline -0.004 -6"><span class='ocrx_word' id='word_1_95' title='bbox 244 805 315 825; x_wconf 81' lang='lat' dir='ltr'><strong>neva</strong></span> <span class='ocrx_word' id='word_1_96' title='bbox 340 804 367 824; x_wconf 90' lang='lat' dir='ltr'><strong>et</strong></span> <span class='ocrx_word' id='word_1_97' title='bbox 383 798 570 825; x_wconf 86' lang='lat' dir='ltr'><strong>concinnitate</strong></span> <span class='ocrx_word' id='word_1_98' title='bbox 589 802 616 824; x_wconf 89' lang='lat' dir='ltr'><strong>et</strong></span> <span class='ocrx_word' id='word_1_99' title='bbox 635 797 766 831; x_wconf 80' lang='lat' dir='ltr'><strong>sapientia</strong></span> <span class='ocrx_word' id='word_1_100' title='bbox 792 796 928 823; x_wconf 80' lang='lat' dir='ltr'><strong>conditur.</strong></span> <span class='ocrx_word' id='word_1_101' title='bbox 947 795 1030 822; x_wconf 85' lang='lat' dir='ltr'><strong>Ilodie</strong></span> 
     </span>
    </p>
   </div>
   <div class='ocr_carea' id='block_1_19' title="bbox 245 842 1029 877">
    <p class='ocr_par' dir='ltr' id='par_1_19' title="bbox 245 842 1029 877">
     <span class='ocr_line' id='line_1_19' title="bbox 245 842 1029 877; baseline -0.004 -8"><span class='ocrx_word' id='word_1_102' title='bbox 245 850 326 870; x_wconf 83' lang='lat' dir='ltr'><strong>ruauu</strong></span> <span class='ocrx_word' id='word_1_103' title='bbox 353 843 416 874; x_wconf 87' lang='lat' dir='ltr'><strong>Dei,</strong></span> <span class='ocrx_word' id='word_1_104' title='bbox 442 848 467 869; x_wconf 82' lang='lat' dir='ltr'><strong>et</strong></span> <span class='ocrx_word' id='word_1_105' title='bbox 489 843 521 869; x_wconf 84' lang='lat' dir='ltr'><strong>ad</strong></span> <span class='ocrx_word' id='word_1_106' title='bbox 553 843 598 870; x_wconf 83' lang='lat' dir='ltr'><strong>Dei</strong></span> <span class='ocrx_word' id='word_1_107' title='bbox 626 843 770 877; x_wconf 78' lang='lat' dir='ltr'><strong>imaginem</strong></span> <span class='ocrx_word' id='word_1_108' title='bbox 800 843 880 869; x_wconf 89' lang='lat' dir='ltr'><strong>homo</strong></span> <span class='ocrx_word' id='word_1_109' title='bbox 911 842 1029 876; x_wconf 82' lang='lat' dir='ltr'><strong>plasma-</strong></span> 
     </span>
    </p>
   </div>
   <div class='ocr_carea' id='block_1_20' title="bbox 245 887 1026 922">
    <p class='ocr_par' dir='ltr' id='par_1_20' title="bbox 245 887 1026 922">
     <span class='ocr_line' id='line_1_20' title="bbox 245 887 1026 922; baseline -0.001 -8"><span class='ocrx_word' id='word_1_110' title='bbox 245 892 290 914; x_wconf 80' lang='lat' dir='ltr'><strong>tur</strong></span> <span class='ocrx_word' id='word_1_111' title='bbox 308 888 365 922; x_wconf 82' lang='lat'><strong>(6);</strong></span> <span class='ocrx_word' id='word_1_112' title='bbox 384 895 416 914; x_wconf 88' lang='lat' dir='ltr'><strong>ac</strong></span> <span class='ocrx_word' id='word_1_113' title='bbox 434 896 530 915; x_wconf 83' lang='lat' dir='ltr'><strong>rursus</strong></span> <span class='ocrx_word' id='word_1_114' title='bbox 548 888 626 914; x_wconf 82' lang='lat' dir='ltr'><strong>hodie</strong></span> <span class='ocrx_word' id='word_1_115' title='bbox 645 895 714 914; x_wconf 90' lang='lat' dir='ltr'><strong>novo</strong></span> <span class='ocrx_word' id='word_1_116' title='bbox 730 895 810 922; x_wconf 80' lang='lat' dir='ltr'><strong>opere</strong></span> <span class='ocrx_word' id='word_1_117' title='bbox 827 888 967 921; x_wconf 74' lang='lat' dir='ltr'><strong>rcliugitur</strong></span> <span class='ocrx_word' id='word_1_118' title='bbox 980 887 1026 914; x_wconf 84' lang='lat' dir='ltr'><strong>Dei</strong></span> 
     </span>
    </p>
   </div>
   <div class='ocr_carea' id='block_1_21' title="bbox 243 932 1028 967">
    <p class='ocr_par' dir='ltr' id='par_1_21' title="bbox 243 932 1028 967">
     <span class='ocr_line' id='line_1_21' title="bbox 243 932 1028 967; baseline -0.001 -7"><span class='ocrx_word' id='word_1_119' title='bbox 243 940 328 960; x_wconf 87' lang='lat' dir='ltr'><strong>carne</strong></span> <span class='ocrx_word' id='word_1_120' title='bbox 349 938 375 960; x_wconf 88' lang='lat' dir='ltr'><strong>et</strong></span> <span class='ocrx_word' id='word_1_121' title='bbox 389 933 559 965; x_wconf 85' lang='lat' dir='ltr'><strong>substantia,</strong></span> <span class='ocrx_word' id='word_1_122' title='bbox 581 934 671 961; x_wconf 82' lang='lat' dir='ltr'><strong>Patris</strong></span> <span class='ocrx_word' id='word_1_123' title='bbox 685 933 794 967; x_wconf 86' lang='lat' dir='ltr'><strong>quidem</strong></span> <span class='ocrx_word' id='word_1_124' title='bbox 813 932 902 960; x_wconf 85' lang='lat' dir='ltr'><strong>Verbo</strong></span> <span class='ocrx_word' id='word_1_125' title='bbox 923 933 1028 960; x_wconf 50' lang='lat' dir='ltr'><strong>etmra-</strong></span> 
     </span>
    </p>
   </div>
   <div class='ocr_carea' id='block_1_22' title="bbox 243 979 1029 1015">
    <p class='ocr_par' dir='ltr' id='par_1_22' title="bbox 243 979 1029 1015">
     <span class='ocr_line' id='line_1_22' title="bbox 243 979 1029 1015; baseline -0.003 -8"><span class='ocrx_word' id='word_1_126' title='bbox 243 980 318 1011; x_wconf 86' lang='lat' dir='ltr'><strong>chio,</strong></span> <span class='ocrx_word' id='word_1_127' title='bbox 336 981 420 1006; x_wconf 88' lang='lat' dir='ltr'><strong>halitu</strong></span> <span class='ocrx_word' id='word_1_128' title='bbox 437 985 540 1011; x_wconf 87' lang='lat' dir='ltr'><strong>autem,</strong></span> <span class='ocrx_word' id='word_1_129' title='bbox 560 979 664 1015; x_wconf 84' lang='lat' dir='ltr'><strong>Spiritu</strong></span> <span class='ocrx_word' id='word_1_130' title='bbox 684 980 805 1012; x_wconf 74' lang='lat' dir='ltr'><strong>scilicet;</strong></span> <span class='ocrx_word' id='word_1_131' title='bbox 823 979 900 1006; x_wconf 87' lang='lat' dir='ltr'><strong>hodie</strong></span> <span class='ocrx_word' id='word_1_132' title='bbox 918 979 1029 1013; x_wconf 84' lang='lat' dir='ltr'><strong>insuper</strong></span> 
     </span>
    </p>
   </div>
   <div class='ocr_carea' id='block_1_23' title="bbox 244 1026 1028 1054">
    <p class='ocr_par' dir='ltr' id='par_1_23' title="bbox 244 1026 1028 1054">
     <span class='ocr_line' id='line_1_23' title="bbox 244 1026 1028 1054; baseline 0.001 -2"><span class='ocrx_word' id='word_1_133' title='bbox 244 1026 317 1054; x_wconf 87' lang='lat' dir='ltr'><strong>Deus</strong></span> <span class='ocrx_word' id='word_1_134' title='bbox 337 1034 414 1053; x_wconf 88' lang='lat' dir='ltr'><strong>meus</strong></span> <span class='ocrx_word' id='word_1_135' title='bbox 443 1033 468 1053; x_wconf 86' lang='lat' dir='ltr'><strong>et</strong></span> <span class='ocrx_word' id='word_1_136' title='bbox 490 1026 620 1053; x_wconf 82' lang='lat' dir='ltr'><strong>Dominus</strong></span> <span class='ocrx_word' id='word_1_137' title='bbox 647 1031 674 1053; x_wconf 85' lang='lat' dir='ltr'><strong>et</strong></span> <span class='ocrx_word' id='word_1_138' title='bbox 694 1026 775 1053; x_wconf 89' lang='lat' dir='ltr'><strong>homo</strong></span> <span class='ocrx_word' id='word_1_139' title='bbox 794 1026 828 1053; x_wconf 90' lang='lat' dir='ltr'><strong>de</strong></span> <span class='ocrx_word' id='word_1_140' title='bbox 853 1032 1028 1053; x_wconf 75' lang='lat' dir='ltr'><strong>munumento</strong></span> 
     </span>
    </p>
   </div>
   <div class='ocr_carea' id='block_1_24' title="bbox 244 1072 1028 1107">
    <p class='ocr_par' dir='ltr' id='par_1_24' title="bbox 244 1072 1028 1107">
     <span class='ocr_line' id='line_1_24' title="bbox 244 1072 1028 1107; baseline -0.001 -8"><span class='ocrx_word' id='word_1_141' title='bbox 244 1072 373 1106; x_wconf 77' lang='lat' dir='ltr'><strong>resurgit,</strong></span> <span class='ocrx_word' id='word_1_142' title='bbox 396 1080 427 1100; x_wconf 84' lang='lat' dir='ltr'><strong>ac</strong></span> <span class='ocrx_word' id='word_1_143' title='bbox 450 1073 532 1100; x_wconf 82' lang='lat' dir='ltr'><strong>simul</strong></span> <span class='ocrx_word' id='word_1_144' title='bbox 552 1073 637 1100; x_wconf 80' lang='lat' dir='ltr'><strong>Adam</strong></span> <span class='ocrx_word' id='word_1_145' title='bbox 654 1073 686 1099; x_wconf 90' lang='lat' dir='ltr'><strong>de</strong></span> <span class='ocrx_word' id='word_1_146' title='bbox 709 1073 844 1107; x_wconf 76' lang='lat' dir='ltr'><strong>sepulcm.</strong></span> <span class='ocrx_word' id='word_1_147' title='bbox 865 1078 946 1107; x_wconf 85' lang='lat' dir='ltr'><strong>atque</strong></span> <span class='ocrx_word' id='word_1_148' title='bbox 967 1073 1028 1098; x_wconf 90' lang='lat' dir='ltr'><strong>uui-</strong></span> 
     </span>
    </p>
   </div>
   <div class='ocr_carea' id='block_1_25' title="bbox 243 1117 1029 1151">
    <p class='ocr_par' dir='ltr' id='par_1_25' title="bbox 243 1117 1029 1151">
     <span class='ocr_line' id='line_1_25' title="bbox 243 1117 1029 1151; baseline -0.001 -8"><span class='ocrx_word' id='word_1_149' title='bbox 243 1125 353 1144; x_wconf 81' lang='lat' dir='ltr'><strong>versum</strong></span> <span class='ocrx_word' id='word_1_150' title='bbox 369 1125 456 1151; x_wconf 79' lang='lat' dir='ltr'><strong>genus</strong></span> <span class='ocrx_word' id='word_1_151' title='bbox 469 1117 617 1144; x_wconf 86' lang='lat' dir='ltr'><strong>humanum</strong></span> <span class='ocrx_word' id='word_1_152' title='bbox 633 1118 750 1150; x_wconf 77' lang='lat' dir='ltr'><strong>resurgit</strong></span> <span class='ocrx_word' id='word_1_153' title='bbox 766 1124 781 1143; x_wconf 70' lang='grc' dir='ltr'>εὶ</span> <span class='ocrx_word' id='word_1_154' title='bbox 795 1117 882 1151; x_wconf 85' lang='lat' dir='ltr'><strong>lapsu,</strong></span> <span class='ocrx_word' id='word_1_155' title='bbox 898 1121 925 1143; x_wconf 86' lang='lat' dir='ltr'><strong>et</strong></span> <span class='ocrx_word' id='word_1_156' title='bbox 941 1117 1029 1150; x_wconf 75' lang='lat' dir='ltr'><strong>pra-da</strong></span> 
     </span>
    </p>
   </div>
   <div class='ocr_carea' id='block_1_26' title="bbox 243 1161 1029 1196">
    <p class='ocr_par' dir='ltr' id='par_1_26' title="bbox 243 1161 1029 1196">
     <span class='ocr_line' id='line_1_26' title="bbox 243 1161 1029 1196; baseline 0.001 -9"><span class='ocrx_word' id='word_1_157' title='bbox 243 1162 355 1195; x_wconf 82' lang='lat' dir='ltr'><strong>antiqua</strong></span> <span class='ocrx_word' id='word_1_158' title='bbox 371 1161 493 1188; x_wconf 79' lang='lat' dir='ltr'><strong>infernus</strong></span> <span class='ocrx_word' id='word_1_159' title='bbox 509 1163 654 1196; x_wconf 73' lang='lat' dir='ltr'><strong>spoliatur,</strong></span> <span class='ocrx_word' id='word_1_160' title='bbox 666 1167 692 1189; x_wconf 88' lang='lat' dir='ltr'><strong>et</strong></span> <span class='ocrx_word' id='word_1_161' title='bbox 705 1163 857 1191; x_wconf 81' lang='lat' dir='ltr'><strong>clauditur;</strong></span> <span class='ocrx_word' id='word_1_162' title='bbox 870 1163 1029 1196; x_wconf 84' lang='lat' dir='ltr'><strong>aperiuntur</strong></span> 
     </span>
    </p>
   </div>
   <div class='ocr_carea' id='block_1_27' title="bbox 243 1209 1030 1242">
    <p class='ocr_par' dir='ltr' id='par_1_27' title="bbox 243 1209 1030 1242">
     <span class='ocr_line' id='line_1_27' title="bbox 243 1209 1030 1242; baseline 0.003 -9"><span class='ocrx_word' id='word_1_163' title='bbox 243 1215 259 1233; x_wconf 90' lang='lat' dir='ltr'><strong>e</strong></span> <span class='ocrx_word' id='word_1_164' title='bbox 276 1214 427 1238; x_wconf 84' lang='lat' dir='ltr'><strong>converso.</strong></span> <span class='ocrx_word' id='word_1_165' title='bbox 454 1212 480 1234; x_wconf 87' lang='lat' dir='ltr'><strong>et</strong></span> <span class='ocrx_word' id='word_1_166' title='bbox 504 1215 593 1235; x_wconf 74' lang='lat' dir='ltr'><strong>massa</strong></span> <span class='ocrx_word' id='word_1_167' title='bbox 611 1213 704 1236; x_wconf 86' lang='lat' dir='ltr'><strong>nostra</strong></span> <span class='ocrx_word' id='word_1_168' title='bbox 730 1209 876 1242; x_wconf 86' lang='lat' dir='ltr'><strong>implentur</strong></span> <span class='ocrx_word' id='word_1_169' title='bbox 897 1209 976 1241; x_wconf 81' lang='lat' dir='ltr'><strong>cceli;</strong></span> <span class='ocrx_word' id='word_1_170' title='bbox 1002 1213 1030 1235; x_wconf 86' lang='lat' dir='ltr'><strong>et</strong></span> 
     </span>
    </p>
   </div>
   <div class='ocr_carea' id='block_1_28' title="bbox 245 1252 1029 1289">
    <p class='ocr_par' dir='ltr' id='par_1_28' title="bbox 245 1252 1029 1289">
     <span class='ocr_line' id='line_1_28' title="bbox 245 1252 1029 1289; baseline 0.003 -10"><span class='ocrx_word' id='word_1_171' title='bbox 245 1252 355 1286; x_wconf 88' lang='lat' dir='ltr'><strong>insuper</strong></span> <span class='ocrx_word' id='word_1_172' title='bbox 372 1254 413 1287; x_wconf 87' lang='lat' dir='ltr'><strong>(ut</strong></span> <span class='ocrx_word' id='word_1_173' title='bbox 444 1258 608 1287; x_wconf 87' lang='lat' dir='ltr'><strong>postremum</strong></span> <span class='ocrx_word' id='word_1_174' title='bbox 641 1254 706 1281; x_wconf 90' lang='lat' dir='ltr'><strong>illud</strong></span> <span class='ocrx_word' id='word_1_175' title='bbox 726 1254 822 1282; x_wconf 82' lang='lat' dir='ltr'><strong>addam</strong></span> <span class='ocrx_word' id='word_1_176' title='bbox 835 1274 841 1286; x_wconf 90' lang='lat'><strong>,</strong></span> <span class='ocrx_word' id='word_1_177' title='bbox 863 1255 1029 1289; x_wconf 71' lang='lat' dir='ltr'><strong>iucundissi-</strong></span> 
     </span>
    </p>
   </div>
   <div class='ocr_carea' id='block_1_29' title="bbox 245 1299 1028 1335">
    <p class='ocr_par' dir='ltr' id='par_1_29' title="bbox 245 1299 1028 1335">
     <span class='ocr_line' id='line_1_29' title="bbox 245 1299 1028 1335; baseline 0.004 -11"><span class='ocrx_word' id='word_1_178' title='bbox 245 1305 318 1325; x_wconf 90' lang='lat' dir='ltr'><strong>mum</strong></span> <span class='ocrx_word' id='word_1_179' title='bbox 346 1299 423 1332; x_wconf 67' lang='lat' dir='ltr'><strong>juxta</strong></span> <span class='ocrx_word' id='word_1_180' title='bbox 449 1306 481 1326; x_wconf 84' lang='lat' dir='ltr'><strong>ac</strong></span> <span class='ocrx_word' id='word_1_181' title='bbox 509 1299 773 1332; x_wconf 86' lang='lat' dir='ltr'><strong>tremendissimum,</strong></span> <span class='ocrx_word' id='word_1_182' title='bbox 793 1306 819 1327; x_wconf 90' lang='lat' dir='ltr'><strong>et</strong></span> <span class='ocrx_word' id='word_1_183' title='bbox 843 1300 922 1335; x_wconf 84' lang='lat' dir='ltr'><strong>cujus</strong></span> <span class='ocrx_word' id='word_1_184' title='bbox 942 1301 1028 1335; x_wconf 76' lang='lat' dir='ltr'><strong>gratia</strong></span> 
     </span>
    </p>
   </div>
   <div class='ocr_carea' id='block_1_30' title="bbox 244 1343 1029 1380">
    <p class='ocr_par' dir='ltr' id='par_1_30' title="bbox 244 1343 1029 1380">
     <span class='ocr_line' id='line_1_30' title="bbox 244 1343 1029 1380; baseline 0.006 -12"><span class='ocrx_word' id='word_1_185' title='bbox 244 1343 336 1370; x_wconf 85' lang='lat' dir='ltr'><strong>omnia</strong></span> <span class='ocrx_word' id='word_1_186' title='bbox 359 1349 453 1371; x_wconf 88' lang='lat' dir='ltr'><strong>nostra</strong></span> <span class='ocrx_word' id='word_1_187' title='bbox 471 1344 666 1378; x_wconf 86' lang='lat' dir='ltr'><strong>disponuntur,</strong></span> <span class='ocrx_word' id='word_1_188' title='bbox 683 1346 815 1380; x_wconf 82' lang='lat' dir='ltr'><strong>ﬁrmaque</strong></span> <span class='ocrx_word' id='word_1_189' title='bbox 835 1347 875 1373; x_wconf 85' lang='lat' dir='ltr'><strong>vel</strong></span> <span class='ocrx_word' id='word_1_190' title='bbox 898 1347 1029 1373; x_wconf 87' lang='lat' dir='ltr'><strong>adversus</strong></span> 
     </span>
    </p>
   </div>
   <div class='ocr_carea' id='block_1_31' title="bbox 244 1388 1028 1428">
    <p class='ocr_par' dir='ltr' id='par_1_31' title="bbox 244 1388 1028 1428">
     <span class='ocr_line' id='line_1_31' title="bbox 244 1388 1028 1428; baseline 0.005 -14"><span class='ocrx_word' id='word_1_191' title='bbox 244 1395 340 1415; x_wconf 87' lang='lat' dir='ltr'><strong>omnes</strong></span> <span class='ocrx_word' id='word_1_192' title='bbox 356 1388 482 1416; x_wconf 90' lang='lat' dir='ltr'><strong>inimicos</strong></span> <span class='ocrx_word' id='word_1_193' title='bbox 497 1391 662 1424; x_wconf 85' lang='lat' dir='ltr'><strong>consistunt,</strong></span> <span class='ocrx_word' id='word_1_194' title='bbox 678 1392 750 1419; x_wconf 87' lang='lat' dir='ltr'><strong>sicut</strong></span> <span class='ocrx_word' id='word_1_195' title='bbox 771 1392 882 1427; x_wconf 84' lang='lat' dir='ltr'><strong>antiqua</strong></span> <span class='ocrx_word' id='word_1_196' title='bbox 906 1399 939 1419; x_wconf 84' lang='lat' dir='ltr'><strong>ac</strong></span> <span class='ocrx_word' id='word_1_197' title='bbox 958 1399 1028 1428; x_wconf 73' lang='lat' dir='ltr'><strong>prze-</strong></span> 
     </span>
    </p>
   </div>
   <div class='ocr_carea' id='block_1_32' title="bbox 244 1434 1029 1472">
    <p class='ocr_par' dir='ltr' id='par_1_32' title="bbox 244 1434 1029 1472">
     <span class='ocr_line' id='line_1_32' title="bbox 244 1434 1029 1472; baseline 0.004 -12"><span class='ocrx_word' id='word_1_198' title='bbox 244 1436 322 1460; x_wconf 80' lang='lat' dir='ltr'><strong>stans</strong></span> <span class='ocrx_word' id='word_1_199' title='bbox 339 1434 372 1460; x_wconf 85' lang='lat' dir='ltr'><strong>ad</strong></span> <span class='ocrx_word' id='word_1_200' title='bbox 394 1441 444 1461; x_wconf 84' lang='lat' dir='ltr'><strong>nos</strong></span> <span class='ocrx_word' id='word_1_201' title='bbox 468 1442 554 1469; x_wconf 88' lang='lat' dir='ltr'><strong>usque</strong></span> <span class='ocrx_word' id='word_1_202' title='bbox 578 1436 631 1462; x_wconf 77' lang='lat' dir='ltr'><strong>fert</strong></span> <span class='ocrx_word' id='word_1_203' title='bbox 649 1436 758 1463; x_wconf 83' lang='lat' dir='ltr'><strong>traditio</strong></span> <span class='ocrx_word' id='word_1_204' title='bbox 778 1437 902 1472; x_wconf 86' lang='lat' dir='ltr'><strong>ratioque</strong></span> <span class='ocrx_word' id='word_1_205' title='bbox 928 1438 1029 1464; x_wconf 81' lang='lat' dir='ltr'><strong>contir-</strong></span> 
     </span>
    </p>
   </div>
   <div class='ocr_carea' id='block_1_33' title="bbox 243 1477 1029 1511">
    <p class='ocr_par' dir='ltr' id='par_1_33' title="bbox 243 1477 1029 1511">
     <span class='ocr_line' id='line_1_33' title="bbox 243 1477 1029 1511; baseline 0.005 -8"><span class='ocrx_word' id='word_1_206' title='bbox 243 1477 319 1511; x_wconf 89' lang='lat' dir='ltr'><strong>mat)</strong></span> <span class='ocrx_word' id='word_1_207' title='bbox 342 1478 437 1505; x_wconf 84' lang='lat' dir='ltr'><strong>eadem</strong></span> <span class='ocrx_word' id='word_1_208' title='bbox 466 1478 517 1506; x_wconf 89' lang='lat' dir='ltr'><strong>hac</strong></span> <span class='ocrx_word' id='word_1_209' title='bbox 540 1479 584 1507; x_wconf 84' lang='lat' dir='ltr'><strong>die</strong></span> <span class='ocrx_word' id='word_1_210' title='bbox 601 1480 756 1507; x_wconf 87' lang='lat' dir='ltr'><strong>communis</strong></span> <span class='ocrx_word' id='word_1_211' title='bbox 773 1481 896 1507; x_wconf 91' lang='lat' dir='ltr'><strong>onmium</strong></span> <span class='ocrx_word' id='word_1_212' title='bbox 921 1481 1029 1507; x_wconf 88' lang='lat' dir='ltr'><strong>terribi-</strong></span> 
     </span>
    </p>
   </div>
   <div class='ocr_carea' id='block_1_34' title="bbox 243 1517 1027 1562">
    <p class='ocr_par' dir='ltr' id='par_1_34' title="bbox 243 1517 1027 1562">
     <span class='ocr_line' id='line_1_34' title="bbox 243 1517 1027 1562; baseline 0.005 -14"><span class='ocrx_word' id='word_1_213' title='bbox 243 1517 333 1558; x_wconf 81' lang='lat' dir='ltr'><strong>lisque</strong></span> <span class='ocrx_word' id='word_1_214' title='bbox 348 1531 395 1550; x_wconf 82' lang='lat' dir='ltr'><strong>rex</strong></span> <span class='ocrx_word' id='word_1_215' title='bbox 417 1524 499 1551; x_wconf 87' lang='lat' dir='ltr'><strong>simul</strong></span> <span class='ocrx_word' id='word_1_216' title='bbox 515 1529 542 1552; x_wconf 81' lang='lat' dir='ltr'><strong>et</strong></span> <span class='ocrx_word' id='word_1_217' title='bbox 556 1525 626 1553; x_wconf 85' lang='lat' dir='ltr'><strong>Deus</strong></span> <span class='ocrx_word' id='word_1_218' title='bbox 641 1530 667 1553; x_wconf 89' lang='lat' dir='ltr'><strong>et</strong></span> <span class='ocrx_word' id='word_1_219' title='bbox 678 1526 761 1560; x_wconf 80' lang='lat' dir='ltr'><strong>jndex</strong></span> <span class='ocrx_word' id='word_1_220' title='bbox 770 1530 905 1553; x_wconf 73' lang='lat' dir='ltr'><strong>venturus</strong></span> <span class='ocrx_word' id='word_1_221' title='bbox 923 1532 964 1554; x_wconf 91' lang='lat' dir='ltr'><strong>est</strong></span> <span class='ocrx_word' id='word_1_222' title='bbox 977 1527 1027 1562; x_wconf 75' lang='lat'><strong>(&#39;1),</strong></span> 
     </span>
    </p>
   </div>
   <div class='ocr_carea' id='block_1_35' title="bbox 242 1568 1027 1598">
    <p class='ocr_par' dir='ltr' id='par_1_35' title="bbox 242 1568 1027 1598">
     <span class='ocr_line' id='line_1_35' title="bbox 242 1568 1027 1598; baseline 0.005 -4"><span class='ocrx_word' id='word_1_223' title='bbox 242 1571 270 1594; x_wconf 82' lang='lat' dir='ltr'><strong>et</strong></span> <span class='ocrx_word' id='word_1_224' title='bbox 298 1568 388 1596; x_wconf 88' lang='lat' dir='ltr'><strong>omnis</strong></span> <span class='ocrx_word' id='word_1_225' title='bbox 416 1574 540 1597; x_wconf 88' lang='lat' dir='ltr'><strong>creatura</strong></span> <span class='ocrx_word' id='word_1_226' title='bbox 571 1570 633 1597; x_wconf 89' lang='lat' dir='ltr'><strong>inde</strong></span> <span class='ocrx_word' id='word_1_227' title='bbox 660 1570 780 1598; x_wconf 83' lang='lat' dir='ltr'><strong>discedet</strong></span> <span class='ocrx_word' id='word_1_228' title='bbox 804 1571 846 1597; x_wconf 88' lang='lat' dir='ltr'><strong>vel</strong></span> <span class='ocrx_word' id='word_1_229' title='bbox 876 1571 1027 1598; x_wconf 83' lang='lat' dir='ltr'><strong>divinitatis</strong></span> 
     </span>
    </p>
   </div>
   <div class='ocr_carea' id='block_1_36' title="bbox 243 1612 1028 1648">
    <p class='ocr_par' dir='ltr' id='par_1_36' title="bbox 243 1612 1028 1648">
     <span class='ocr_line' id='line_1_36' title="bbox 243 1612 1028 1648; baseline 0.005 -9"><span class='ocrx_word' id='word_1_230' title='bbox 243 1612 379 1648; x_wconf 79' lang='lat' dir='ltr'><strong>particeps</strong></span> <span class='ocrx_word' id='word_1_231' title='bbox 392 1614 434 1641; x_wconf 86' lang='lat' dir='ltr'><strong>vel</strong></span> <span class='ocrx_word' id='word_1_232' title='bbox 449 1613 505 1648; x_wconf 77' lang='lat' dir='ltr'><strong>igni</strong></span> <span class='ocrx_word' id='word_1_233' title='bbox 527 1614 662 1641; x_wconf 82' lang='lat' dir='ltr'><strong>destinata</strong></span> <span class='ocrx_word' id='word_1_234' title='bbox 675 1634 682 1646; x_wconf 91' lang='lat'><strong>,</strong></span> <span class='ocrx_word' id='word_1_235' title='bbox 698 1619 725 1641; x_wconf 90' lang='lat' dir='ltr'><strong>et</strong></span> <span class='ocrx_word' id='word_1_236' title='bbox 749 1614 843 1642; x_wconf 86' lang='lat' dir='ltr'><strong>mundi</strong></span> <span class='ocrx_word' id='word_1_237' title='bbox 860 1623 930 1642; x_wconf 88' lang='lat' dir='ltr'><strong>unus</strong></span> <span class='ocrx_word' id='word_1_238' title='bbox 949 1620 1028 1643; x_wconf 89' lang='lat' dir='ltr'><strong>erunt</strong></span> 
     </span>
    </p>
   </div>
   <div class='ocr_carea' id='block_1_37' title="bbox 243 1658 1028 1696">
    <p class='ocr_par' dir='ltr' id='par_1_37' title="bbox 243 1658 1028 1696">
     <span class='ocr_line' id='line_1_37' title="bbox 243 1658 1028 1696; baseline 0.003 -11"><span class='ocrx_word' id='word_1_239' title='bbox 243 1659 362 1686; x_wconf 84' lang='lat' dir='ltr'><strong>mundus</strong></span> <span class='ocrx_word' id='word_1_240' title='bbox 377 1658 428 1694; x_wconf 86' lang='lat'><strong>(8),</strong></span> <span class='ocrx_word' id='word_1_241' title='bbox 442 1664 525 1694; x_wconf 80' lang='lat' dir='ltr'><strong>atque</strong></span> <span class='ocrx_word' id='word_1_242' title='bbox 542 1667 626 1686; x_wconf 90' lang='lat' dir='ltr'><strong>unum</strong></span> <span class='ocrx_word' id='word_1_243' title='bbox 641 1660 695 1687; x_wconf 85' lang='lat' dir='ltr'><strong>erit</strong></span> <span class='ocrx_word' id='word_1_244' title='bbox 713 1667 827 1696; x_wconf 70' lang='lat' dir='ltr'><strong>regnum</strong></span> <span class='ocrx_word' id='word_1_245' title='bbox 844 1660 894 1695; x_wconf 81' lang='lat'><strong>(9),</strong></span> <span class='ocrx_word' id='word_1_246' title='bbox 911 1665 937 1688; x_wconf 84' lang='lat' dir='ltr'><strong>et</strong></span> <span class='ocrx_word' id='word_1_247' title='bbox 951 1660 1028 1687; x_wconf 77' lang='lat' dir='ltr'><strong>aufe-</strong></span> 
     </span>
    </p>
   </div>
   <div class='ocr_carea' id='block_1_38' title="bbox 244 1703 1028 1740">
    <p class='ocr_par' dir='ltr' id='par_1_38' title="bbox 244 1703 1028 1740">
     <span class='ocr_line' id='line_1_38' title="bbox 244 1703 1028 1740; baseline 0.004 -11"><span class='ocrx_word' id='word_1_248' title='bbox 244 1707 321 1730; x_wconf 89' lang='lat' dir='ltr'><strong>retur</strong></span> <span class='ocrx_word' id='word_1_249' title='bbox 335 1711 350 1730; x_wconf 84' lang='lat' dir='ltr'><strong>e</strong></span> <span class='ocrx_word' id='word_1_250' title='bbox 368 1703 457 1730; x_wconf 91' lang='lat' dir='ltr'><strong>medio</strong></span> <span class='ocrx_word' id='word_1_251' title='bbox 478 1704 617 1738; x_wconf 85' lang='lat' dir='ltr'><strong>tyrannis,</strong></span> <span class='ocrx_word' id='word_1_252' title='bbox 635 1709 662 1731; x_wconf 90' lang='lat' dir='ltr'><strong>et</strong></span> <span class='ocrx_word' id='word_1_253' title='bbox 681 1705 772 1740; x_wconf 78' lang='lat' dir='ltr'><strong>regina</strong></span> <span class='ocrx_word' id='word_1_254' title='bbox 791 1705 823 1732; x_wconf 84' lang='lat' dir='ltr'><strong>ad</strong></span> <span class='ocrx_word' id='word_1_255' title='bbox 841 1705 922 1740; x_wconf 74' lang='lat' dir='ltr'><strong>Regis</strong></span> <span class='ocrx_word' id='word_1_256' title='bbox 935 1706 1028 1732; x_wconf 85' lang='lat' dir='ltr'><strong>dexte-</strong></span> 
     </span>
    </p>
   </div>
   <div class='ocr_carea' id='block_1_39' title="bbox 244 1748 1026 1785">
    <p class='ocr_par' dir='ltr' id='par_1_39' title="bbox 244 1748 1026 1785">
     <span class='ocr_line' id='line_1_39' title="bbox 244 1748 1026 1785; baseline 0.004 -11"><span class='ocrx_word' id='word_1_257' title='bbox 244 1755 302 1774; x_wconf 85' lang='lat' dir='ltr'><strong>ram</strong></span> <span class='ocrx_word' id='word_1_258' title='bbox 324 1748 455 1775; x_wconf 87' lang='lat' dir='ltr'><strong>assidebit</strong></span> <span class='ocrx_word' id='word_1_259' title='bbox 467 1749 490 1764; x_wconf 73' lang='grc' dir='ltr'>’θ</span> <span class='ocrx_word' id='word_1_260' title='bbox 509 1749 714 1783; x_wconf 83' lang='lat' dir='ltr'><strong>pulchritudine</strong></span> <span class='ocrx_word' id='word_1_261' title='bbox 740 1749 887 1785; x_wconf 78' lang='lat' dir='ltr'><strong>refulgens,</strong></span> <span class='ocrx_word' id='word_1_262' title='bbox 902 1755 929 1777; x_wconf 86' lang='lat' dir='ltr'><strong>et</strong></span> <span class='ocrx_word' id='word_1_263' title='bbox 950 1751 1026 1778; x_wconf 63' lang='lat' dir='ltr'><strong>dotav</strong></span> 
     </span>
    </p>
   </div>
   <div class='ocr_carea' id='block_1_40' title="bbox 244 1791 1027 1825">
    <p class='ocr_par' dir='ltr' id='par_1_40' title="bbox 244 1791 1027 1825">
     <span class='ocr_line' id='line_1_40' title="bbox 244 1791 1027 1825; baseline 0.006 -7"><span class='ocrx_word' id='word_1_264' title='bbox 244 1791 316 1820; x_wconf 85' lang='lat' dir='ltr'><strong>libus</strong></span> <span class='ocrx_word' id='word_1_265' title='bbox 340 1793 511 1825; x_wconf 83' lang='lat' dir='ltr'><strong>muneribus,</strong></span> <span class='ocrx_word' id='word_1_266' title='bbox 535 1794 666 1821; x_wconf 86' lang='lat' dir='ltr'><strong>nimirum</strong></span> <span class='ocrx_word' id='word_1_267' title='bbox 688 1795 770 1822; x_wconf 91' lang='lat' dir='ltr'><strong>simul</strong></span> <span class='ocrx_word' id='word_1_268' title='bbox 790 1795 918 1823; x_wconf 86' lang='lat' dir='ltr'><strong>omnibus</strong></span> <span class='ocrx_word' id='word_1_269' title='bbox 938 1795 1027 1823; x_wconf 90' lang='lat' dir='ltr'><strong>Trini-</strong></span> 
     </span>
    </p>
   </div>
   <div class='ocr_carea' id='block_1_41' title="bbox 1080 249 1866 289">
    <p class='ocr_par' dir='ltr' id='par_1_41' title="bbox 1080 249 1866 289">
     <span class='ocr_line' id='line_1_41' title="bbox 1080 249 1866 289; baseline 0.004 -13"><span class='ocrx_word' id='word_1_270' title='bbox 1080 249 1256 276; x_wconf 80' lang='grc' dir='ltr'>ἀπόπτωσιν·</span> <span class='ocrx_word' id='word_1_271' title='bbox 1287 251 1334 276; x_wconf 76' lang='grc' dir='ltr'><strong>καὶ</strong></span> <span class='ocrx_word' id='word_1_272' title='bbox 1353 250 1517 289; x_wconf 19' lang='grc' dir='ltr'>πὰνάπλασις</span> <span class='ocrx_word' id='word_1_273' title='bbox 1547 251 1594 277; x_wconf 78' lang='grc' dir='ltr'>καὶ</span> <span class='ocrx_word' id='word_1_274' title='bbox 1619 251 1768 283; x_wconf 76' lang='grc' dir='ltr'>ἀνάστασις</span> <span class='ocrx_word' id='word_1_275' title='bbox 1797 252 1866 286; x_wconf 49' lang='grc' dir='ltr'>μετα</span> 
     </span>
    </p>
   </div>
   <div class='ocr_carea' id='block_1_42' title="bbox 1079 295 1866 333">
    <p class='ocr_par' dir='ltr' id='par_1_42' title="bbox 1079 295 1866 333">
     <span class='ocr_line' id='line_1_42' title="bbox 1079 295 1866 333; baseline 0.003 -11"><span class='ocrx_word' id='word_1_276' title='bbox 1079 295 1211 330; x_wconf 75' lang='grc' dir='ltr'><strong>δευτέραν</strong></span> <span class='ocrx_word' id='word_1_277' title='bbox 1236 296 1382 331; x_wconf 79' lang='grc' dir='ltr'>συντριϐὴν</span> <span class='ocrx_word' id='word_1_278' title='bbox 1404 297 1452 322; x_wconf 83' lang='grc' dir='ltr'>καὶ</span> <span class='ocrx_word' id='word_1_279' title='bbox 1475 296 1589 324; x_wconf 80' lang='grc' dir='ltr'>θάνατον</span> <span class='ocrx_word' id='word_1_280' title='bbox 1609 297 1753 333; x_wconf 82' lang='grc' dir='ltr'>δεύτερον,</span> <span class='ocrx_word' id='word_1_281' title='bbox 1776 298 1866 333; x_wconf 78' lang='grc' dir='ltr'>πολλῷ</span> 
     </span>
    </p>
   </div>
   <div class='ocr_carea' id='block_1_43' title="bbox 1080 342 1578 379">
    <p class='ocr_par' dir='ltr' id='par_1_43' title="bbox 1080 342 1578 379">
     <span class='ocr_line' id='line_1_43' title="bbox 1080 342 1578 379; baseline 0.006 -11"><span class='ocrx_word' id='word_1_282' title='bbox 1080 342 1229 378; x_wconf 76' lang='grc' dir='ltr'><strong>βαθύτερον</strong></span> <span class='ocrx_word' id='word_1_283' title='bbox 1244 344 1290 369; x_wconf 69' lang='grc' dir='ltr'><strong>καὶ</strong></span> <span class='ocrx_word' id='word_1_284' title='bbox 1304 343 1518 379; x_wconf 75' lang='grc' dir='ltr'>δυσανακλητὸτε</span> <span class='ocrx_word' id='word_1_285' title='bbox 1523 352 1578 379; x_wconf 85' lang='grc' dir='ltr'>ρον.</span> 
     </span>
    </p>
   </div>
   <div class='ocr_carea' id='block_1_44' title="bbox 1115 476 1866 512">
    <p class='ocr_par' dir='ltr' id='par_1_44' title="bbox 1115 476 1866 512">
     <span class='ocr_line' id='line_1_44' title="bbox 1115 476 1866 512; baseline 0.001 -9"><span class='ocrx_word' id='word_1_286' title='bbox 1115 477 1155 503; x_wconf 85' lang='grc' dir='ltr'><strong>Λ⁹.</strong></span> <span class='ocrx_word' id='word_1_287' title='bbox 1187 476 1256 502; x_wconf 74' lang='grc' dir='ltr'>Ἀλλ’</span> <span class='ocrx_word' id='word_1_288' title='bbox 1284 476 1313 502; x_wconf 81' lang='grc' dir='ltr'><strong>εὖ</strong></span> <span class='ocrx_word' id='word_1_289' title='bbox 1338 485 1369 510; x_wconf 88' lang='grc' dir='ltr'>γε</span> <span class='ocrx_word' id='word_1_290' title='bbox 1395 476 1480 503; x_wconf 84' lang='grc' dir='ltr'>ποιῶν</span> <span class='ocrx_word' id='word_1_291' title='bbox 1495 477 1509 502; x_wconf 82' lang='grc' dir='ltr'>ὁ</span> <span class='ocrx_word' id='word_1_292' title='bbox 1527 477 1606 512; x_wconf 87' lang='grc' dir='ltr'>λόγος</span> <span class='ocrx_word' id='word_1_293' title='bbox 1621 477 1667 504; x_wconf 70' lang='grc' dir='ltr'>καὶ</span> <span class='ocrx_word' id='word_1_294' title='bbox 1689 477 1866 510; x_wconf 73' lang='grc' dir='ltr'>ἀναπλάσεως</span> 
     </span>
    </p>
   </div>
   <div class='ocr_carea' id='block_1_45' title="bbox 1080 522 1864 560">
    <p class='ocr_par' dir='ltr' id='par_1_45' title="bbox 1080 522 1864 560">
     <span class='ocr_line' id='line_1_45' title="bbox 1080 522 1864 560; baseline 0.004 -12"><span class='ocrx_word' id='word_1_295' title='bbox 1080 522 1215 557; x_wconf 80' lang='grc' dir='ltr'>ἐμνήσθη,</span> <span class='ocrx_word' id='word_1_296' title='bbox 1228 523 1274 549; x_wconf 78' lang='grc' dir='ltr'>καὶ</span> <span class='ocrx_word' id='word_1_297' title='bbox 1286 523 1471 554; x_wconf 83' lang='grc' dir='ltr'>ἀναστάσεως.</span> <span class='ocrx_word' id='word_1_298' title='bbox 1487 523 1557 557; x_wconf 82' lang='grc' dir='ltr'><strong>Ἤδη</strong></span> <span class='ocrx_word' id='word_1_299' title='bbox 1566 524 1619 559; x_wconf 85' lang='grc' dir='ltr'><strong>γὰρ</strong></span> <span class='ocrx_word' id='word_1_300' title='bbox 1629 525 1809 559; x_wconf 81' lang='grc' dir='ltr'>προσυπεμνή</span> <span class='ocrx_word' id='word_1_301' title='bbox 1816 525 1864 560; x_wconf 78' lang='grc' dir='ltr'><strong>σθη</strong></span> 
     </span>
    </p>
   </div>
   <div class='ocr_carea' id='block_1_46' title="bbox 1081 568 1866 605">
    <p class='ocr_par' dir='ltr' id='par_1_46' title="bbox 1081 568 1866 605">
     <span class='ocr_line' id='line_1_46' title="bbox 1081 568 1866 605; baseline 0.003 -11"><span class='ocrx_word' id='word_1_302' title='bbox 1081 569 1128 594; x_wconf 73' lang='grc' dir='ltr'><strong>καὶ</strong></span> <span class='ocrx_word' id='word_1_303' title='bbox 1144 568 1194 602; x_wconf 82' lang='grc' dir='ltr'>τῆς</span> <span class='ocrx_word' id='word_1_304' title='bbox 1209 569 1314 603; x_wconf 81' lang='grc' dir='ltr'>ἡμέρας</span> <span class='ocrx_word' id='word_1_305' title='bbox 1329 568 1359 594; x_wconf 85' lang='grc' dir='ltr'>τὺ</span> <span class='ocrx_word' id='word_1_306' title='bbox 1375 569 1550 603; x_wconf 72' lang='grc' dir='ltr'><strong>χαριέστατον</strong></span> <span class='ocrx_word' id='word_1_307' title='bbox 1567 569 1614 595; x_wconf 75' lang='grc' dir='ltr'>καὶ</span> <span class='ocrx_word' id='word_1_308' title='bbox 1629 569 1677 604; x_wconf 82' lang='grc' dir='ltr'><strong>οὐχ</strong></span> <span class='ocrx_word' id='word_1_309' title='bbox 1688 569 1726 601; x_wconf 83' lang='grc' dir='ltr'>ὡς</span> <span class='ocrx_word' id='word_1_310' title='bbox 1737 571 1750 595; x_wconf 85' lang='grc' dir='ltr'><strong>ό</strong></span> <span class='ocrx_word' id='word_1_311' title='bbox 1768 570 1866 605; x_wconf 78' lang='grc' dir='ltr'><strong>τρόπος</strong></span> 
     </span>
    </p>
   </div>
   <div class='ocr_carea' id='block_1_47' title="bbox 1082 614 1864 650">
    <p class='ocr_par' dir='ltr' id='par_1_47' title="bbox 1082 614 1864 650">
     <span class='ocr_line' id='line_1_47' title="bbox 1082 614 1864 650; baseline 0.003 -11"><span class='ocrx_word' id='word_1_312' title='bbox 1082 614 1178 648; x_wconf 76' lang='grc' dir='ltr'>μόνον,</span> <span class='ocrx_word' id='word_1_313' title='bbox 1204 614 1273 640; x_wconf 77' lang='grc' dir='ltr'>ἀλλὰ</span> <span class='ocrx_word' id='word_1_314' title='bbox 1295 615 1342 640; x_wconf 82' lang='grc' dir='ltr'>καὶ</span> <span class='ocrx_word' id='word_1_315' title='bbox 1366 615 1380 640; x_wconf 79' lang='grc' dir='ltr'>ὁ</span> <span class='ocrx_word' id='word_1_316' title='bbox 1403 614 1497 650; x_wconf 77' lang='grc' dir='ltr'>καιρὸς</span> <span class='ocrx_word' id='word_1_317' title='bbox 1517 615 1546 640; x_wconf 83' lang='grc' dir='ltr'>ὲν</span> <span class='ocrx_word' id='word_1_318' title='bbox 1568 614 1656 650; x_wconf 83' lang='grc' dir='ltr'>καιρῷ</span> <span class='ocrx_word' id='word_1_319' title='bbox 1673 615 1723 650; x_wconf 84' lang='grc' dir='ltr'>τῆς</span> <span class='ocrx_word' id='word_1_320' title='bbox 1742 615 1864 650; x_wconf 76' lang='grc' dir='ltr'>χάριτος.</span> 
     </span>
    </p>
   </div>
   <div class='ocr_carea' id='block_1_48' title="bbox 1080 660 1866 696">
    <p class='ocr_par' dir='ltr' id='par_1_48' title="bbox 1080 660 1866 696">
     <span class='ocr_line' id='line_1_48' title="bbox 1080 660 1866 696; baseline 0 -10"><span class='ocrx_word' id='word_1_321' title='bbox 1080 660 1137 686; x_wconf 81' lang='grc' dir='ltr'><strong>Νῦν</strong></span> <span class='ocrx_word' id='word_1_322' title='bbox 1153 660 1203 694; x_wconf 85' lang='grc' dir='ltr'>μὲν</span> <span class='ocrx_word' id='word_1_323' title='bbox 1219 661 1273 696; x_wconf 79' lang='grc' dir='ltr'><strong>γὰρ</strong></span> <span class='ocrx_word' id='word_1_324' title='bbox 1289 660 1404 695; x_wconf 73' lang='grc' dir='ltr'>οὐρανὸς</span> <span class='ocrx_word' id='word_1_325' title='bbox 1419 661 1467 687; x_wconf 78' lang='grc' dir='ltr'>καὶ</span> <span class='ocrx_word' id='word_1_326' title='bbox 1486 661 1537 695; x_wconf 84' lang='grc' dir='ltr'>γῆ,</span> <span class='ocrx_word' id='word_1_327' title='bbox 1553 660 1600 687; x_wconf 77' lang='grc' dir='ltr'>καὶ</span> <span class='ocrx_word' id='word_1_328' title='bbox 1616 660 1645 686; x_wconf 74' lang='grc' dir='ltr'><strong>τὸ</strong></span> <span class='ocrx_word' id='word_1_329' title='bbox 1660 660 1770 695; x_wconf 81' lang='grc' dir='ltr'>σύμπαν</span> <span class='ocrx_word' id='word_1_330' title='bbox 1786 661 1866 686; x_wconf 76' lang='grc' dir='ltr'>τοῦτο</span> 
     </span>
    </p>
   </div>
   <div class='ocr_carea' id='block_1_49' title="bbox 1082 706 1864 742">
    <p class='ocr_par' dir='ltr' id='par_1_49' title="bbox 1082 706 1864 742">
     <span class='ocr_line' id='line_1_49' title="bbox 1082 706 1864 742; baseline 0 -10"><span class='ocrx_word' id='word_1_331' title='bbox 1082 706 1196 740; x_wconf 80' lang='grc' dir='ltr'>μέγεθός</span> <span class='ocrx_word' id='word_1_332' title='bbox 1208 715 1238 732; x_wconf 82' lang='grc' dir='ltr'><strong>τε</strong></span> <span class='ocrx_word' id='word_1_333' title='bbox 1252 707 1299 733; x_wconf 80' lang='grc' dir='ltr'><strong>καὶ</strong></span> <span class='ocrx_word' id='word_1_334' title='bbox 1310 707 1407 738; x_wconf 77' lang='grc' dir='ltr'>κάλλος</span> <span class='ocrx_word' id='word_1_335' title='bbox 1420 707 1489 742; x_wconf 80' lang='grc' dir='ltr'>μετὰ</span> <span class='ocrx_word' id='word_1_336' title='bbox 1502 707 1548 733; x_wconf 74' lang='grc' dir='ltr'>καὶ</span> <span class='ocrx_word' id='word_1_337' title='bbox 1559 707 1608 741; x_wconf 87' lang='grc' dir='ltr'>τῆς</span> <span class='ocrx_word' id='word_1_338' title='bbox 1619 707 1702 742; x_wconf 76' lang='grc' dir='ltr'>ἄλλης</span> <span class='ocrx_word' id='word_1_339' title='bbox 1715 706 1864 741; x_wconf 76' lang='grc' dir='ltr'>εὐρυθμίας</span> 
     </span>
    </p>
   </div>
   <div class='ocr_carea' id='block_1_50' title="bbox 1079 752 1865 788">
    <p class='ocr_par' dir='ltr' id='par_1_50' title="bbox 1079 752 1865 788">
     <span class='ocr_line' id='line_1_50' title="bbox 1079 752 1865 788; baseline 0.001 -11"><span class='ocrx_word' id='word_1_340' title='bbox 1079 760 1109 777; x_wconf 88' lang='grc' dir='ltr'><strong>τε</strong></span> <span class='ocrx_word' id='word_1_341' title='bbox 1131 752 1178 778; x_wconf 72' lang='grc' dir='ltr'>καὶ</span> <span class='ocrx_word' id='word_1_342' title='bbox 1194 753 1288 786; x_wconf 75' lang='grc' dir='ltr'>σοφίας</span> <span class='ocrx_word' id='word_1_343' title='bbox 1301 753 1519 787; x_wconf 80' lang='grc' dir='ltr'>δημιουργεῖται.</span> <span class='ocrx_word' id='word_1_344' title='bbox 1537 753 1660 788; x_wconf 85' lang='grc' dir='ltr'><strong>Σήμερον</strong></span> <span class='ocrx_word' id='word_1_345' title='bbox 1674 753 1702 778; x_wconf 81' lang='grc' dir='ltr'><strong>δὲ</strong></span> <span class='ocrx_word' id='word_1_346' title='bbox 1721 752 1865 787; x_wconf 81' lang='grc' dir='ltr'>ἄνθρωπος</span> 
     </span>
    </p>
   </div>
   <div class='ocr_carea' id='block_1_51' title="bbox 1080 797 1865 832">
    <p class='ocr_par' dir='ltr' id='par_1_51' title="bbox 1080 797 1865 832">
     <span class='ocr_line' id='line_1_51' title="bbox 1080 797 1865 832; baseline 0 -9"><span class='ocrx_word' id='word_1_347' title='bbox 1080 797 1237 829; x_wconf 81' lang='grc' dir='ltr'>πλάττεται,</span> <span class='ocrx_word' id='word_1_348' title='bbox 1250 798 1322 832; x_wconf 63' lang='grc' dir='ltr'>χειρὶ</span> <span class='ocrx_word' id='word_1_349' title='bbox 1337 797 1404 824; x_wconf 79' lang='grc' dir='ltr'>Θεοῦ</span> <span class='ocrx_word' id='word_1_350' title='bbox 1418 797 1464 824; x_wconf 78' lang='grc' dir='ltr'><strong>καὶ</strong></span> <span class='ocrx_word' id='word_1_351' title='bbox 1475 797 1569 830; x_wconf 76' lang='grc' dir='ltr'>εικόνι,</span> <span class='ocrx_word' id='word_1_352' title='bbox 1589 798 1636 824; x_wconf 74' lang='grc' dir='ltr'><strong>καὶ</strong></span> <span class='ocrx_word' id='word_1_353' title='bbox 1652 797 1730 828; x_wconf 80' lang='grc' dir='ltr'>αὖθις</span> <span class='ocrx_word' id='word_1_354' title='bbox 1746 799 1865 832; x_wconf 78' lang='grc' dir='ltr'><strong>σήμερον</strong></span> 
     </span>
    </p>
   </div>
   <div class='ocr_carea' id='block_1_52' title="bbox 1080 841 1864 878">
    <p class='ocr_par' dir='ltr' id='par_1_52' title="bbox 1080 841 1864 878">
     <span class='ocr_line' id='line_1_52' title="bbox 1080 841 1864 878; baseline 0 -10"><span class='ocrx_word' id='word_1_355' title='bbox 1080 841 1279 868; x_wconf 80' lang='grc' dir='ltr'>ἀναπλάττεται</span> <span class='ocrx_word' id='word_1_356' title='bbox 1297 842 1379 877; x_wconf 77' lang='grc' dir='ltr'>σαρκὶ</span> <span class='ocrx_word' id='word_1_357' title='bbox 1395 842 1462 868; x_wconf 83' lang='grc' dir='ltr'>Θεοῦ</span> <span class='ocrx_word' id='word_1_358' title='bbox 1479 843 1526 869; x_wconf 82' lang='grc' dir='ltr'><strong>καὶ</strong></span> <span class='ocrx_word' id='word_1_359' title='bbox 1538 842 1628 878; x_wconf 73' lang='grc' dir='ltr'>οὐσίᾳ,</span> <span class='ocrx_word' id='word_1_360' title='bbox 1646 843 1725 877; x_wconf 83' lang='grc' dir='ltr'><strong>Λόγῳ</strong></span> <span class='ocrx_word' id='word_1_361' title='bbox 1743 843 1793 878; x_wconf 79' lang='grc' dir='ltr'><strong>μὲν</strong></span> <span class='ocrx_word' id='word_1_362' title='bbox 1808 843 1864 869; x_wconf 86' lang='grc' dir='ltr'><strong>Πα-</strong></span> 
     </span>
    </p>
   </div>
   <div class='ocr_carea' id='block_1_53' title="bbox 1080 888 1864 924">
    <p class='ocr_par' dir='ltr' id='par_1_53' title="bbox 1080 888 1864 924">
     <span class='ocr_line' id='line_1_53' title="bbox 1080 888 1864 924; baseline 0 -10"><span class='ocrx_word' id='word_1_363' title='bbox 1080 888 1142 923; x_wconf 79' lang='grc' dir='ltr'>τρὺς</span> <span class='ocrx_word' id='word_1_364' title='bbox 1157 888 1204 915; x_wconf 73' lang='grc' dir='ltr'><strong>καὶ</strong></span> <span class='ocrx_word' id='word_1_365' title='bbox 1228 888 1360 923; x_wconf 81' lang='grc' dir='ltr'><strong>βραχίονι,</strong></span> <span class='ocrx_word' id='word_1_366' title='bbox 1380 889 1520 923; x_wconf 85' lang='grc' dir='ltr'><strong>φυσήματι</strong></span> <span class='ocrx_word' id='word_1_367' title='bbox 1534 888 1562 914; x_wconf 78' lang='grc' dir='ltr'><strong>δὲ</strong></span> <span class='ocrx_word' id='word_1_368' title='bbox 1580 889 1619 923; x_wconf 82' lang='grc' dir='ltr'><strong>τῷ</strong></span> <span class='ocrx_word' id='word_1_369' title='bbox 1641 888 1798 923; x_wconf 82' lang='grc' dir='ltr'>Πνεύματι·</span> <span class='ocrx_word' id='word_1_370' title='bbox 1817 889 1864 924; x_wconf 84' lang='grc' dir='ltr'><strong>σή-</strong></span> 
     </span>
    </p>
   </div>
   <div class='ocr_carea' id='block_1_54' title="bbox 1082 933 1864 968">
    <p class='ocr_par' dir='ltr' id='par_1_54' title="bbox 1082 933 1864 968">
     <span class='ocr_line' id='line_1_54' title="bbox 1082 933 1864 968; baseline 0 -9"><span class='ocrx_word' id='word_1_371' title='bbox 1082 941 1164 968; x_wconf 80' lang='grc' dir='ltr'>μερον</span> <span class='ocrx_word' id='word_1_372' title='bbox 1177 933 1223 959; x_wconf 71' lang='grc' dir='ltr'><strong>καὶ</strong></span> <span class='ocrx_word' id='word_1_373' title='bbox 1237 933 1251 958; x_wconf 84' lang='grc' dir='ltr'>ὁ</span> <span class='ocrx_word' id='word_1_374' title='bbox 1274 933 1340 968; x_wconf 79' lang='grc' dir='ltr'>ἐμὸς</span> <span class='ocrx_word' id='word_1_375' title='bbox 1356 933 1421 964; x_wconf 87' lang='grc' dir='ltr'>Θεὺς</span> <span class='ocrx_word' id='word_1_376' title='bbox 1436 933 1484 959; x_wconf 74' lang='grc' dir='ltr'><strong>καὶ</strong></span> <span class='ocrx_word' id='word_1_377' title='bbox 1499 933 1637 967; x_wconf 76' lang='grc' dir='ltr'><strong>Δεσπότης</strong></span> <span class='ocrx_word' id='word_1_378' title='bbox 1660 933 1707 959; x_wconf 79' lang='grc' dir='ltr'>καὶ</span> <span class='ocrx_word' id='word_1_379' title='bbox 1721 933 1864 968; x_wconf 78' lang='grc' dir='ltr'>ἄνθρωπος</span> 
     </span>
    </p>
   </div>
   <div class='ocr_carea' id='block_1_55' title="bbox 1079 977 1864 1012">
    <p class='ocr_par' dir='ltr' id='par_1_55' title="bbox 1079 977 1864 1012">
     <span class='ocr_line' id='line_1_55' title="bbox 1079 977 1864 1012; baseline 0 -8"><span class='ocrx_word' id='word_1_380' title='bbox 1079 977 1126 1005; x_wconf 79' lang='grc' dir='ltr'>τοῦ</span> <span class='ocrx_word' id='word_1_381' title='bbox 1148 978 1289 1012; x_wconf 75' lang='grc' dir='ltr'><strong>μνήματος</strong></span> <span class='ocrx_word' id='word_1_382' title='bbox 1307 977 1496 1011; x_wconf 76' lang='grc' dir='ltr'>ἐξανίσταται,</span> <span class='ocrx_word' id='word_1_383' title='bbox 1525 979 1715 1004; x_wconf 83' lang='grc' dir='ltr'>συνανίσταται</span> <span class='ocrx_word' id='word_1_384' title='bbox 1734 977 1762 1004; x_wconf 87' lang='grc' dir='ltr'><strong>δὲ</strong></span> <span class='ocrx_word' id='word_1_385' title='bbox 1781 979 1828 1004; x_wconf 79' lang='grc' dir='ltr'>καὶ</span> <span class='ocrx_word' id='word_1_386' title='bbox 1849 979 1864 1004; x_wconf 90' lang='grc' dir='ltr'><strong>ό</strong></span> 
     </span>
    </p>
   </div>
   <div class='ocr_carea' id='block_1_56' title="bbox 1085 1023 1863 1058">
    <p class='ocr_par' dir='ltr' id='par_1_56' title="bbox 1085 1023 1863 1058">
     <span class='ocr_line' id='line_1_56' title="bbox 1085 1023 1863 1058; baseline -0.001 -8"><span class='ocrx_word' id='word_1_387' title='bbox 1085 1024 1171 1058; x_wconf 80' lang='grc' dir='ltr'><strong>Ἀδὰμ</strong></span> <span class='ocrx_word' id='word_1_388' title='bbox 1201 1023 1258 1058; x_wconf 74' lang='grc' dir='ltr'><strong>ἅμα</strong></span> <span class='ocrx_word' id='word_1_389' title='bbox 1281 1023 1327 1050; x_wconf 85' lang='grc' dir='ltr'>τοῦ</span> <span class='ocrx_word' id='word_1_390' title='bbox 1355 1025 1496 1058; x_wconf 79' lang='grc' dir='ltr'>μνήματος</span> <span class='ocrx_word' id='word_1_391' title='bbox 1518 1024 1565 1049; x_wconf 78' lang='grc' dir='ltr'><strong>καὶ</strong></span> <span class='ocrx_word' id='word_1_392' title='bbox 1586 1024 1616 1050; x_wconf 74' lang='grc' dir='ltr'><strong>τὸ</strong></span> <span class='ocrx_word' id='word_1_393' title='bbox 1640 1023 1715 1057; x_wconf 79' lang='grc' dir='ltr'>γένος</span> <span class='ocrx_word' id='word_1_394' title='bbox 1732 1024 1792 1050; x_wconf 81' lang='grc' dir='ltr'>ὅλον</span> <span class='ocrx_word' id='word_1_395' title='bbox 1814 1023 1863 1050; x_wconf 78' lang='grc' dir='ltr'>τοῦ</span> 
     </span>
    </p>
   </div>
   <div class='ocr_carea' id='block_1_57' title="bbox 1080 1067 1862 1103">
    <p class='ocr_par' dir='ltr' id='par_1_57' title="bbox 1080 1067 1862 1103">
     <span class='ocr_line' id='line_1_57' title="bbox 1080 1067 1862 1103; baseline -0.001 -8"><span class='ocrx_word' id='word_1_396' title='bbox 1080 1069 1235 1103; x_wconf 84' lang='grc' dir='ltr'>πτώματος,</span> <span class='ocrx_word' id='word_1_397' title='bbox 1250 1068 1297 1095; x_wconf 80' lang='grc' dir='ltr'>καὶ</span> <span class='ocrx_word' id='word_1_398' title='bbox 1311 1067 1435 1095; x_wconf 86' lang='grc' dir='ltr'>κενοῦται</span> <span class='ocrx_word' id='word_1_399' title='bbox 1452 1069 1501 1103; x_wconf 82' lang='grc' dir='ltr'>μὲν</span> <span class='ocrx_word' id='word_1_400' title='bbox 1514 1069 1528 1094; x_wconf 83' lang='grc' dir='ltr'><strong>ό</strong></span> <span class='ocrx_word' id='word_1_401' title='bbox 1541 1067 1606 1103; x_wconf 77' lang='grc' dir='ltr'>ᾷδης</span> <span class='ocrx_word' id='word_1_402' title='bbox 1620 1068 1666 1094; x_wconf 85' lang='grc' dir='ltr'>τοῦ</span> <span class='ocrx_word' id='word_1_403' title='bbox 1681 1068 1763 1094; x_wconf 85' lang='grc' dir='ltr'>πάλαι</span> <span class='ocrx_word' id='word_1_404' title='bbox 1779 1068 1862 1094; x_wconf 84' lang='grc' dir='ltr'>πλοὺ-</span> 
     </span>
    </p>
   </div>
   <div class='ocr_carea' id='block_1_58' title="bbox 1079 1112 1862 1148">
    <p class='ocr_par' dir='ltr' id='par_1_58' title="bbox 1079 1112 1862 1148">
     <span class='ocr_line' id='line_1_58' title="bbox 1079 1112 1862 1148; baseline -0.003 -8"><span class='ocrx_word' id='word_1_405' title='bbox 1079 1123 1125 1140; x_wconf 90' lang='grc' dir='ltr'><strong>του</strong></span> <span class='ocrx_word' id='word_1_406' title='bbox 1141 1115 1186 1140; x_wconf 77' lang='grc' dir='ltr'><strong>καὶ</strong></span> <span class='ocrx_word' id='word_1_407' title='bbox 1201 1113 1336 1140; x_wconf 84' lang='grc' dir='ltr'>κλείεται·</span> <span class='ocrx_word' id='word_1_408' title='bbox 1353 1113 1490 1147; x_wconf 77' lang='grc' dir='ltr'>ἀνοίγεται</span> <span class='ocrx_word' id='word_1_409' title='bbox 1502 1113 1530 1139; x_wconf 80' lang='grc' dir='ltr'><strong>δὲ</strong></span> <span class='ocrx_word' id='word_1_410' title='bbox 1546 1112 1674 1148; x_wconf 76' lang='grc' dir='ltr'>οὐρανὸς,</span> <span class='ocrx_word' id='word_1_411' title='bbox 1690 1113 1737 1140; x_wconf 78' lang='grc' dir='ltr'>καὶ</span> <span class='ocrx_word' id='word_1_412' title='bbox 1751 1113 1862 1148; x_wconf 79' lang='grc' dir='ltr'>γεμίζε-</span> 
     </span>
    </p>
   </div>
   <div class='ocr_carea' id='block_1_59' title="bbox 1079 1158 1864 1193">
    <p class='ocr_par' dir='ltr' id='par_1_59' title="bbox 1079 1158 1864 1193">
     <span class='ocr_line' id='line_1_59' title="bbox 1079 1158 1864 1193; baseline -0.003 -7"><span class='ocrx_word' id='word_1_413' title='bbox 1079 1168 1124 1186; x_wconf 83' lang='grc' dir='ltr'><strong>ται</strong></span> <span class='ocrx_word' id='word_1_414' title='bbox 1140 1159 1186 1185; x_wconf 84' lang='grc' dir='ltr'>τοῦ</span> <span class='ocrx_word' id='word_1_415' title='bbox 1207 1159 1381 1193; x_wconf 78' lang='grc' dir='ltr'>φυράματος·</span> <span class='ocrx_word' id='word_1_416' title='bbox 1395 1158 1443 1185; x_wconf 78' lang='grc' dir='ltr'><strong>καὶ</strong></span> <span class='ocrx_word' id='word_1_417' title='bbox 1458 1159 1501 1185; x_wconf 81' lang='grc' dir='ltr'>ἴνα</span> <span class='ocrx_word' id='word_1_418' title='bbox 1516 1158 1546 1184; x_wconf 74' lang='grc' dir='ltr'>τὸ</span> <span class='ocrx_word' id='word_1_419' title='bbox 1560 1158 1715 1185; x_wconf 85' lang='grc' dir='ltr'>τελευταῖον</span> <span class='ocrx_word' id='word_1_420' title='bbox 1733 1159 1802 1185; x_wconf 73' lang='grc' dir='ltr'>εἴπω</span> <span class='ocrx_word' id='word_1_421' title='bbox 1816 1159 1864 1185; x_wconf 81' lang='grc' dir='ltr'>καὶ</span> 
     </span>
    </p>
   </div>
   <div class='ocr_carea' id='block_1_60' title="bbox 1080 1203 1863 1239">
    <p class='ocr_par' dir='ltr' id='par_1_60' title="bbox 1080 1203 1863 1239">
     <span class='ocr_line' id='line_1_60' title="bbox 1080 1203 1863 1239; baseline 0 -9"><span class='ocrx_word' id='word_1_422' title='bbox 1080 1204 1258 1239; x_wconf 78' lang='grc' dir='ltr'>χαριέστατον</span> <span class='ocrx_word' id='word_1_423' title='bbox 1272 1203 1341 1238; x_wconf 80' lang='grc' dir='ltr'>ὁμοῦ</span> <span class='ocrx_word' id='word_1_424' title='bbox 1356 1204 1403 1230; x_wconf 72' lang='grc' dir='ltr'>καὶ</span> <span class='ocrx_word' id='word_1_425' title='bbox 1427 1204 1607 1238; x_wconf 82' lang='grc' dir='ltr'>φρικτότατον</span> <span class='ocrx_word' id='word_1_426' title='bbox 1624 1205 1672 1230; x_wconf 79' lang='grc' dir='ltr'>καὶ</span> <span class='ocrx_word' id='word_1_427' title='bbox 1686 1204 1720 1230; x_wconf 79' lang='grc' dir='ltr'><strong>δι’</strong></span> <span class='ocrx_word' id='word_1_428' title='bbox 1736 1204 1751 1230; x_wconf 83' lang='grc' dir='ltr'><strong>ὃ</strong></span> <span class='ocrx_word' id='word_1_429' title='bbox 1775 1205 1863 1231; x_wconf 81' lang='grc' dir='ltr'>πάντα</span> 
     </span>
    </p>
   </div>
   <div class='ocr_carea' id='block_1_61' title="bbox 1080 1248 1863 1284">
    <p class='ocr_par' dir='ltr' id='par_1_61' title="bbox 1080 1248 1863 1284">
     <span class='ocr_line' id='line_1_61' title="bbox 1080 1248 1863 1284; baseline 0.001 -10"><span class='ocrx_word' id='word_1_430' title='bbox 1080 1250 1261 1284; x_wconf 85' lang='grc' dir='ltr'>οἰκονομεῖται</span> <span class='ocrx_word' id='word_1_431' title='bbox 1286 1249 1332 1275; x_wconf 75' lang='grc' dir='ltr'>καὶ</span> <span class='ocrx_word' id='word_1_432' title='bbox 1360 1248 1516 1284; x_wconf 78' lang='grc' dir='ltr'>βεϐαιοῦται</span> <span class='ocrx_word' id='word_1_433' title='bbox 1541 1249 1608 1276; x_wconf 76' lang='grc' dir='ltr'>πᾶσι</span> <span class='ocrx_word' id='word_1_434' title='bbox 1624 1249 1739 1279; x_wconf 75' lang='grc' dir='ltr'>καὶτοῖς</span> <span class='ocrx_word' id='word_1_435' title='bbox 1757 1249 1863 1284; x_wconf 76' lang='grc' dir='ltr'>ἐχθροῖς</span> 
     </span>
    </p>
   </div>
   <div class='ocr_carea' id='block_1_62' title="bbox 1079 1294 1864 1330">
    <p class='ocr_par' dir='ltr' id='par_1_62' title="bbox 1079 1294 1864 1330">
     <span class='ocr_line' id='line_1_62' title="bbox 1079 1294 1864 1330; baseline 0.003 -10"><span class='ocrx_word' id='word_1_436' title='bbox 1079 1294 1114 1321; x_wconf 76' lang='grc' dir='ltr'>τὰ</span> <span class='ocrx_word' id='word_1_437' title='bbox 1129 1294 1260 1328; x_wconf 70' lang='grc' dir='ltr'>ἡμέτερα,</span> <span class='ocrx_word' id='word_1_438' title='bbox 1285 1294 1356 1321; x_wconf 82' lang='grc' dir='ltr'>καθὰ</span> <span class='ocrx_word' id='word_1_439' title='bbox 1376 1295 1424 1321; x_wconf 75' lang='grc' dir='ltr'>καὶ</span> <span class='ocrx_word' id='word_1_440' title='bbox 1441 1294 1557 1326; x_wconf 64' lang='grc' dir='ltr'>παλαιός</span> <span class='ocrx_word' id='word_1_441' title='bbox 1569 1295 1618 1321; x_wconf 72' lang='grc' dir='ltr'><strong>καὶ</strong></span> <span class='ocrx_word' id='word_1_442' title='bbox 1632 1294 1713 1329; x_wconf 76' lang='grc' dir='ltr'>σοφὸς</span> <span class='ocrx_word' id='word_1_443' title='bbox 1730 1295 1769 1326; x_wconf 79' lang='grc' dir='ltr'><strong>είς</strong></span> <span class='ocrx_word' id='word_1_444' title='bbox 1789 1296 1864 1330; x_wconf 80' lang='grc' dir='ltr'>ἡμᾶς</span> 
     </span>
    </p>
   </div>
   <div class='ocr_carea' id='block_1_63' title="bbox 1080 1340 1864 1376">
    <p class='ocr_par' dir='ltr' id='par_1_63' title="bbox 1080 1340 1864 1376">
     <span class='ocr_line' id='line_1_63' title="bbox 1080 1340 1864 1376; baseline 0.001 -10"><span class='ocrx_word' id='word_1_445' title='bbox 1080 1340 1142 1375; x_wconf 78' lang='grc' dir='ltr'>ἥκει</span> <span class='ocrx_word' id='word_1_446' title='bbox 1158 1340 1246 1374; x_wconf 78' lang='grc' dir='ltr'>λόγος,</span> <span class='ocrx_word' id='word_1_447' title='bbox 1265 1340 1312 1366; x_wconf 77' lang='grc' dir='ltr'>καὶ</span> <span class='ocrx_word' id='word_1_448' title='bbox 1332 1341 1346 1367; x_wconf 81' lang='grc' dir='ltr'>ὁ</span> <span class='ocrx_word' id='word_1_449' title='bbox 1365 1340 1443 1374; x_wconf 78' lang='grc' dir='ltr'>λόγος</span> <span class='ocrx_word' id='word_1_450' title='bbox 1462 1341 1633 1375; x_wconf 79' lang='grc' dir='ltr'>στοχάζεται,</span> <span class='ocrx_word' id='word_1_451' title='bbox 1653 1342 1773 1376; x_wconf 77' lang='grc' dir='ltr'>σήμερον</span> <span class='ocrx_word' id='word_1_452' title='bbox 1788 1341 1835 1367; x_wconf 78' lang='grc' dir='ltr'><strong>καὶ</strong></span> <span class='ocrx_word' id='word_1_453' title='bbox 1850 1342 1864 1367; x_wconf 81' lang='grc' dir='ltr'>ὁ</span> 
     </span>
    </p>
   </div>
   <div class='ocr_carea' id='block_1_64' title="bbox 1081 1386 1864 1422">
    <p class='ocr_par' dir='ltr' id='par_1_64' title="bbox 1081 1386 1864 1422">
     <span class='ocr_line' id='line_1_64' title="bbox 1081 1386 1864 1422; baseline 0.001 -10"><span class='ocrx_word' id='word_1_454' title='bbox 1081 1386 1170 1416; x_wconf 79' lang='grc' dir='ltr'>κοινὸς</span> <span class='ocrx_word' id='word_1_455' title='bbox 1186 1386 1233 1412; x_wconf 82' lang='grc' dir='ltr'>καὶ</span> <span class='ocrx_word' id='word_1_456' title='bbox 1247 1386 1359 1421; x_wconf 82' lang='grc' dir='ltr'>φρικτὸς</span> <span class='ocrx_word' id='word_1_457' title='bbox 1372 1386 1438 1421; x_wconf 85' lang='grc' dir='ltr'>όμοῦ</span> <span class='ocrx_word' id='word_1_458' title='bbox 1455 1386 1582 1421; x_wconf 76' lang='grc' dir='ltr'>βασιλεὺς</span> <span class='ocrx_word' id='word_1_459' title='bbox 1602 1387 1648 1413; x_wconf 74' lang='grc' dir='ltr'>καὶ</span> <span class='ocrx_word' id='word_1_460' title='bbox 1666 1386 1732 1418; x_wconf 69' lang='grc' dir='ltr'>Θεὸς</span> <span class='ocrx_word' id='word_1_461' title='bbox 1745 1387 1792 1413; x_wconf 75' lang='grc' dir='ltr'>καὶ</span> <span class='ocrx_word' id='word_1_462' title='bbox 1805 1395 1864 1422; x_wconf 81' lang='grc' dir='ltr'>κρι-</span> 
     </span>
    </p>
   </div>
   <div class='ocr_carea' id='block_1_65' title="bbox 1081 1430 1862 1467">
    <p class='ocr_par' dir='ltr' id='par_1_65' title="bbox 1081 1430 1862 1467">
     <span class='ocr_line' id='line_1_65' title="bbox 1081 1430 1862 1467; baseline 0.003 -10"><span class='ocrx_word' id='word_1_463' title='bbox 1081 1430 1129 1466; x_wconf 79' lang='grc' dir='ltr'>τὴς</span> <span class='ocrx_word' id='word_1_464' title='bbox 1155 1430 1293 1457; x_wconf 74' lang='grc' dir='ltr'>ἐλεύσεται</span> <span class='ocrx_word' id='word_1_465' title='bbox 1304 1450 1311 1462; x_wconf 81' lang='lat'><strong>,</strong></span> <span class='ocrx_word' id='word_1_466' title='bbox 1335 1432 1383 1458; x_wconf 73' lang='lat' dir='ltr'><strong>xui.</strong></span> <span class='ocrx_word' id='word_1_467' title='bbox 1401 1431 1433 1457; x_wconf 80' lang='grc' dir='ltr'>τὸ</span> <span class='ocrx_word' id='word_1_468' title='bbox 1452 1432 1565 1467; x_wconf 77' lang='grc' dir='ltr'>πλάσμα</span> <span class='ocrx_word' id='word_1_469' title='bbox 1581 1433 1634 1459; x_wconf 77' lang='grc' dir='ltr'>πᾶν</span> <span class='ocrx_word' id='word_1_470' title='bbox 1649 1432 1829 1459; x_wconf 83' lang='grc' dir='ltr'>ἀπελεύσεται</span> <span class='ocrx_word' id='word_1_471' title='bbox 1845 1433 1862 1467; x_wconf 87' lang='grc' dir='ltr'>ἢ</span> 
     </span>
    </p>
   </div>
   <div class='ocr_carea' id='block_1_66' title="bbox 1082 1475 1864 1512">
    <p class='ocr_par' dir='ltr' id='par_1_66' title="bbox 1082 1475 1864 1512">
     <span class='ocr_line' id='line_1_66' title="bbox 1082 1475 1864 1512; baseline 0 -10"><span class='ocrx_word' id='word_1_472' title='bbox 1082 1475 1227 1510; x_wconf 83' lang='grc' dir='ltr'>θεούμενον</span> <span class='ocrx_word' id='word_1_473' title='bbox 1241 1475 1258 1510; x_wconf 85' lang='grc' dir='ltr'><strong>ἦ</strong></span> <span class='ocrx_word' id='word_1_474' title='bbox 1274 1476 1454 1511; x_wconf 76' lang='grc' dir='ltr'>πυρούμενον,</span> <span class='ocrx_word' id='word_1_475' title='bbox 1471 1478 1517 1503; x_wconf 75' lang='grc' dir='ltr'><strong>καὶ</strong></span> <span class='ocrx_word' id='word_1_476' title='bbox 1534 1477 1635 1512; x_wconf 82' lang='grc' dir='ltr'>κόσμος</span> <span class='ocrx_word' id='word_1_477' title='bbox 1650 1478 1674 1503; x_wconf 86' lang='lat' dir='ltr'><strong>ol</strong></span> <span class='ocrx_word' id='word_1_478' title='bbox 1692 1478 1798 1511; x_wconf 84' lang='grc' dir='ltr'>κόσμοι,</span> <span class='ocrx_word' id='word_1_479' title='bbox 1817 1478 1864 1504; x_wconf 79' lang='grc' dir='ltr'>καὶ</span> 
     </span>
    </p>
   </div>
   <div class='ocr_carea' id='block_1_67' title="bbox 1082 1521 1864 1559">
    <p class='ocr_par' dir='ltr' id='par_1_67' title="bbox 1082 1521 1864 1559">
     <span class='ocr_line' id='line_1_67' title="bbox 1082 1521 1864 1559; baseline 0.004 -12"><span class='ocrx_word' id='word_1_480' title='bbox 1082 1521 1098 1556; x_wconf 83' lang='grc' dir='ltr'>ἡ</span> <span class='ocrx_word' id='word_1_481' title='bbox 1115 1521 1237 1557; x_wconf 71' lang='grc' dir='ltr'>βασιλεία</span> <span class='ocrx_word' id='word_1_482' title='bbox 1255 1522 1314 1556; x_wconf 83' lang='grc' dir='ltr'>μία,</span> <span class='ocrx_word' id='word_1_483' title='bbox 1332 1523 1379 1549; x_wconf 83' lang='grc' dir='ltr'>καὶ</span> <span class='ocrx_word' id='word_1_484' title='bbox 1394 1523 1411 1558; x_wconf 85' lang='grc' dir='ltr'>ἠ</span> <span class='ocrx_word' id='word_1_485' title='bbox 1427 1525 1554 1559; x_wconf 77' lang='grc' dir='ltr'>τυραννὶς</span> <span class='ocrx_word' id='word_1_486' title='bbox 1568 1524 1701 1557; x_wconf 74' lang='grc' dir='ltr'>ἐκποδὼν,</span> <span class='ocrx_word' id='word_1_487' title='bbox 1723 1524 1770 1550; x_wconf 81' lang='grc' dir='ltr'>καὶ</span> <span class='ocrx_word' id='word_1_488' title='bbox 1784 1524 1800 1559; x_wconf 83' lang='grc' dir='ltr'><strong>ὴ</strong></span> <span class='ocrx_word' id='word_1_489' title='bbox 1817 1523 1864 1559; x_wconf 87' lang='grc' dir='ltr'><strong>βα-</strong></span> 
     </span>
    </p>
   </div>
   <div class='ocr_carea' id='block_1_68' title="bbox 1081 1567 1864 1605">
    <p class='ocr_par' dir='ltr' id='par_1_68' title="bbox 1081 1567 1864 1605">
     <span class='ocr_line' id='line_1_68' title="bbox 1081 1567 1864 1605; baseline 0.004 -12"><span class='ocrx_word' id='word_1_490' title='bbox 1081 1567 1188 1594; x_wconf 84' lang='grc' dir='ltr'>σίλισσα</span> <span class='ocrx_word' id='word_1_491' title='bbox 1212 1567 1259 1594; x_wconf 84' lang='grc' dir='ltr'>τοῦ</span> <span class='ocrx_word' id='word_1_492' title='bbox 1283 1568 1418 1600; x_wconf 79' lang='grc' dir='ltr'>Βασιλέως</span> <span class='ocrx_word' id='word_1_493' title='bbox 1444 1569 1475 1595; x_wconf 80' lang='grc' dir='ltr'>ὲκ</span> <span class='ocrx_word' id='word_1_494' title='bbox 1498 1569 1606 1602; x_wconf 80' lang='grc' dir='ltr'>δεξιῶν,</span> <span class='ocrx_word' id='word_1_495' title='bbox 1628 1569 1666 1605; x_wconf 83' lang='grc' dir='ltr'>τῷ</span> <span class='ocrx_word' id='word_1_496' title='bbox 1681 1569 1773 1597; x_wconf 81' lang='grc' dir='ltr'>κάλλει</span> <span class='ocrx_word' id='word_1_497' title='bbox 1793 1569 1864 1603; x_wconf 86' lang='grc' dir='ltr'>λάμ-</span> 
     </span>
    </p>
   </div>
   <div class='ocr_carea' id='block_1_69' title="bbox 1079 1613 1864 1651">
    <p class='ocr_par' dir='ltr' id='par_1_69' title="bbox 1079 1613 1864 1651">
     <span class='ocr_line' id='line_1_69' title="bbox 1079 1613 1864 1651; baseline 0.004 -12"><span class='ocrx_word' id='word_1_498' title='bbox 1079 1622 1167 1640; x_wconf 76' lang='grc' dir='ltr'>πουσα</span> <span class='ocrx_word' id='word_1_499' title='bbox 1184 1613 1231 1640; x_wconf 78' lang='grc' dir='ltr'>καὶ</span> <span class='ocrx_word' id='word_1_500' title='bbox 1248 1614 1467 1649; x_wconf 78' lang='grc' dir='ltr'>περιϐεϐλημένη</span> <span class='ocrx_word' id='word_1_501' title='bbox 1485 1615 1534 1650; x_wconf 83' lang='grc' dir='ltr'>τὴν</span> <span class='ocrx_word' id='word_1_502' title='bbox 1549 1617 1660 1650; x_wconf 77' lang='grc' dir='ltr'>προῖκα,</span> <span class='ocrx_word' id='word_1_503' title='bbox 1679 1616 1728 1650; x_wconf 88' lang='grc' dir='ltr'>τῆς</span> <span class='ocrx_word' id='word_1_504' title='bbox 1747 1615 1864 1651; x_wconf 82' lang='grc' dir='ltr'>Τριάδος</span> 
     </span>
    </p>
   </div>
   <div class='ocr_carea' id='block_1_70' title="bbox 1079 1659 1863 1697">
    <p class='ocr_par' dir='ltr' id='par_1_70' title="bbox 1079 1659 1863 1697">
     <span class='ocr_line' id='line_1_70' title="bbox 1079 1659 1863 1697; baseline 0.004 -12"><span class='ocrx_word' id='word_1_505' title='bbox 1079 1659 1142 1690; x_wconf 83' lang='grc' dir='ltr'>ὅλας</span> <span class='ocrx_word' id='word_1_506' title='bbox 1163 1659 1231 1694; x_wconf 82' lang='grc' dir='ltr'>ὁμοῦ</span> <span class='ocrx_word' id='word_1_507' title='bbox 1253 1660 1302 1690; x_wconf 80' lang='grc' dir='ltr'>τὰς</span> <span class='ocrx_word' id='word_1_508' title='bbox 1321 1661 1446 1695; x_wconf 74' lang='grc' dir='ltr'>χάριτας,</span> <span class='ocrx_word' id='word_1_509' title='bbox 1463 1661 1511 1687; x_wconf 76' lang='grc' dir='ltr'><strong>καὶ</strong></span> <span class='ocrx_word' id='word_1_510' title='bbox 1532 1661 1730 1696; x_wconf 77' lang='grc' dir='ltr'>πεποικιλμένη</span> <span class='ocrx_word' id='word_1_511' title='bbox 1748 1661 1786 1697; x_wconf 86' lang='grc' dir='ltr'>τῷ</span> <span class='ocrx_word' id='word_1_512' title='bbox 1803 1661 1863 1688; x_wconf 80' lang='grc' dir='ltr'>δια-</span> 
     </span>
    </p>
   </div>
   <div class='ocr_carea' id='block_1_71' title="bbox 1080 1704 1864 1743">
    <p class='ocr_par' dir='ltr' id='par_1_71' title="bbox 1080 1704 1864 1743">
     <span class='ocr_line' id='line_1_71' title="bbox 1080 1704 1864 1743; baseline 0.005 -13"><span class='ocrx_word' id='word_1_513' title='bbox 1080 1704 1156 1740; x_wconf 83' lang='grc' dir='ltr'>φόρῳ</span> <span class='ocrx_word' id='word_1_514' title='bbox 1175 1704 1229 1731; x_wconf 84' lang='grc' dir='ltr'><strong>τῶν</strong></span> <span class='ocrx_word' id='word_1_515' title='bbox 1249 1705 1282 1731; x_wconf 85' lang='grc' dir='ltr'><strong>δι’</strong></span> <span class='ocrx_word' id='word_1_516' title='bbox 1297 1706 1382 1741; x_wconf 84' lang='grc' dir='ltr'>αὐτῆς</span> <span class='ocrx_word' id='word_1_517' title='bbox 1399 1706 1539 1733; x_wconf 82' lang='grc' dir='ltr'>σωθέντων</span> <span class='ocrx_word' id='word_1_518' title='bbox 1554 1707 1646 1742; x_wconf 79' lang='grc' dir='ltr'>κλήρῳ</span> <span class='ocrx_word' id='word_1_519' title='bbox 1666 1708 1713 1735; x_wconf 77' lang='grc' dir='ltr'><strong>καὶ</strong></span> <span class='ocrx_word' id='word_1_520' title='bbox 1728 1707 1864 1743; x_wconf 81' lang='grc' dir='ltr'>ἀξιώματι</span> 
     </span>
    </p>
   </div>
   <div class='ocr_carea' id='block_1_72' title="bbox 1081 1751 1864 1788">
    <p class='ocr_par' dir='ltr' id='par_1_72' title="bbox 1081 1751 1864 1788">
     <span class='ocr_line' id='line_1_72' title="bbox 1081 1751 1864 1788; baseline 0.005 -12"><span class='ocrx_word' id='word_1_521' title='bbox 1081 1751 1128 1777; x_wconf 75' lang='grc' dir='ltr'>καὶ</span> <span class='ocrx_word' id='word_1_522' title='bbox 1143 1751 1320 1785; x_wconf 82' lang='grc' dir='ltr'>ἁνηρτημὲνη</span> <span class='ocrx_word' id='word_1_523' title='bbox 1338 1752 1388 1787; x_wconf 85' lang='grc' dir='ltr'>τὴν</span> <span class='ocrx_word' id='word_1_524' title='bbox 1401 1752 1466 1788; x_wconf 84' lang='grc' dir='ltr'>ὅλην</span> <span class='ocrx_word' id='word_1_525' title='bbox 1481 1752 1572 1788; x_wconf 87' lang='grc' dir='ltr'>κρίσιν</span> <span class='ocrx_word' id='word_1_526' title='bbox 1585 1754 1620 1788; x_wconf 82' lang='grc' dir='ltr'>τῇ</span> <span class='ocrx_word' id='word_1_527' title='bbox 1636 1752 1683 1788; x_wconf 74' lang='grc' dir='ltr'><strong>νέᾳ</strong></span> <span class='ocrx_word' id='word_1_528' title='bbox 1700 1761 1864 1788; x_wconf 80' lang='grc' dir='ltr'>καινουρτη-</span> 
     </span>
    </p>
   </div>
   <div class='ocr_carea' id='block_1_73' title="bbox 1081 1796 1290 1831">
    <p class='ocr_par' dir='ltr' id='par_1_73' title="bbox 1081 1796 1290 1831">
     <span class='ocr_line' id='line_1_73' title="bbox 1081 1796 1290 1831; baseline 0.005 -8"><span class='ocrx_word' id='word_1_529' title='bbox 1081 1796 1173 1823; x_wconf 83' lang='grc' dir='ltr'>θεῖσαν</span> <span class='ocrx_word' id='word_1_530' title='bbox 1188 1796 1290 1831; x_wconf 80' lang='grc' dir='ltr'>χάριτι.</span> 
     </span>
    </p>
   </div>
   <div class='ocr_carea' id='block_1_74' title="bbox 243 1839 1866 1880">
    <p class='ocr_par' dir='ltr' id='par_1_74' title="bbox 243 1839 1866 1880">
     <span class='ocr_line' id='line_1_74' title="bbox 243 1839 1866 1880; baseline 0.004 -13"><span class='ocrx_word' id='word_1_531' title='bbox 243 1839 308 1867; x_wconf 81' lang='lat' dir='ltr'><strong>latis</strong></span> <span class='ocrx_word' id='word_1_532' title='bbox 319 1839 412 1873; x_wconf 78' lang='lat' dir='ltr'><strong>gratiis</strong></span> <span class='ocrx_word' id='word_1_533' title='bbox 434 1840 698 1874; x_wconf 79' lang='lat' dir='ltr'><strong>circumvestita;et</strong></span> <span class='ocrx_word' id='word_1_534' title='bbox 730 1842 858 1870; x_wconf 83' lang='lat' dir='ltr'><strong>decorata</strong></span> <span class='ocrx_word' id='word_1_535' title='bbox 883 1851 990 1878; x_wconf 88' lang='lat' dir='ltr'><strong>eorum,</strong></span> <span class='ocrx_word' id='word_1_536' title='bbox 1005 1844 1052 1879; x_wconf 90' lang='lat' dir='ltr'><strong>qui</strong></span> <span class='ocrx_word' id='word_1_537' title='bbox 1071 1852 1119 1880; x_wconf 86' lang='lat' dir='ltr'><strong>per</strong></span> <span class='ocrx_word' id='word_1_538' title='bbox 1152 1845 1238 1880; x_wconf 87' lang='lat' dir='ltr'><strong>ipsam</strong></span> <span class='ocrx_word' id='word_1_539' title='bbox 1260 1847 1331 1873; x_wconf 86' lang='lat' dir='ltr'><strong>nacti</strong></span> <span class='ocrx_word' id='word_1_540' title='bbox 1357 1851 1421 1874; x_wconf 85' lang='lat' dir='ltr'><strong>sunt</strong></span> <span class='ocrx_word' id='word_1_541' title='bbox 1443 1847 1574 1879; x_wconf 85' lang='lat' dir='ltr'><strong>salutem,</strong></span> <span class='ocrx_word' id='word_1_542' title='bbox 1593 1846 1667 1874; x_wconf 73' lang='lat' dir='ltr'><strong>varia</strong></span> <span class='ocrx_word' id='word_1_543' title='bbox 1689 1845 1866 1873; x_wconf 82' lang='lat' dir='ltr'><strong>multitudine</strong></span> 
     </span>
    </p>
   </div>
   <div class='ocr_carea' id='block_1_75' title="bbox 243 1885 1616 1926">
    <p class='ocr_par' dir='ltr' id='par_1_75' title="bbox 243 1885 1616 1926">
     <span class='ocr_line' id='line_1_75' title="bbox 243 1885 1616 1926; baseline 0.007 -15"><span class='ocrx_word' id='word_1_544' title='bbox 243 1892 277 1912; x_wconf 87' lang='lat' dir='ltr'><strong>ac</strong></span> <span class='ocrx_word' id='word_1_545' title='bbox 295 1885 443 1919; x_wconf 77' lang='lat' dir='ltr'><strong>dignitate,</strong></span> <span class='ocrx_word' id='word_1_546' title='bbox 461 1891 601 1914; x_wconf 79' lang='lat' dir='ltr'><strong>creaturas</strong></span> <span class='ocrx_word' id='word_1_547' title='bbox 625 1895 721 1916; x_wconf 88' lang='lat' dir='ltr'><strong>omnes</strong></span> <span class='ocrx_word' id='word_1_548' title='bbox 750 1897 820 1916; x_wconf 89' lang='lat' dir='ltr'><strong>nova</strong></span> <span class='ocrx_word' id='word_1_549' title='bbox 846 1890 932 1925; x_wconf 79' lang='lat' dir='ltr'><strong>gratia</strong></span> <span class='ocrx_word' id='word_1_550' title='bbox 947 1897 1087 1926; x_wconf 86' lang='lat' dir='ltr'><strong>reparatas</strong></span> <span class='ocrx_word' id='word_1_551' title='bbox 1101 1890 1154 1919; x_wconf 88' lang='lat' dir='ltr'><strong>sibi</strong></span> <span class='ocrx_word' id='word_1_552' title='bbox 1169 1891 1309 1921; x_wconf 79' lang='lat' dir='ltr'><strong>beneﬁciis</strong></span> <span class='ocrx_word' id='word_1_553' title='bbox 1322 1893 1468 1921; x_wconf 87' lang='lat' dir='ltr'><strong>obstrictas</strong></span> <span class='ocrx_word' id='word_1_554' title='bbox 1482 1893 1616 1921; x_wconf 84' lang='lat' dir='ltr'><strong>ostendet.</strong></span> 
     </span>
    </p>
   </div>
   <div class='ocr_carea' id='block_1_76' title="bbox 282 1931 1032 1971">
    <p class='ocr_par' dir='ltr' id='par_1_76' title="bbox 282 1931 1032 1971">
     <span class='ocr_line' id='line_1_76' title="bbox 282 1931 1032 1971; baseline 0.009 -13"><span class='ocrx_word' id='word_1_555' title='bbox 282 1931 378 1959; x_wconf 77' lang='lat' dir='ltr'><strong>XXXI.</strong></span> <span class='ocrx_word' id='word_1_556' title='bbox 397 1932 442 1960; x_wconf 87' lang='lat' dir='ltr'><strong>Sic</strong></span> <span class='ocrx_word' id='word_1_557' title='bbox 457 1933 549 1968; x_wconf 81' lang='lat' dir='ltr'><strong>itaque</strong></span> <span class='ocrx_word' id='word_1_558' title='bbox 571 1942 625 1962; x_wconf 92' lang='lat' dir='ltr'><strong>non</strong></span> <span class='ocrx_word' id='word_1_559' title='bbox 647 1940 750 1964; x_wconf 83' lang='lat' dir='ltr'><strong>temere</strong></span> <span class='ocrx_word' id='word_1_560' title='bbox 771 1937 798 1964; x_wconf 92' lang='lat' dir='ltr'><strong>in</strong></span> <span class='ocrx_word' id='word_1_561' title='bbox 822 1937 881 1971; x_wconf 89' lang='lat' dir='ltr'><strong>ipso</strong></span> <span class='ocrx_word' id='word_1_562' title='bbox 898 1939 1032 1966; x_wconf 87' lang='lat' dir='ltr'><strong>sermonis</strong></span> 
     </span>
    </p>
   </div>
   <div class='ocr_carea' id='block_1_77' title="bbox 243 1979 1032 2019">
    <p class='ocr_par' dir='ltr' id='par_1_77' title="bbox 243 1979 1032 2019">
     <span class='ocr_line' id='line_1_77' title="bbox 243 1979 1032 2019; baseline 0.008 -14"><span class='ocrx_word' id='word_1_563' title='bbox 243 1979 356 2006; x_wconf 78' lang='lat' dir='ltr'><strong>exordio</strong></span> <span class='ocrx_word' id='word_1_564' title='bbox 370 1979 440 2007; x_wconf 85' lang='lat' dir='ltr'><strong>hanc</strong></span> <span class='ocrx_word' id='word_1_565' title='bbox 453 1979 653 2008; x_wconf 82' lang='lat' dir='ltr'><strong>solemnitatem</strong></span> <span class='ocrx_word' id='word_1_566' title='bbox 667 1986 696 2009; x_wconf 85' lang='lat' dir='ltr'><strong>et</strong></span> <span class='ocrx_word' id='word_1_567' title='bbox 709 1982 875 2018; x_wconf 84' lang='lat' dir='ltr'><strong>principium</strong></span> <span class='ocrx_word' id='word_1_568' title='bbox 899 1984 991 2019; x_wconf 78' lang='lat' dir='ltr'><strong>gaudii</strong></span> <span class='ocrx_word' id='word_1_569' title='bbox 1004 1989 1032 2011; x_wconf 92' lang='lat' dir='ltr'><strong>et</strong></span> 
     </span>
    </p>
   </div>
   <div class='ocr_carea' id='block_1_78' title="bbox 245 2024 1030 2065">
    <p class='ocr_par' dir='ltr' id='par_1_78' title="bbox 245 2024 1030 2065">
     <span class='ocr_line' id='line_1_78' title="bbox 245 2024 1030 2065; baseline 0.008 -14"><span class='ocrx_word' id='word_1_570' title='bbox 245 2024 364 2052; x_wconf 86' lang='lat' dir='ltr'><strong>medium</strong></span> <span class='ocrx_word' id='word_1_571' title='bbox 392 2029 419 2052; x_wconf 89' lang='lat' dir='ltr'><strong>et</strong></span> <span class='ocrx_word' id='word_1_572' title='bbox 442 2026 525 2053; x_wconf 84' lang='lat' dir='ltr'><strong>linem</strong></span> <span class='ocrx_word' id='word_1_573' title='bbox 549 2026 690 2065; x_wconf 80' lang='lat' dir='ltr'><strong>diximus;</strong></span> <span class='ocrx_word' id='word_1_574' title='bbox 713 2028 755 2056; x_wconf 89' lang='lat' dir='ltr'><strong>sic</strong></span> <span class='ocrx_word' id='word_1_575' title='bbox 775 2028 834 2062; x_wconf 86' lang='lat' dir='ltr'><strong>ipsa</strong></span> <span class='ocrx_word' id='word_1_576' title='bbox 857 2037 953 2057; x_wconf 85' lang='lat' dir='ltr'><strong>rursus</strong></span> <span class='ocrx_word' id='word_1_577' title='bbox 977 2037 1030 2057; x_wconf 89' lang='lat' dir='ltr'><strong>non</strong></span> 
     </span>
    </p>
   </div>
   <div class='ocr_carea' id='block_1_79' title="bbox 243 2071 1030 2110">
    <p class='ocr_par' dir='ltr' id='par_1_79' title="bbox 243 2071 1030 2110">
     <span class='ocr_line' id='line_1_79' title="bbox 243 2071 1030 2110; baseline 0.006 -13"><span class='ocrx_word' id='word_1_578' title='bbox 243 2071 326 2098; x_wconf 88' lang='lat' dir='ltr'><strong>modo</strong></span> <span class='ocrx_word' id='word_1_579' title='bbox 362 2078 421 2106; x_wconf 66' lang='lat' dir='ltr'><strong>prae</strong></span> <span class='ocrx_word' id='word_1_580' title='bbox 455 2073 561 2100; x_wconf 84' lang='lat' dir='ltr'><strong>caeteris</strong></span> <span class='ocrx_word' id='word_1_581' title='bbox 594 2073 789 2102; x_wconf 83' lang='lat' dir='ltr'><strong>festivitatibus</strong></span> <span class='ocrx_word' id='word_1_582' title='bbox 817 2076 1030 2110; x_wconf 85' lang='lat' dir='ltr'><strong>stupendissima</strong></span> 
     </span>
    </p>
   </div>
   <div class='ocr_carea' id='block_1_80' title="bbox 243 2119 1028 2156">
    <p class='ocr_par' dir='ltr' id='par_1_80' title="bbox 243 2119 1028 2156">
     <span class='ocr_line' id='line_1_80' title="bbox 243 2119 1028 2156; baseline 0.006 -13"><span class='ocrx_word' id='word_1_583' title='bbox 243 2122 356 2151; x_wconf 84' lang='lat' dir='ltr'><strong>apparet</strong></span> <span class='ocrx_word' id='word_1_584' title='bbox 380 2122 461 2152; x_wconf 84' lang='lat' dir='ltr'><strong>atque</strong></span> <span class='ocrx_word' id='word_1_585' title='bbox 478 2119 761 2153; x_wconf 75' lang='lat' dir='ltr'><strong>magniﬁcentissima,</strong></span> <span class='ocrx_word' id='word_1_586' title='bbox 783 2120 830 2147; x_wconf 83' lang='lat' dir='ltr'><strong>sed</strong></span> <span class='ocrx_word' id='word_1_587' title='bbox 850 2128 915 2148; x_wconf 90' lang='lat' dir='ltr'><strong>sane</strong></span> <span class='ocrx_word' id='word_1_588' title='bbox 938 2126 966 2148; x_wconf 89' lang='lat' dir='ltr'><strong>et</strong></span> <span class='ocrx_word' id='word_1_589' title='bbox 983 2121 1028 2156; x_wconf 89' lang='lat' dir='ltr'><strong>ju-</strong></span> 
     </span>
    </p>
   </div>
   <div class='ocr_carea' id='block_1_81' title="bbox 244 2161 1026 2201">
    <p class='ocr_par' dir='ltr' id='par_1_81' title="bbox 244 2161 1026 2201">
     <span class='ocr_line' id='line_1_81' title="bbox 244 2161 1026 2201; baseline 0.008 -13"><span class='ocrx_word' id='word_1_590' title='bbox 244 2161 411 2189; x_wconf 75' lang='lat' dir='ltr'><strong>cundissima</strong></span> <span class='ocrx_word' id='word_1_591' title='bbox 432 2164 513 2189; x_wconf 86' lang='lat' dir='ltr'><strong>simul</strong></span> <span class='ocrx_word' id='word_1_592' title='bbox 539 2167 566 2190; x_wconf 90' lang='lat' dir='ltr'><strong>et</strong></span> <span class='ocrx_word' id='word_1_593' title='bbox 592 2164 712 2192; x_wconf 82' lang='lat' dir='ltr'><strong>maxima</strong></span> <span class='ocrx_word' id='word_1_594' title='bbox 731 2165 905 2194; x_wconf 84' lang='lat' dir='ltr'><strong>veneratione</strong></span> <span class='ocrx_word' id='word_1_595' title='bbox 920 2167 997 2201; x_wconf 82' lang='lat' dir='ltr'><strong>digna</strong></span> <span class='ocrx_word' id='word_1_596' title='bbox 1019 2175 1026 2194; x_wconf 89' lang='lat'><strong>:</strong></span> 
     </span>
    </p>
   </div>
   <div class='ocr_carea' id='block_1_82' title="bbox 245 2206 1027 2245">
    <p class='ocr_par' dir='ltr' id='par_1_82' title="bbox 245 2206 1027 2245">
     <span class='ocr_line' id='line_1_82' title="bbox 245 2206 1027 2245; baseline 0.009 -13"><span class='ocrx_word' id='word_1_597' title='bbox 245 2206 317 2234; x_wconf 77' lang='lat' dir='ltr'><strong>istud</strong></span> <span class='ocrx_word' id='word_1_598' title='bbox 333 2207 444 2241; x_wconf 83' lang='lat' dir='ltr'><strong>quidem</strong></span> <span class='ocrx_word' id='word_1_599' title='bbox 459 2212 569 2242; x_wconf 89' lang='lat' dir='ltr'><strong>propter</strong></span> <span class='ocrx_word' id='word_1_600' title='bbox 583 2211 681 2236; x_wconf 88' lang='lat' dir='ltr'><strong>miram</strong></span> <span class='ocrx_word' id='word_1_601' title='bbox 692 2215 721 2238; x_wconf 91' lang='lat' dir='ltr'><strong>et</strong></span> <span class='ocrx_word' id='word_1_602' title='bbox 731 2211 853 2245; x_wconf 89' lang='lat' dir='ltr'><strong>mysterii</strong></span> <span class='ocrx_word' id='word_1_603' title='bbox 863 2215 892 2239; x_wconf 82' lang='lat' dir='ltr'><strong>et</strong></span> <span class='ocrx_word' id='word_1_604' title='bbox 904 2212 1027 2239; x_wconf 89' lang='lat' dir='ltr'><strong>miraculi</strong></span> 
     </span>
    </p>
   </div>
   <div class='ocr_carea' id='block_1_83' title="bbox 244 2253 1030 2291">
    <p class='ocr_par' dir='ltr' id='par_1_83' title="bbox 244 2253 1030 2291">
     <span class='ocr_line' id='line_1_83' title="bbox 244 2253 1030 2291; baseline 0.01 -14"><span class='ocrx_word' id='word_1_605' title='bbox 244 2253 448 2285; x_wconf 75' lang='lat' dir='ltr'><strong>prmslantiam;</strong></span> <span class='ocrx_word' id='word_1_606' title='bbox 475 2254 541 2281; x_wconf 90' lang='lat' dir='ltr'><strong>illud</strong></span> <span class='ocrx_word' id='word_1_607' title='bbox 570 2262 635 2282; x_wconf 90' lang='lat' dir='ltr'><strong>vero</strong></span> <span class='ocrx_word' id='word_1_608' title='bbox 663 2261 774 2290; x_wconf 86' lang='lat' dir='ltr'><strong>propter</strong></span> <span class='ocrx_word' id='word_1_609' title='bbox 801 2256 933 2291; x_wconf 66' lang='lat' dir='ltr'><strong>fulgorem</strong></span> <span class='ocrx_word' id='word_1_610' title='bbox 960 2258 1030 2286; x_wconf 87' lang='lat' dir='ltr'><strong>lucis</strong></span> 
     </span>
    </p>
   </div>
   <div class='ocr_carea' id='block_1_84' title="bbox 245 2296 1029 2335">
    <p class='ocr_par' dir='ltr' id='par_1_84' title="bbox 245 2296 1029 2335">
     <span class='ocr_line' id='line_1_84' title="bbox 245 2296 1029 2335; baseline 0.009 -14"><span class='ocrx_word' id='word_1_611' title='bbox 245 2296 430 2330; x_wconf 82' lang='lat' dir='ltr'><strong>undequaque</strong></span> <span class='ocrx_word' id='word_1_612' title='bbox 458 2298 644 2331; x_wconf 89' lang='lat' dir='ltr'><strong>emicantem;</strong></span> <span class='ocrx_word' id='word_1_613' title='bbox 672 2302 699 2326; x_wconf 91' lang='lat' dir='ltr'><strong>et</strong></span> <span class='ocrx_word' id='word_1_614' title='bbox 729 2304 758 2326; x_wconf 88' lang='lat' dir='ltr'><strong>ut</strong></span> <span class='ocrx_word' id='word_1_615' title='bbox 781 2300 919 2335; x_wconf 84' lang='lat' dir='ltr'><strong>quidpiam</strong></span> <span class='ocrx_word' id='word_1_616' title='bbox 940 2301 1029 2329; x_wconf 87' lang='lat' dir='ltr'><strong>adhuc</strong></span> 
     </span>
    </p>
   </div>
   <div class='ocr_carea' id='block_1_85' title="bbox 245 2340 1028 2380">
    <p class='ocr_par' dir='ltr' id='par_1_85' title="bbox 245 2340 1028 2380">
     <span class='ocr_line' id='line_1_85' title="bbox 245 2340 1028 2380; baseline 0.01 -14"><span class='ocrx_word' id='word_1_617' title='bbox 245 2340 342 2375; x_wconf 80' lang='lat' dir='ltr'><strong>majori</strong></span> <span class='ocrx_word' id='word_1_618' title='bbox 375 2341 556 2370; x_wconf 80' lang='lat' dir='ltr'><strong>admiratione</strong></span> <span class='ocrx_word' id='word_1_619' title='bbox 584 2343 697 2378; x_wconf 74' lang='lat' dir='ltr'><strong>dignum</strong></span> <span class='ocrx_word' id='word_1_620' title='bbox 725 2344 855 2379; x_wconf 83' lang='lat' dir='ltr'><strong>eloquar,</strong></span> <span class='ocrx_word' id='word_1_621' title='bbox 886 2345 945 2380; x_wconf 87' lang='lat' dir='ltr'><strong>ipsa</strong></span> <span class='ocrx_word' id='word_1_622' title='bbox 971 2347 1028 2374; x_wconf 86' lang='lat' dir='ltr'><strong>sola</strong></span> 
     </span>
    </p>
   </div>
   <div class='ocr_carea' id='block_1_86' title="bbox 280 2427 544 2463">
    <p class='ocr_par' dir='ltr' id='par_1_86' title="bbox 280 2427 544 2463">
     <span class='ocr_line' id='line_1_86' title="bbox 280 2427 544 2463; baseline 0.015 -9"><span class='ocrx_word' id='word_1_623' title='bbox 280 2429 303 2445; x_wconf 80' lang='lat'>&quot;</span> <span class='ocrx_word' id='word_1_624' title='bbox 322 2427 392 2458; x_wconf 73' lang='lat' dir='ltr'><strong>l’sal.</strong></span> <span class='ocrx_word' id='word_1_625' title='bbox 409 2437 482 2463; x_wconf 78' lang='lat' dir='ltr'><strong>xuv,</strong></span> <span class='ocrx_word' id='word_1_626' title='bbox 500 2429 544 2458; x_wconf 82' lang='grc'><strong>10.</strong></span> 
     </span>
    </p>
   </div>
   <div class='ocr_carea' id='block_1_87' title="bbox 282 2519 1030 2563">
    <p class='ocr_par' dir='ltr' id='par_1_87' title="bbox 282 2519 1030 2563">
     <span class='ocr_line' id='line_1_87' title="bbox 282 2519 1030 2563; baseline 0.005 -17"><span class='ocrx_word' id='word_1_627' title='bbox 343 2519 454 2563; x_wconf 72' lang='lat' dir='ltr'><strong>Auctor,</strong></span> <span class='ocrx_word' id='word_1_628' title='bbox 480 2519 518 2546; x_wconf 87' lang='lat' dir='ltr'><strong>uti</strong></span> <span class='ocrx_word' id='word_1_629' title='bbox 539 2524 612 2563; x_wconf 75' lang='lat' dir='ltr'><strong>patet</strong></span> <span class='ocrx_word' id='word_1_630' title='bbox 628 2520 709 2548; x_wconf 87' lang='lat' dir='ltr'><strong>etiam</strong></span> <span class='ocrx_word' id='word_1_631' title='bbox 728 2528 761 2550; x_wconf 79' lang='lat' dir='ltr'><strong>ex</strong></span> <span class='ocrx_word' id='word_1_632' title='bbox 781 2529 841 2563; x_wconf 78' lang='lat' dir='ltr'><strong>seq.</strong></span> <span class='ocrx_word' id='word_1_633' title='bbox 868 2522 883 2558; x_wconf 61' lang='grc' dir='ltr'>ᾗ</span> <span class='ocrx_word' id='word_1_634' title='bbox 909 2522 1030 2563; x_wconf 70' lang='lat' dir='ltr'><strong>xxxiii,</strong></span> 
     </span>
    </p>
   </div>
   <div class='ocr_carea' id='block_1_88' title="bbox 245 2558 1029 2592">
    <p class='ocr_par' dir='ltr' id='par_1_88' title="bbox 245 2558 1029 2592">
     <span class='ocr_line' id='line_1_88' title="bbox 245 2558 1029 2592; baseline 0.005 -11"><span class='ocrx_word' id='word_1_635' title='bbox 245 2558 584 2592; x_wconf 20' lang='lat' dir='ltr'><strong>existimavithvernumr</strong></span> <span class='ocrx_word' id='word_1_636' title='bbox 601 2560 726 2592; x_wconf 73' lang='lat' dir='ltr'><strong>tempus,</strong></span> <span class='ocrx_word' id='word_1_637' title='bbox 752 2558 876 2592; x_wconf 90' lang='lat' dir='ltr'><strong>quinimo</strong></span> <span class='ocrx_word' id='word_1_638' title='bbox 904 2559 1029 2585; x_wconf 87' lang='lat' dir='ltr'><strong>eumdem</strong></span> 
     </span>
    </p>
   </div>
   <div class='ocr_carea' id='block_1_89' title="bbox 246 2589 1032 2620">
    <p class='ocr_par' dir='ltr' id='par_1_89' title="bbox 246 2589 1032 2620">
     <span class='ocr_line' id='line_1_89' title="bbox 246 2589 1032 2620; baseline 0.005 -4"><span class='ocrx_word' id='word_1_639' title='bbox 246 2589 320 2616; x_wconf 84' lang='lat' dir='ltr'><strong>hunc</strong></span> <span class='ocrx_word' id='word_1_640' title='bbox 345 2590 415 2617; x_wconf 84' lang='lat' dir='ltr'><strong>diem</strong></span> <span class='ocrx_word' id='word_1_641' title='bbox 438 2589 474 2617; x_wconf 75' lang='lat'><strong>25</strong></span> <span class='ocrx_word' id='word_1_642' title='bbox 500 2591 602 2617; x_wconf 85' lang='lat' dir='ltr'><strong>mensis</strong></span> <span class='ocrx_word' id='word_1_643' title='bbox 629 2589 718 2618; x_wconf 67' lang='lat' dir='ltr'><strong>blartii</strong></span> <span class='ocrx_word' id='word_1_644' title='bbox 740 2589 956 2620; x_wconf 76' lang='lat' dir='ltr'><strong>anniversarium</strong></span> <span class='ocrx_word' id='word_1_645' title='bbox 984 2594 1032 2620; x_wconf 90' lang='lat' dir='ltr'><strong>ha-</strong></span> 
     </span>
    </p>
   </div>
   <div class='ocr_carea' id='block_1_90' title="bbox 245 2624 1030 2661">
    <p class='ocr_par' dir='ltr' id='par_1_90' title="bbox 245 2624 1030 2661">
     <span class='ocr_line' id='line_1_90' title="bbox 245 2624 1030 2661; baseline 0.004 -10"><span class='ocrx_word' id='word_1_646' title='bbox 245 2624 438 2661; x_wconf 77' lang='lat' dir='ltr'><strong>bendumesse</strong></span> <span class='ocrx_word' id='word_1_647' title='bbox 450 2625 639 2660; x_wconf 85' lang='lat' dir='ltr'><strong>plasmationis</strong></span> <span class='ocrx_word' id='word_1_648' title='bbox 652 2626 732 2661; x_wconf 90' lang='lat' dir='ltr'><strong>primi</strong></span> <span class='ocrx_word' id='word_1_649' title='bbox 748 2628 878 2659; x_wconf 86' lang='lat' dir='ltr'><strong>hominis,</strong></span> <span class='ocrx_word' id='word_1_650' title='bbox 893 2631 920 2654; x_wconf 86' lang='lat' dir='ltr'><strong>et</strong></span> <span class='ocrx_word' id='word_1_651' title='bbox 934 2629 1030 2655; x_wconf 84' lang='lat' dir='ltr'><strong>eadem</strong></span> 
     </span>
    </p>
   </div>
   <div class='ocr_carea' id='block_1_91' title="bbox 245 2659 1030 2695">
    <p class='ocr_par' dir='ltr' id='par_1_91' title="bbox 245 2659 1030 2695">
     <span class='ocr_line' id='line_1_91' title="bbox 245 2659 1030 2695; baseline 0.005 -10"><span class='ocrx_word' id='word_1_652' title='bbox 245 2659 324 2693; x_wconf 84' lang='lat' dir='ltr'><strong>plane</strong></span> <span class='ocrx_word' id='word_1_653' title='bbox 354 2659 408 2695; x_wconf 79' lang='lat' dir='ltr'><strong>die.</strong></span> <span class='ocrx_word' id='word_1_654' title='bbox 441 2659 469 2687; x_wconf 85' lang='lat' dir='ltr'><strong>ut</strong></span> <span class='ocrx_word' id='word_1_655' title='bbox 488 2661 515 2687; x_wconf 93' lang='lat' dir='ltr'><strong>in</strong></span> <span class='ocrx_word' id='word_1_656' title='bbox 539 2659 717 2695; x_wconf 81' lang='lat' dir='ltr'><strong>sequentibus</strong></span> <span class='ocrx_word' id='word_1_657' title='bbox 742 2663 838 2694; x_wconf 82' lang='lat' dir='ltr'><strong>tradit,</strong></span> <span class='ocrx_word' id='word_1_658' title='bbox 859 2662 907 2689; x_wconf 87' lang='lat' dir='ltr'><strong>Dei</strong></span> <span class='ocrx_word' id='word_1_659' title='bbox 932 2663 1030 2690; x_wconf 84' lang='lat' dir='ltr'><strong>Filium</strong></span> 
     </span>
    </p>
   </div>
   <div class='ocr_carea' id='block_1_92' title="bbox 247 2694 1030 2732">
    <p class='ocr_par' dir='ltr' id='par_1_92' title="bbox 247 2694 1030 2732">
     <span class='ocr_line' id='line_1_92' title="bbox 247 2694 1030 2732; baseline 0.005 -12"><span class='ocrx_word' id='word_1_660' title='bbox 247 2702 300 2721; x_wconf 90' lang='lat' dir='ltr'><strong>non</strong></span> <span class='ocrx_word' id='word_1_661' title='bbox 315 2694 395 2732; x_wconf 83' lang='lat' dir='ltr'><strong>modo</strong></span> <span class='ocrx_word' id='word_1_662' title='bbox 408 2702 518 2732; x_wconf 78' lang='lat' dir='ltr'><strong>carnem</strong></span> <span class='ocrx_word' id='word_1_663' title='bbox 531 2694 678 2723; x_wconf 82' lang='lat' dir='ltr'><strong>humanam</strong></span> <span class='ocrx_word' id='word_1_664' title='bbox 687 2698 879 2732; x_wconf 86' lang='lat' dir='ltr'><strong>assumpsisse,</strong></span> <span class='ocrx_word' id='word_1_665' title='bbox 889 2698 935 2725; x_wconf 87' lang='lat' dir='ltr'><strong>sed</strong></span> <span class='ocrx_word' id='word_1_666' title='bbox 949 2698 1030 2724; x_wconf 82' lang='lat' dir='ltr'><strong>etiam</strong></span> 
     </span>
    </p>
   </div>
   <div class='ocr_carea' id='block_1_93' title="bbox 246 2729 660 2758">
    <p class='ocr_par' dir='ltr' id='par_1_93' title="bbox 246 2729 660 2758">
     <span class='ocr_line' id='line_1_93' title="bbox 246 2729 660 2758; baseline 0.007 -3"><span class='ocrx_word' id='word_1_667' title='bbox 246 2736 261 2755; x_wconf 87' lang='lat' dir='ltr'><strong>e</strong></span> <span class='ocrx_word' id='word_1_668' title='bbox 276 2729 402 2758; x_wconf 82' lang='lat' dir='ltr'><strong>sepulcro</strong></span> <span class='ocrx_word' id='word_1_669' title='bbox 416 2730 476 2757; x_wconf 87' lang='lat' dir='ltr'><strong>dein</strong></span> <span class='ocrx_word' id='word_1_670' title='bbox 495 2731 660 2758; x_wconf 71' lang='lat' dir='ltr'><strong>surrexisse.</strong></span> 
     </span>
    </p>
   </div>
   <div class='ocr_carea' id='block_1_94' title="bbox 283 2763 1030 2801">
    <p class='ocr_par' dir='ltr' id='par_1_94' title="bbox 283 2763 1030 2801">
     <span class='ocr_line' id='line_1_94' title="bbox 283 2763 1030 2801; baseline 0.005 -11"><span class='ocrx_word' id='word_1_671' title='bbox 283 2765 321 2798; x_wconf 75' lang='grc'><strong>(7)</strong></span> <span class='ocrx_word' id='word_1_672' title='bbox 347 2763 436 2791; x_wconf 78' lang='lat' dir='ltr'><strong>Habes</strong></span> <span class='ocrx_word' id='word_1_673' title='bbox 460 2766 542 2801; x_wconf 79' lang='lat' dir='ltr'><strong>igitur</strong></span> <span class='ocrx_word' id='word_1_674' title='bbox 557 2766 699 2801; x_wconf 76' lang='lat' dir='ltr'><strong>vestigium</strong></span> <span class='ocrx_word' id='word_1_675' title='bbox 726 2766 879 2794; x_wconf 90' lang='lat' dir='ltr'><strong>traditionis</strong></span> <span class='ocrx_word' id='word_1_676' title='bbox 897 2774 944 2801; x_wconf 87' lang='lat' dir='ltr'><strong>per</strong></span> <span class='ocrx_word' id='word_1_677' title='bbox 961 2767 1030 2794; x_wconf 87' lang='lat' dir='ltr'><strong>Geo-</strong></span> 
     </span>
    </p>
   </div>
   <div class='ocr_carea' id='block_1_95' title="bbox 247 2800 1030 2835">
    <p class='ocr_par' dir='ltr' id='par_1_95' title="bbox 247 2800 1030 2835">
     <span class='ocr_line' id='line_1_95' title="bbox 247 2800 1030 2835; baseline 0.005 -11"><span class='ocrx_word' id='word_1_678' title='bbox 247 2802 341 2835; x_wconf 64' lang='lat' dir='ltr'><strong>metras:</strong></span> <span class='ocrx_word' id='word_1_679' title='bbox 367 2804 472 2826; x_wconf 75' lang='lat' dir='ltr'><strong>a-latem</strong></span> <span class='ocrx_word' id='word_1_680' title='bbox 501 2800 636 2835; x_wconf 75' lang='lat' dir='ltr'><strong>vigentis,</strong></span> <span class='ocrx_word' id='word_1_681' title='bbox 664 2800 804 2828; x_wconf 85' lang='lat' dir='ltr'><strong>Christum</strong></span> <span class='ocrx_word' id='word_1_682' title='bbox 831 2800 973 2829; x_wconf 82' lang='lat' dir='ltr'><strong>Dominum</strong></span> <span class='ocrx_word' id='word_1_683' title='bbox 998 2802 1030 2828; x_wconf 86' lang='lat' dir='ltr'><strong>ad</strong></span> 
     </span>
    </p>
   </div>
   <div class='ocr_carea' id='block_1_96' title="bbox 246 2832 1030 2872">
    <p class='ocr_par' dir='ltr' id='par_1_96' title="bbox 246 2832 1030 2872">
     <span class='ocr_line' id='line_1_96' title="bbox 246 2832 1030 2872; baseline 0.008 -14"><span class='ocrx_word' id='word_1_684' title='bbox 246 2832 407 2864; x_wconf 87' lang='lat' dir='ltr'><strong>iudicandos</strong></span> <span class='ocrx_word' id='word_1_685' title='bbox 425 2842 520 2863; x_wconf 79' lang='lat' dir='ltr'><strong>ontucs</strong></span> <span class='ocrx_word' id='word_1_686' title='bbox 532 2832 662 2863; x_wconf 75' lang='lat' dir='ltr'><strong>homines</strong></span> <span class='ocrx_word' id='word_1_687' title='bbox 681 2835 774 2864; x_wconf 84' lang='lat' dir='ltr'><strong>eadem</strong></span> <span class='ocrx_word' id='word_1_688' title='bbox 792 2837 918 2872; x_wconf 82' lang='lat' dir='ltr'><strong>vigesima</strong></span> <span class='ocrx_word' id='word_1_689' title='bbox 937 2837 1030 2872; x_wconf 79' lang='lat' dir='ltr'><strong>quinta</strong></span> 
     </span>
    </p>
   </div>
   <div class='ocr_carea' id='block_1_97' title="bbox 1118 1939 1865 1975">
    <p class='ocr_par' dir='ltr' id='par_1_97' title="bbox 1118 1939 1865 1975">
     <span class='ocr_line' id='line_1_97' title="bbox 1118 1939 1865 1975; baseline 0.001 -9"><span class='ocrx_word' id='word_1_690' title='bbox 1118 1939 1180 1966; x_wconf 77' lang='lat' dir='ltr'><strong>AA’.</strong></span> <span class='ocrx_word' id='word_1_691' title='bbox 1197 1939 1290 1971; x_wconf 77' lang='grc' dir='ltr'>Οὕτως</span> <span class='ocrx_word' id='word_1_692' title='bbox 1303 1940 1353 1966; x_wconf 85' lang='grc' dir='ltr'>οὒκ</span> <span class='ocrx_word' id='word_1_693' title='bbox 1367 1940 1471 1972; x_wconf 77' lang='grc' dir='ltr'>ἀλόγως</span> <span class='ocrx_word' id='word_1_694' title='bbox 1491 1942 1505 1967; x_wconf 81' lang='grc' dir='ltr'>ὁ</span> <span class='ocrx_word' id='word_1_695' title='bbox 1525 1939 1603 1974; x_wconf 78' lang='grc' dir='ltr'>λόγος</span> <span class='ocrx_word' id='word_1_696' title='bbox 1624 1939 1679 1975; x_wconf 75' lang='grc' dir='ltr'>ἄρα</span> <span class='ocrx_word' id='word_1_697' title='bbox 1694 1939 1745 1975; x_wconf 84' lang='grc' dir='ltr'>τὴν</span> <span class='ocrx_word' id='word_1_698' title='bbox 1768 1939 1865 1975; x_wconf 77' lang='grc' dir='ltr'>ἑορτὴν</span> 
     </span>
    </p>
   </div>
   <div class='ocr_carea' id='block_1_98' title="bbox 1081 1984 1864 2022">
    <p class='ocr_par' dir='ltr' id='par_1_98' title="bbox 1081 1984 1864 2022">
     <span class='ocr_line' id='line_1_98' title="bbox 1081 1984 1864 2022; baseline 0.003 -11"><span class='ocrx_word' id='word_1_699' title='bbox 1081 1985 1111 2011; x_wconf 80' lang='grc' dir='ltr'>ἐν</span> <span class='ocrx_word' id='word_1_700' title='bbox 1134 1985 1206 2021; x_wconf 84' lang='grc' dir='ltr'><strong>ἀρχῇ</strong></span> <span class='ocrx_word' id='word_1_701' title='bbox 1230 1986 1278 2013; x_wconf 72' lang='grc' dir='ltr'>καὶ</span> <span class='ocrx_word' id='word_1_702' title='bbox 1298 1985 1385 2021; x_wconf 82' lang='grc' dir='ltr'>ἀρχὴν</span> <span class='ocrx_word' id='word_1_703' title='bbox 1399 1984 1460 2013; x_wconf 83' lang='grc' dir='ltr'>εἷπε</span> <span class='ocrx_word' id='word_1_704' title='bbox 1475 1987 1525 2022; x_wconf 84' lang='grc' dir='ltr'><strong>τῆς</strong></span> <span class='ocrx_word' id='word_1_705' title='bbox 1543 1987 1631 2022; x_wconf 82' lang='grc' dir='ltr'>χαρᾶς</span> <span class='ocrx_word' id='word_1_706' title='bbox 1646 1986 1694 2013; x_wconf 73' lang='grc' dir='ltr'>καὶ</span> <span class='ocrx_word' id='word_1_707' title='bbox 1715 1987 1801 2022; x_wconf 81' lang='grc' dir='ltr'>μέσην</span> <span class='ocrx_word' id='word_1_708' title='bbox 1816 1986 1864 2013; x_wconf 66' lang='grc' dir='ltr'>καὶ</span> 
     </span>
    </p>
   </div>
   <div class='ocr_carea' id='block_1_99' title="bbox 1079 2029 1863 2067">
    <p class='ocr_par' dir='ltr' id='par_1_99' title="bbox 1079 2029 1863 2067">
     <span class='ocr_line' id='line_1_99' title="bbox 1079 2029 1863 2067; baseline 0.003 -11"><span class='ocrx_word' id='word_1_709' title='bbox 1079 2029 1228 2065; x_wconf 78' lang='grc' dir='ltr'><strong>τελευτήν⁸</strong></span> <span class='ocrx_word' id='word_1_710' title='bbox 1253 2031 1300 2057; x_wconf 77' lang='grc' dir='ltr'><strong>καὶ</strong></span> <span class='ocrx_word' id='word_1_711' title='bbox 1325 2030 1397 2058; x_wconf 83' lang='grc' dir='ltr'>οὕτω</span> <span class='ocrx_word' id='word_1_712' title='bbox 1410 2031 1465 2058; x_wconf 86' lang='grc' dir='ltr'>τῶν</span> <span class='ocrx_word' id='word_1_713' title='bbox 1479 2032 1580 2067; x_wconf 80' lang='grc' dir='ltr'>ἑορτῶν</span> <span class='ocrx_word' id='word_1_714' title='bbox 1600 2032 1631 2058; x_wconf 79' lang='grc' dir='ltr'>οὗ</span> <span class='ocrx_word' id='word_1_715' title='bbox 1650 2032 1863 2066; x_wconf 82' lang='grc' dir='ltr'>θαυμασιωτάτη</span> 
     </span>
    </p>
   </div>
   <div class='ocr_carea' id='block_1_100' title="bbox 1081 2075 1864 2113">
    <p class='ocr_par' dir='ltr' id='par_1_100' title="bbox 1081 2075 1864 2113">
     <span class='ocr_line' id='line_1_100' title="bbox 1081 2075 1864 2113; baseline 0.003 -11"><span class='ocrx_word' id='word_1_716' title='bbox 1081 2076 1162 2111; x_wconf 87' lang='grc' dir='ltr'>μόνον</span> <span class='ocrx_word' id='word_1_717' title='bbox 1189 2075 1258 2111; x_wconf 82' lang='grc' dir='ltr'>αὕτη</span> <span class='ocrx_word' id='word_1_718' title='bbox 1280 2077 1328 2103; x_wconf 80' lang='grc' dir='ltr'>καὶ</span> <span class='ocrx_word' id='word_1_719' title='bbox 1346 2077 1587 2113; x_wconf 75' lang='grc' dir='ltr'>μεγαλοδωροτάτη</span> <span class='ocrx_word' id='word_1_720' title='bbox 1601 2097 1608 2110; x_wconf 85' lang='grc'><strong>,</strong></span> <span class='ocrx_word' id='word_1_721' title='bbox 1625 2077 1693 2104; x_wconf 85' lang='grc' dir='ltr'>ἀλλὰ</span> <span class='ocrx_word' id='word_1_722' title='bbox 1705 2078 1737 2112; x_wconf 80' lang='grc' dir='ltr'><strong>δὴ</strong></span> <span class='ocrx_word' id='word_1_723' title='bbox 1751 2078 1798 2104; x_wconf 81' lang='grc' dir='ltr'>καὶ</span> <span class='ocrx_word' id='word_1_724' title='bbox 1816 2086 1864 2112; x_wconf 85' lang='grc' dir='ltr'><strong>χα-</strong></span> 
     </span>
    </p>
   </div>
   <div class='ocr_carea' id='block_1_101' title="bbox 1081 2122 1864 2158">
    <p class='ocr_par' dir='ltr' id='par_1_101' title="bbox 1081 2122 1864 2158">
     <span class='ocr_line' id='line_1_101' title="bbox 1081 2122 1864 2158; baseline 0.001 -11"><span class='ocrx_word' id='word_1_725' title='bbox 1081 2122 1210 2156; x_wconf 79' lang='grc' dir='ltr'>ριεστάτη</span> <span class='ocrx_word' id='word_1_726' title='bbox 1229 2122 1289 2148; x_wconf 82' lang='grc' dir='ltr'>κατ’</span> <span class='ocrx_word' id='word_1_727' title='bbox 1311 2122 1377 2149; x_wconf 78' lang='grc' dir='ltr'>αὐτὸ</span> <span class='ocrx_word' id='word_1_728' title='bbox 1400 2123 1447 2149; x_wconf 74' lang='grc' dir='ltr'><strong>καὶ</strong></span> <span class='ocrx_word' id='word_1_729' title='bbox 1467 2123 1673 2158; x_wconf 78' lang='grc' dir='ltr'>φρικωδεστάτη</span> <span class='ocrx_word' id='word_1_730' title='bbox 1686 2131 1693 2138; x_wconf 93' lang='grc'><strong>·</strong></span> <span class='ocrx_word' id='word_1_731' title='bbox 1721 2123 1799 2149; x_wconf 82' lang='grc' dir='ltr'>τοῦτο</span> <span class='ocrx_word' id='word_1_732' title='bbox 1821 2123 1864 2149; x_wconf 77' lang='grc' dir='ltr'><strong>διὰ</strong></span> 
     </span>
    </p>
   </div>
   <div class='ocr_carea' id='block_1_102' title="bbox 1080 2166 1861 2204">
    <p class='ocr_par' dir='ltr' id='par_1_102' title="bbox 1080 2166 1861 2204">
     <span class='ocr_line' id='line_1_102' title="bbox 1080 2166 1861 2204; baseline 0.003 -12"><span class='ocrx_word' id='word_1_733' title='bbox 1080 2166 1110 2193; x_wconf 83' lang='grc' dir='ltr'>τὺ</span> <span class='ocrx_word' id='word_1_734' title='bbox 1123 2167 1293 2202; x_wconf 79' lang='grc' dir='ltr'>ὑπερϐάλλον</span> <span class='ocrx_word' id='word_1_735' title='bbox 1309 2168 1356 2195; x_wconf 83' lang='grc' dir='ltr'>τοῦ</span> <span class='ocrx_word' id='word_1_736' title='bbox 1373 2169 1524 2204; x_wconf 85' lang='grc' dir='ltr'>μυστηρίου</span> <span class='ocrx_word' id='word_1_737' title='bbox 1538 2177 1567 2195; x_wconf 88' lang='grc' dir='ltr'><strong>τε</strong></span> <span class='ocrx_word' id='word_1_738' title='bbox 1582 2169 1630 2195; x_wconf 68' lang='grc' dir='ltr'>καὶ</span> <span class='ocrx_word' id='word_1_739' title='bbox 1644 2169 1691 2195; x_wconf 83' lang='grc' dir='ltr'>τοῦ</span> <span class='ocrx_word' id='word_1_740' title='bbox 1706 2168 1842 2203; x_wconf 77' lang='grc' dir='ltr'>θαύματος</span> <span class='ocrx_word' id='word_1_741' title='bbox 1853 2177 1861 2184; x_wconf 87' lang='grc'>·</span> 
     </span>
    </p>
   </div>
   <div class='ocr_carea' id='block_1_103' title="bbox 1080 2213 1862 2250">
    <p class='ocr_par' dir='ltr' id='par_1_103' title="bbox 1080 2213 1862 2250">
     <span class='ocr_line' id='line_1_103' title="bbox 1080 2213 1862 2250; baseline 0.003 -12"><span class='ocrx_word' id='word_1_742' title='bbox 1080 2213 1168 2238; x_wconf 73' lang='grc' dir='ltr'>ἐκεῖνο</span> <span class='ocrx_word' id='word_1_743' title='bbox 1184 2213 1228 2240; x_wconf 83' lang='grc' dir='ltr'><strong>διὰ</strong></span> <span class='ocrx_word' id='word_1_744' title='bbox 1244 2213 1294 2248; x_wconf 85' lang='grc' dir='ltr'><strong>τὴν</strong></span> <span class='ocrx_word' id='word_1_745' title='bbox 1317 2214 1485 2249; x_wconf 83' lang='grc' dir='ltr'>πανταχόθεν</span> <span class='ocrx_word' id='word_1_746' title='bbox 1510 2214 1606 2250; x_wconf 81' lang='grc' dir='ltr'>αῐγλην</span> <span class='ocrx_word' id='word_1_747' title='bbox 1627 2223 1657 2240; x_wconf 88' lang='grc' dir='ltr'><strong>τε</strong></span> <span class='ocrx_word' id='word_1_748' title='bbox 1676 2214 1723 2241; x_wconf 79' lang='grc' dir='ltr'>καὶ</span> <span class='ocrx_word' id='word_1_749' title='bbox 1737 2214 1862 2249; x_wconf 83' lang='grc' dir='ltr'>λαμπρό-</span> 
     </span>
    </p>
   </div>
   <div class='ocr_carea' id='block_1_104' title="bbox 1082 2258 1863 2295">
    <p class='ocr_par' dir='ltr' id='par_1_104' title="bbox 1082 2258 1863 2295">
     <span class='ocr_line' id='line_1_104' title="bbox 1082 2258 1863 2295; baseline 0.003 -12"><span class='ocrx_word' id='word_1_750' title='bbox 1082 2266 1161 2292; x_wconf 86' lang='grc' dir='ltr'>τητα,</span> <span class='ocrx_word' id='word_1_751' title='bbox 1183 2258 1231 2284; x_wconf 76' lang='grc' dir='ltr'>καὶ</span> <span class='ocrx_word' id='word_1_752' title='bbox 1252 2259 1296 2285; x_wconf 82' lang='grc' dir='ltr'>ἵνα</span> <span class='ocrx_word' id='word_1_753' title='bbox 1310 2260 1341 2285; x_wconf 79' lang='grc' dir='ltr'>τὸ</span> <span class='ocrx_word' id='word_1_754' title='bbox 1356 2259 1572 2295; x_wconf 78' lang='grc' dir='ltr'>παραδοξότερον</span> <span class='ocrx_word' id='word_1_755' title='bbox 1590 2260 1673 2293; x_wconf 74' lang='grc' dir='ltr'>εἴπω,</span> <span class='ocrx_word' id='word_1_756' title='bbox 1688 2259 1735 2286; x_wconf 73' lang='grc' dir='ltr'><strong>καὶ</strong></span> <span class='ocrx_word' id='word_1_757' title='bbox 1749 2260 1863 2294; x_wconf 78' lang='grc' dir='ltr'>ἀρχαιο-</span> 
     </span>
    </p>
   </div>
   <div class='ocr_carea' id='block_1_105' title="bbox 1081 2303 1864 2340">
    <p class='ocr_par' dir='ltr' id='par_1_105' title="bbox 1081 2303 1864 2340">
     <span class='ocr_line' id='line_1_105' title="bbox 1081 2303 1864 2340; baseline 0.003 -12"><span class='ocrx_word' id='word_1_758' title='bbox 1081 2303 1149 2338; x_wconf 83' lang='grc' dir='ltr'>τάτη</span> <span class='ocrx_word' id='word_1_759' title='bbox 1168 2303 1235 2339; x_wconf 87' lang='grc' dir='ltr'>μόνη</span> <span class='ocrx_word' id='word_1_760' title='bbox 1250 2304 1304 2331; x_wconf 84' lang='grc' dir='ltr'>τῶν</span> <span class='ocrx_word' id='word_1_761' title='bbox 1328 2304 1416 2332; x_wconf 75' lang='grc' dir='ltr'>ἄλλων</span> <span class='ocrx_word' id='word_1_762' title='bbox 1432 2305 1489 2340; x_wconf 81' lang='grc' dir='ltr'>ἃμα</span> <span class='ocrx_word' id='word_1_763' title='bbox 1513 2306 1559 2332; x_wconf 78' lang='grc' dir='ltr'><strong>καὶ</strong></span> <span class='ocrx_word' id='word_1_764' title='bbox 1575 2305 1737 2340; x_wconf 84' lang='grc' dir='ltr'>ἀῖδιωτάτη,</span> <span class='ocrx_word' id='word_1_765' title='bbox 1754 2304 1864 2339; x_wconf 85' lang='grc' dir='ltr'>σύνδρο-</span> 
     </span>
    </p>
   </div>
   <div class='ocr_carea' id='block_1_106' title="bbox 1083 2349 1864 2387">
    <p class='ocr_par' dir='ltr' id='par_1_106' title="bbox 1083 2349 1864 2387">
     <span class='ocr_line' id='line_1_106' title="bbox 1083 2349 1864 2387; baseline 0.001 -12"><span class='ocrx_word' id='word_1_766' title='bbox 1083 2357 1132 2383; x_wconf 84' lang='grc' dir='ltr'><strong>μος</strong></span> <span class='ocrx_word' id='word_1_767' title='bbox 1148 2349 1198 2384; x_wconf 79' lang='grc' dir='ltr'><strong>μὲν</strong></span> <span class='ocrx_word' id='word_1_768' title='bbox 1217 2351 1250 2385; x_wconf 81' lang='grc' dir='ltr'>τῇ</span> <span class='ocrx_word' id='word_1_769' title='bbox 1265 2350 1442 2387; x_wconf 79' lang='grc' dir='ltr'>δημιουργίᾳ,</span> <span class='ocrx_word' id='word_1_770' title='bbox 1457 2351 1589 2383; x_wconf 78' lang='grc' dir='ltr'>συναῖδιος</span> <span class='ocrx_word' id='word_1_771' title='bbox 1607 2351 1635 2377; x_wconf 83' lang='grc' dir='ltr'><strong>δὲ</strong></span> <span class='ocrx_word' id='word_1_772' title='bbox 1652 2352 1686 2386; x_wconf 80' lang='grc' dir='ltr'>τῇ</span> <span class='ocrx_word' id='word_1_773' title='bbox 1703 2350 1864 2384; x_wconf 81' lang='grc' dir='ltr'>παλιγγενε-</span> 
     </span>
    </p>
   </div>
   <div class='ocr_carea' id='block_1_107' title="bbox 1084 2525 1590 2554">
    <p class='ocr_par' dir='ltr' id='par_1_107' title="bbox 1084 2525 1590 2554">
     <span class='ocr_line' id='line_1_107' title="bbox 1084 2525 1590 2554; baseline 0.004 -2"><span class='ocrx_word' id='word_1_774' title='bbox 1084 2525 1127 2553; x_wconf 86' lang='lat' dir='ltr'><strong>die</strong></span> <span class='ocrx_word' id='word_1_775' title='bbox 1142 2525 1244 2553; x_wconf 88' lang='lat' dir='ltr'><strong>mensis</strong></span> <span class='ocrx_word' id='word_1_776' title='bbox 1257 2525 1345 2554; x_wconf 82' lang='lat' dir='ltr'><strong>Martii</strong></span> <span class='ocrx_word' id='word_1_777' title='bbox 1361 2533 1422 2554; x_wconf 84' lang='lat' dir='ltr'><strong>esse</strong></span> <span class='ocrx_word' id='word_1_778' title='bbox 1435 2531 1590 2554; x_wconf 80' lang='lat' dir='ltr'><strong>venturum.</strong></span> 
     </span>
    </p>
   </div>
   <div class='ocr_carea' id='block_1_108' title="bbox 1121 2560 1862 2596">
    <p class='ocr_par' dir='ltr' id='par_1_108' title="bbox 1121 2560 1862 2596">
     <span class='ocr_line' id='line_1_108' title="bbox 1121 2560 1862 2596; baseline 0.004 -9"><span class='ocrx_word' id='word_1_779' title='bbox 1121 2561 1159 2595; x_wconf 71' lang='grc' dir='ltr'><strong>(ὃ)</strong></span> <span class='ocrx_word' id='word_1_780' title='bbox 1174 2560 1303 2595; x_wconf 80' lang='lat' dir='ltr'><strong>Spectarc</strong></span> <span class='ocrx_word' id='word_1_781' title='bbox 1316 2562 1372 2588; x_wconf 76' lang='lat' dir='ltr'><strong>haec</strong></span> <span class='ocrx_word' id='word_1_782' title='bbox 1385 2562 1510 2589; x_wconf 86' lang='lat' dir='ltr'><strong>videntur</strong></span> <span class='ocrx_word' id='word_1_783' title='bbox 1525 2563 1557 2589; x_wconf 86' lang='lat' dir='ltr'><strong>ad</strong></span> <span class='ocrx_word' id='word_1_784' title='bbox 1570 2563 1634 2589; x_wconf 91' lang='lat' dir='ltr'><strong>illud</strong></span> <span class='ocrx_word' id='word_1_785' title='bbox 1647 2562 1717 2590; x_wconf 83' lang='lat' dir='ltr'><strong>Petri</strong></span> <span class='ocrx_word' id='word_1_786' title='bbox 1733 2562 1775 2596; x_wconf 92' lang='grc'><strong>(11</strong></span> <span class='ocrx_word' id='word_1_787' title='bbox 1789 2562 1862 2590; x_wconf 78' lang='lat' dir='ltr'><strong>Petr.</strong></span> 
     </span>
    </p>
   </div>
   <div class='ocr_carea' id='block_1_109' title="bbox 1085 2595 1864 2631">
    <p class='ocr_par' dir='ltr' id='par_1_109' title="bbox 1085 2595 1864 2631">
     <span class='ocr_line' id='line_1_109' title="bbox 1085 2595 1864 2631; baseline 0.003 -9"><span class='ocrx_word' id='word_1_788' title='bbox 1085 2603 1126 2626; x_wconf 86' lang='lat' dir='ltr'><strong>tu,</strong></span> <span class='ocrx_word' id='word_1_789' title='bbox 1145 2595 1189 2626; x_wconf 77' lang='lat' dir='ltr'><strong>l2,</strong></span> <span class='ocrx_word' id='word_1_790' title='bbox 1212 2596 1255 2630; x_wconf 80' lang='grc'><strong>15)</strong></span> <span class='ocrx_word' id='word_1_791' title='bbox 1274 2605 1280 2622; x_wconf 90' lang='lat'><strong>:</strong></span> <span class='ocrx_word' id='word_1_792' title='bbox 1304 2604 1349 2631; x_wconf 80' lang='lat' dir='ltr'><strong>per</strong></span> <span class='ocrx_word' id='word_1_793' title='bbox 1363 2604 1438 2631; x_wconf 80' lang='lat' dir='ltr'><strong>quem</strong></span> <span class='ocrx_word' id='word_1_794' title='bbox 1452 2597 1509 2624; x_wconf 70' lang='lat' dir='ltr'><strong>creti</strong></span> <span class='ocrx_word' id='word_1_795' title='bbox 1532 2599 1651 2625; x_wconf 73' lang='lat' dir='ltr'><strong>ardentes</strong></span> <span class='ocrx_word' id='word_1_796' title='bbox 1669 2595 1810 2628; x_wconf 71' lang='lat' dir='ltr'><strong>soluentur,</strong></span> <span class='ocrx_word' id='word_1_797' title='bbox 1838 2603 1864 2624; x_wconf 71' lang='lat' dir='ltr'><strong>et</strong></span> 
     </span>
    </p>
   </div>
   <div class='ocr_carea' id='block_1_110' title="bbox 1083 2631 1863 2664">
    <p class='ocr_par' dir='ltr' id='par_1_110' title="bbox 1083 2631 1863 2664">
     <span class='ocr_line' id='line_1_110' title="bbox 1083 2631 1863 2664; baseline 0.003 -7"><span class='ocrx_word' id='word_1_798' title='bbox 1083 2631 1208 2657; x_wconf 75' lang='lat' dir='ltr'><strong>elementa</strong></span> <span class='ocrx_word' id='word_1_799' title='bbox 1221 2631 1290 2664; x_wconf 78' lang='lat' dir='ltr'><strong>ignis</strong></span> <span class='ocrx_word' id='word_1_800' title='bbox 1307 2632 1401 2658; x_wconf 78' lang='lat' dir='ltr'><strong>ardore</strong></span> <span class='ocrx_word' id='word_1_801' title='bbox 1417 2631 1548 2659; x_wconf 65' lang='lat' dir='ltr'><strong>labentem</strong></span> <span class='ocrx_word' id='word_1_802' title='bbox 1563 2640 1571 2659; x_wconf 88' lang='lat'><em>:</em></span> <span class='ocrx_word' id='word_1_803' title='bbox 1590 2641 1667 2659; x_wconf 72' lang='lat' dir='ltr'><strong>navo:</strong></span> <span class='ocrx_word' id='word_1_804' title='bbox 1683 2633 1759 2659; x_wconf 67' lang='lat' dir='ltr'><strong>caelos</strong></span> <span class='ocrx_word' id='word_1_805' title='bbox 1776 2639 1800 2659; x_wconf 81' lang='lat' dir='ltr'><strong>et</strong></span> <span class='ocrx_word' id='word_1_806' title='bbox 1816 2641 1863 2658; x_wconf 83' lang='lat' dir='ltr'><strong>no-</strong></span> 
     </span>
    </p>
   </div>
   <div class='ocr_carea' id='block_1_111' title="bbox 1080 2667 1862 2702">
    <p class='ocr_par' dir='ltr' id='par_1_111' title="bbox 1080 2667 1862 2702">
     <span class='ocr_line' id='line_1_111' title="bbox 1080 2667 1862 2702; baseline 0.001 -10"><span class='ocrx_word' id='word_1_807' title='bbox 1080 2674 1139 2692; x_wconf 79' lang='lat' dir='ltr'><strong>vam</strong></span> <span class='ocrx_word' id='word_1_808' title='bbox 1155 2667 1408 2702; x_wconf 21' lang='lat' dir='ltr'><strong>terrantrsgcundum</strong></span> <span class='ocrx_word' id='word_1_809' title='bbox 1421 2667 1551 2700; x_wconf 78' lang='lat' dir='ltr'><strong>promissa</strong></span> <span class='ocrx_word' id='word_1_810' title='bbox 1569 2667 1650 2701; x_wconf 78' lang='lat' dir='ltr'><strong>ipsius</strong></span> <span class='ocrx_word' id='word_1_811' title='bbox 1660 2673 1862 2702; x_wconf 61' lang='lat' dir='ltr'><strong>exspectamus;</strong></span> 
     </span>
    </p>
   </div>
   <div class='ocr_carea' id='block_1_112' title="bbox 1082 2700 1863 2736">
    <p class='ocr_par' dir='ltr' id='par_1_112' title="bbox 1082 2700 1863 2736">
     <span class='ocr_line' id='line_1_112' title="bbox 1082 2700 1863 2736; baseline 0.001 -10"><span class='ocrx_word' id='word_1_812' title='bbox 1082 2705 1138 2726; x_wconf 88' lang='lat' dir='ltr'><strong>tum</strong></span> <span class='ocrx_word' id='word_1_813' title='bbox 1152 2701 1185 2727; x_wconf 90' lang='lat' dir='ltr'><strong>ad</strong></span> <span class='ocrx_word' id='word_1_814' title='bbox 1197 2700 1261 2727; x_wconf 89' lang='lat' dir='ltr'><strong>illud</strong></span> <span class='ocrx_word' id='word_1_815' title='bbox 1276 2701 1389 2729; x_wconf 82' lang='lat' dir='ltr'><strong>Joannis</strong></span> <span class='ocrx_word' id='word_1_816' title='bbox 1401 2702 1494 2735; x_wconf 80' lang='lat' dir='ltr'><strong>(Apoc.</strong></span> <span class='ocrx_word' id='word_1_817' title='bbox 1511 2709 1566 2734; x_wconf 68' lang='lat' dir='ltr'><strong>ut,</strong></span> <span class='ocrx_word' id='word_1_818' title='bbox 1580 2700 1615 2736; x_wconf 41' lang='lat' dir='ltr'><strong>&#39;l);</strong></span> <span class='ocrx_word' id='word_1_819' title='bbox 1628 2712 1635 2729; x_wconf 88' lang='lat'><strong>:</strong></span> <span class='ocrx_word' id='word_1_820' title='bbox 1655 2701 1687 2728; x_wconf 83' lang='lat' dir='ltr'><strong>Et</strong></span> <span class='ocrx_word' id='word_1_821' title='bbox 1703 2700 1755 2729; x_wconf 69' lang='lat' dir='ltr'><strong>uidi</strong></span> <span class='ocrx_word' id='word_1_822' title='bbox 1770 2703 1863 2728; x_wconf 71' lang='lat' dir='ltr'><strong>malum</strong></span> 
     </span>
    </p>
   </div>
   <div class='ocr_carea' id='block_1_113' title="bbox 1081 2736 1863 2764">
    <p class='ocr_par' dir='ltr' id='par_1_113' title="bbox 1081 2736 1863 2764">
     <span class='ocr_line' id='line_1_113' title="bbox 1081 2736 1863 2764; baseline 0.003 -4"><span class='ocrx_word' id='word_1_823' title='bbox 1081 2742 1175 2761; x_wconf 83' lang='lat' dir='ltr'><strong>novum</strong></span> <span class='ocrx_word' id='word_1_824' title='bbox 1200 2740 1224 2761; x_wconf 80' lang='lat' dir='ltr'><strong>et</strong></span> <span class='ocrx_word' id='word_1_825' title='bbox 1247 2740 1344 2762; x_wconf 82' lang='lat' dir='ltr'><strong>terram</strong></span> <span class='ocrx_word' id='word_1_826' title='bbox 1367 2737 1479 2763; x_wconf 78' lang='lat' dir='ltr'><strong>novam.’</strong></span> <span class='ocrx_word' id='word_1_827' title='bbox 1499 2736 1619 2763; x_wconf 81' lang='lat' dir='ltr'><strong>Primum</strong></span> <span class='ocrx_word' id='word_1_828' title='bbox 1639 2738 1709 2764; x_wconf 83' lang='lat' dir='ltr'><strong>enim</strong></span> <span class='ocrx_word' id='word_1_829' title='bbox 1732 2736 1824 2764; x_wconf 67' lang='lat' dir='ltr'><strong>caelum</strong></span> <span class='ocrx_word' id='word_1_830' title='bbox 1839 2741 1863 2763; x_wconf 88' lang='lat' dir='ltr'><strong>et</strong></span> 
     </span>
    </p>
   </div>
   <div class='ocr_carea' id='block_1_114' title="bbox 1081 2770 1343 2803">
    <p class='ocr_par' dir='ltr' id='par_1_114' title="bbox 1081 2770 1343 2803">
     <span class='ocr_line' id='line_1_114' title="bbox 1081 2770 1343 2803; baseline 0.008 -8"><span class='ocrx_word' id='word_1_831' title='bbox 1081 2770 1166 2803; x_wconf 81' lang='lat' dir='ltr'><strong>prima</strong></span> <span class='ocrx_word' id='word_1_832' title='bbox 1181 2774 1251 2796; x_wconf 87' lang='lat' dir='ltr'><strong>terra</strong></span> <span class='ocrx_word' id='word_1_833' title='bbox 1268 2771 1343 2798; x_wconf 78' lang='lat' dir='ltr'><strong>abiit.</strong></span> 
     </span>
    </p>
   </div>
   <div class='ocr_carea' id='block_1_115' title="bbox 1117 2803 1865 2842">
    <p class='ocr_par' dir='ltr' id='par_1_115' title="bbox 1117 2803 1865 2842">
     <span class='ocr_line' id='line_1_115' title="bbox 1117 2803 1865 2842; baseline 0.004 -13"><span class='ocrx_word' id='word_1_834' title='bbox 1117 2803 1264 2842; x_wconf 35' lang='grc' dir='ltr'>(θλ-λίνος..</span> <span class='ocrx_word' id='word_1_835' title='bbox 1286 2805 1330 2838; x_wconf 80' lang='lat' dir='ltr'><strong>XI,</strong></span> <span class='ocrx_word' id='word_1_836' title='bbox 1362 2805 1394 2833; x_wconf 82' lang='grc'><strong>15</strong></span> <span class='ocrx_word' id='word_1_837' title='bbox 1420 2815 1427 2832; x_wconf 90' lang='lat'><strong>:</strong></span> <span class='ocrx_word' id='word_1_838' title='bbox 1453 2805 1632 2842; x_wconf 19' lang='lat' dir='ltr'><strong>factumrest</strong></span> <span class='ocrx_word' id='word_1_839' title='bbox 1656 2814 1762 2842; x_wconf 74' lang='lat' dir='ltr'><strong>regnum</strong></span> <span class='ocrx_word' id='word_1_840' title='bbox 1787 2805 1865 2840; x_wconf 78' lang='lat' dir='ltr'><strong>hujus</strong></span> 
     </span>
    </p>
   </div>
   <div class='ocr_carea' id='block_1_116' title="bbox 1081 2840 1627 2876">
    <p class='ocr_par' dir='ltr' id='par_1_116' title="bbox 1081 2840 1627 2876">
     <span class='ocr_line' id='line_1_116' title="bbox 1081 2840 1627 2876; baseline 0.007 -12"><span class='ocrx_word' id='word_1_841' title='bbox 1081 2840 1172 2866; x_wconf 73' lang='lat' dir='ltr'><strong>mutuli</strong></span> <span class='ocrx_word' id='word_1_842' title='bbox 1189 2840 1294 2867; x_wconf 79' lang='lat' dir='ltr'><strong>Domini</strong></span> <span class='ocrx_word' id='word_1_843' title='bbox 1310 2842 1392 2867; x_wconf 82' lang='lat' dir='ltr'><strong>nostri</strong></span> <span class='ocrx_word' id='word_1_844' title='bbox 1405 2845 1429 2867; x_wconf 82' lang='lat' dir='ltr'><strong>et</strong></span> <span class='ocrx_word' id='word_1_845' title='bbox 1446 2841 1544 2868; x_wconf 77' lang='lat' dir='ltr'><strong>Christi</strong></span> <span class='ocrx_word' id='word_1_846' title='bbox 1561 2841 1627 2876; x_wconf 74' lang='lat' dir='ltr'><strong>ejus.</strong></span> 
     </span>
    </p>
   </div>
  </div>
