2092 3157
204 183 255 216 ΣΗ

596 183 727 215 SERMO
745 183 786 214 IN
803 183 856 214 SS.
875 183 1052 214 DEIPARE
1071 183 1431 218 ANNUNTIATIONEM.

1785 188 1837 219 8i2

202 241 249 276 σία
260 249 268 256 ·
286 240 354 276 μηδὲ
365 239 420 276 γὰρ
430 239 504 275 ἔχειν
520 240 605 276 πέρας
616 239 742 267 ἐντεῦθεν
751 239 813 276 ἥδη,
826 240 877 275 τῆς
887 240 994 266 ἐκεῖθεν

1045 245 1159 267 cteteras
1171 248 1267 268 omnes
1284 245 1340 268 tum
1351 241 1517 276 antiquitate
1532 243 1670 277 praecedit,
1682 247 1739 272 tum
1752 245 1837 274 dura-

201 287 361 323 ἀρξαμένης
376 287 492 322 ἡμέρας,
514 287 562 313 καὶ
576 287 634 318 τοῖς
652 285 773 318 αἰωνίοις
790 286 902 312 αίωνίαν
922 283 993 320 εἷναί

201 342 230 359 τε
248 333 296 360 καὶ
310 334 430 360 συνεῖναι
447 332 657 368 πιστευομένην.

1050 286 1122 314 tione
1137 287 1368 321 praetergrotlitur,
1385 288 1486 323 quippe
1501 297 1563 323 qua:
1576 290 1659 318 simul
1673 300 1736 319 cum
1751 294 1837 328 prima

1048 340 1139 360 rerum
1167 332 1305 360 creatione
1336 338 1426 361 ortutn
1447 334 1558 367 habuit,
1578 341 1605 364 et
1634 345 1696 365 cum
1716 341 1837 368 univcrst

203 380 285 414 hujus
312 379 518 414 regeneratione
542 380 706 411 conveniet;
735 385 824 413 neque
845 385 919 405 sane
932 377 989 412 jam
1010 378 1074 406 inde
1088 378 1169 406 tinent
1187 387 1202 406 a
1222 379 1265 406 die
1297 384 1363 407 tunc
1396 380 1544 415 incipiente
1558 383 1686 412 habitura
1702 392 1760 420 est,
1776 390 1836 421 sed,

203 433 232 454 ut
252 426 319 453 lides
334 426 428 457 docet,
450 425 616 460 sempiterne
633 426 790 453 viventibus
805 425 865 461 ipsa
886 425 988 460 pariter
1008 431 1155 459 ceteterna,
1187 432 1375 463 perpetuoque
1392 430 1496 457 sociata
1514 430 1575 458 crit.

237 472 299 501 AB’.
321 471 444 508 'E‘m—zlﬂé
459 472 509 508 τῆς
521 473 619 508 ἑορτῆς
635 473 715 507 ὀλίγα
731 473 779 500 καὶ
795 472 864 508 πρὸς
877 472 967 506 ὀλίγον
980 472 995 498 ό

201 521 280 555 λόγος
295 518 465 554 ὑπέγραψεν,
480 519 494 545 ὃ
510 519 557 546 καὶ
570 520 650 555 μόνον
663 520 722 546 ἐστὶ
735 519 765 546 τὸ
781 519 884 551 λεῖπον,
900 519 996 554 ἐπιζη-

201 567 350 602 τήσωμεν·
376 565 454 596 τίνας
487 566 536 592 καὶ
565 565 628 597 τοὺς
660 565 857 601 χαριστηρίους
889 565 995 591 τούτων

202 611 341 644 ἁπάντων,
354 613 372 648 ἢ
388 611 441 638 τίνι
457 612 566 648 πρῶτον
581 612 776 648 προσοίσομεν,
790 612 830 647 τῷ
841 611 932 647 Πατρὶ
947 613 995 638 καὶ

202 658 312 693 νυμφίῳ
325 659 374 685 καὶ
391 658 449 694 Υίῷ
463 658 510 685 καὶ
524 657 583 693 Θεῷ
595 666 603 690 ;
614 658 631 693 ἢ
649 659 682 693 τῇ
699 658 781 694 δούλῃ
796 666 826 684 τε
839 658 886 684 καὶ
901 657 994 693 νύμφῃ

202 703 248 730 καὶ
261 703 378 740 θυγατρὶ
392 705 438 731 καὶ
454 703 557 739 μητρί;
577 703 689 739 Ἐπειδὴ
707 704 754 731 καὶ
773 704 823 738 τὴν
843 703 924 738 φύσιν
940 703 995 738 ὁρῶ

202 750 249 776 καὶ
263 749 312 785 τὴν
326 749 417 776 κτίσιν
434 750 499 785 ὃλην
516 749 749 785 φιλοτιμουμένην
766 750 800 776 τὰ
817 750 993 785 χαριστήρια,

201 795 334 822 καΥοῦτω
355 795 491 831 προῆλθεν
514 797 582 831 ἡμῖν
605 795 675 831 μετὰ
689 795 744 822 τῶν
765 795 855 823 ἄλλων
876 796 892 831 ἡ
912 795 994 830 ἑορτὴ

201 843 249 868 καὶ
265 841 421 877 ὡραιοτάτη
441 842 488 869 καὶ
509 842 640 877 ἡδυτάτη.
657 841 716 868 Νῦν
738 842 788 877 μὲν
802 842 856 878 γὰρ
872 843 888 876 ἡ
904 842 993 874 κτίσις

1084 473 1191 503 XXXII.
1219 474 1448 511 Quandoquidem
1476 485 1539 505 vero
1566 487 1652 513 pauca
1678 481 1729 508 ista
1755 487 1838 517 atque

1045 527 1076 546 ea
1091 520 1201 552 quidem
1224 528 1305 555 parce
1324 522 1397 549 circa
1413 523 1615 552 solemnitatem
1637 534 1729 554 sermo
1743 536 1838 562 prose-
1853 536 1867 550 ἰ

1045 570 1126 593 cutus
1143 571 1197 600 est,
1218 567 1275 602 jam
1299 572 1327 595 et
1352 569 1426 603 quod
1456 570 1590 604 reliqutttn
1616 577 1678 604 est.
1707 576 1837 608 exquiru-

1046 620 1122 645 ntus;
1145 620 1280 648 quosnam
1299 614 1368 649 grati
1389 615 1473 642 animi
1488 617 1602 652 hymnos
1617 626 1666 652 pro
1687 620 1762 648 hisce
1775 628 1837 649 om-

1046 657 1139 691 nibus,
1158 659 1199 686 vel
1217 659 1327 686 cuittattt
1349 660 1466 694 primuttt
1484 662 1652 690 otl'eramns?
1666 663 1786 699 Pati-ine,
1803 675 1837 694 ac

1044 711 1147 739 sponso
1159 709 1187 732 et
1199 705 1270 732 Filio
1285 710 1312 733 et
1330 705 1385 733 Deo
1398 706 1410 733 ?
1424 707 1465 734 An
1480 715 1543 735 vero
1562 710 1669 738 ancilla.-
1682 717 1709 738 et
1728 720 1837 747 sponsa:

1044 755 1071 778 ct
1093 751 1154 778 tilia:
1171 759 1204 779 ac
1222 753 1321 779 matri?
1335 753 1455 781 Maxime
1473 762 1537 782 vero
1551 761 1694 791 postquam
1710 763 1737 785 ct
1755 764 1837 786 natu-

1044 804 1103 824 ram
1127 804 1256 830 omnem,
1284 802 1312 825 et
1339 804 1482 828 creaturas
1512 802 1657 830 uttiversas
1679 805 1837 838 gratulandi

1044 842 1136 869 studio
1152 842 1233 870 veluti
1249 848 1389 872 certantes
1405 846 1495 879 video,
1513 851 1594 880 atque
1609 849 1678 876 adeo
1699 852 1836 879 venustis-

200 887 282 922 ὁμοία
292 875 346 914 -καὶ
362 875 479 915 παστάδι
497 875 577 923 καινῇ
596 875 630 923 τῇ
646 889 727 923 καινῇ
739 875 846 923 -νύμφῃτ
864 875 991 923 λαμπρύ-

1045 889 1114 916 sima
1143 889 1221 916 nobis
1237 895 1319 924 atque
1342 890 1413 918 inter
1432 892 1501 920 alias
1520 894 1685 923 suatissima
1710 898 1766 925 tunc
1789 907 1837 925 so-

201 943 294 966 νεται,
319 935 366 961 καὶ
393 935 483 961 κοινὸν
509 935 625 970 καταχεῖ
650 934 749 966 κάλλος
770 934 825 961 τῶν
843 934 992 970 ὁρωμένων

200 981 329 1008 ἁπάντων
339 1002 346 1015 ,
363 981 410 1008 καὶ
425 982 630 1016 καινουργεῖται
646 981 759 1016 κόσμος.

1046 932 1172 960 lemnitas
1187 933 1282 961 eluxit.
1306 934 1383 963 Nune
1404 937 1477 964 enim
1500 946 1591 965 rerum
1613 941 1776 969 tntivcrsitas
1802 945 1836 970 ad

1048 978 1135 1005 instar
1150 978 1211 1005 novi
1228 978 1341 1006 thalami
1361 988 1389 1007 se
1402 986 1527 1009 ornatam
1543 990 1618 1010 novat
1637 992 1746 1019 sponsa:
1760 987 1838 1014 exhi-

201 1029 258 1059 bcl.
281 1034 435 1062 novamque
457 1027 484 1054 in
502 1027 621 1054 visibilis
641 1027 735 1054 omnia
758 1026 991 1061 pulchritudinem
1011 1023 1136 1057 ell'undil,
1155 1028 1182 1062 et
1201 1029 1274 1052 totus
1290 1031 1438 1054 renovatur
1454 1028 1585 1057 mundus.

236 1074 298 1100 Al".
318 1073 393 1099 Ἐπεὶ
410 1073 459 1099 καὶ
474 1072 508 1098 δι’
524 1072 553 1098 ὃν
569 1073 583 1098 ὁ
602 1073 716 1107 κόσμος,
731 1072 788 1100 ἄνω
806 1072 855 1108 μὲν
867 1072 993 1108 οὺρανὺς,

201 1118 246 1147 οἷα
259 1119 361 1154 χιτῶνα
375 1118 522 1154 πένθιμον,
537 1119 567 1145 τὸ
581 1119 722 1154 χειμέριον
737 1119 817 1152 νέφος
833 1117 993 1150 ἀποϐαλὼν,

201 1167 242 1198 είς
265 1165 358 1194 καινὸν
386 1165 415 1191 δέ
447 1174 474 1191 τι
499 1164 593 1200 χρυσῷ
618 1165 665 1191 καὶ
691 1163 820 1200 πορφύρᾳ
848 1165 943 1200 κρᾶμα
964 1163 994 1190 τὸ

201 1213 301 1249 χρῶμα
322 1211 484 1246 μεταϐαλών
494 1220 502 1227 ·
517 1211 566 1238 καὶ
582 1211 664 1246 αίθὴρ
679 1211 799 1237 ἀπειλῶν
815 1211 930 1246 φρικτὸν
945 1210 994 1245 μὲν

201 1257 246 1288 οὒ,
260 1257 340 1284 καλὸν
357 1257 385 1283 δὲ
403 1256 518 1292 λάμπων
535 1256 606 1288 λίαν,
627 1257 675 1283 καὶ
692 1257 900 1290 ἀπαστράπτων
924 1256 972 1291 ἡδύ
985 1263 992 1270 '

202 1305 249 1331 καὶ
266 1304 365 1339 σελήνη
387 1303 437 1337 μὲν
457 1302 687 1338 ἐγκαινιζομένη,
704 1303 751 1329 καὶ
774 1303 805 1329 τὸ
830 1302 889 1329 νέον
914 1302 994 1333 σέλας

201 1350 270 1384 αὐτῇ
288 1358 318 1376 τι
333 1349 379 1375 τοῦ
400 1348 484 1376 καλοῦ
500 1349 646 1384 δεχομένου
661 1349 780 1383 νυμφίου
801 1347 992 1382 λαμπρότερόν

201 1405 231 1422 τε
258 1395 305 1423 καὶ
327 1395 533 1430 ἀφθονώτερον,
551 1396 600 1424 καὶ
619 1395 672 1421 ὑπὸ
688 1394 793 1430 μείζονι
817 1395 865 1421 καὶ
879 1394 992 1429 φαιδρο-

200 1443 268 1477 τέρᾳ
293 1441 416 1477 λαμπάδι
444 1442 494 1477 τὴν
516 1441 602 1468 νύκτα
633 1442 853 1477 προπέμπουσα,
883 1440 929 1466 καὶ
957 1441 992 1474 τῇ

201 1489 289 1515 κτίσει
302 1488 376 1524 πάσῃ
389 1487 567 1523 πυρσεύουσα
579 1495 586 1502 ·
603 1487 691 1522 ἄστρα
706 1487 746 1519 δὲ,
757 1487 792 1513 τὰ
803 1487 873 1518 τέως
889 1493 994 1520 συγκα-
1008 1502 1030 1531 c

201 1534 368 1569 λυπτόμενα,
387 1534 437 1560 καὶ
458 1532 571 1560 πλείονα
591 1532 637 1560 καὶ
657 1532 770 1568 μείζονα
797 1532 846 1558 καὶ
872 1531 992 1567 ἡδύτιρα

202 1580 247 1606 καὶ
261 1579 396 1615 φανότερα
406 1587 414 1594 ·
431 1579 577 1614 φωσφόρος
587 1578 628 1611 δὲ,
643 1578 673 1605 τὸ
687 1578 737 1613 μὲν
751 1577 866 1613 μέγεοος
879 1577 991 1613 μείζων,

200 1625 230 1651 τὸ
253 1624 282 1651 δὲ
297 1623 393 1656 κάλλος
411 1623 540 1657 καλλίων,
558 1623 727 1659 ὑψηλότερος
744 1623 774 1650 δὲ
792 1622 822 1649 τὸ
845 1622 923 1657 ὕψος,
944 1621 993 1649 καὶ

203 1671 266 1697 ἰδεῖν
281 1670 411 1706 ήδύτερος
426 1670 474 1697 καὶ
489 1670 657 1706 προσϐαλεῖν
675 1669 854 1705 ἀλυπότερος.
873 1668 931 1695 Νῦν
945 1668 993 1696 καὶ

200 1717 239 1752 τῷ
260 1718 329 1752 φωτὶ
353 1717 403 1753 μὲν
426 1717 519 1752 ἡμέρα
543 1717 715 1750 πλεονεκτεῖ,
746 1717 796 1744 καὶ
818 1717 932 1752 χορηγεῖ
958 1717 992 1751 τῇ

200 1763 332 1800 τικτούσῃ
349 1763 395 1790 τὸν
417 1763 494 1799 ἥλιον
507 1771 515 1780 ν
537 1764 702 1799 παραχωρεῖ
721 1763 751 1791 δὲ
772 1765 806 1799 τῇ
824 1763 954 1800 δεσποίνῃ
974 1763 992 1798 ἡ

201 1810 260 1843 νὺξ,
280 1809 310 1836 τὺ
335 1810 445 1846 πρῶτον
460 1809 651 1847 ὶγκυμονούσῃ
668 1811 714 1838 καὶ
730 1809 928 1846 δημιουργικὸν
945 1809 994 1836 καὶ

201 1857 283 1883 καλὸν
304 1857 371 1891 φῶς.
392 1856 449 1884 Νῦν
466 1857 514 1884 καὶ
534 1857 589 1893 ἀὴρ
604 1858 756 1893 πραότερος
776 1857 835 1892 ἅμα
855 1857 904 1884 καὶ
916 1856 994 1883 διαυ-

201 1903 351 1938 γέστερος,
377 1903 425 1930 καὶ
454 1902 577 1930 θάλασσα
604 1903 727 1938 γαλήνης
749 1901 799 1937 ὅλη
825 1901 873 1928 καὶ
895 1900 994 1937 ἡδονῆς

202 1949 331 1982 πέλαγος,
349 1949 395 1975 καὶ
409 1949 511 1984 κόσμος
523 1949 595 1980 ὅλος,
608 1950 624 1985 ὴ
641 1949 738 1984 χέρσος
751 1948 845 1976 ἄνθεσι
861 1947 992 1984 βρύουσα,

202 1996 283 2026 πόαις
310 1995 446 2022 θάλλουσα
472 1994 625 2028 πάντοθεν,
649 1997 697 2022 καὶ
721 1994 810 2022 πάντα
834 1995 992 2029 τέρπουσα,

202 2040 344 2076 λειμώνων
370 2041 477 2077 ὀδμαῖς,
497 2041 601 2076 ὀρνέων
624 2042 738 2075 φωναῖς,
763 2040 857 2074 φυτῶν
881 2040 992 2075 κόμαις,

202 2085 315 2120 ἀψύχων
333 2085 471 2118 κάλλεσιν,
492 2085 624 2121 ἐμψύχων
639 2084 753 2120 sapam.
772 2085 830 2111 Νῦν
845 2085 892 2111 καὶ
912 2084 994 2118 ὡρῶν

203 2133 317 2167 κράσεις
335 2132 383 2159 καὶ
395 2132 484 2168 μίξεις
502 2132 644 2167 στοιχείων
660 2131 800 2167 εὔκρατοι,
816 2131 864 2157 καὶ
884 2130 994 2165 ἀνέμων

1079 1060 1202 1096 ΧΧΧΙῘΙ.
1229 1070 1297 1097 Nam
1322 1076 1350 1099 et.
1367 1073 1467 1100 coelum
1484 1074 1613 1110 desuper,
1633 1084 1647 1104 e
1665 1085 1720 1112 quo
1742 1080 1837 1108 tnttndi

1044 1121 1168 1148 ornatus,
1184 1116 1328 1144 hiemalem
1349 1118 1493 1153 caliginem
1507 1127 1555 1147 ceu
1572 1121 1713 1157 lugubrem
1733 1131 1835 1153 restem

1044 1162 1153 1196 ahjecit.
1176 1167 1203 1189 et
1227 1162 1347 1190 colorem
1364 1171 1446 1191 suunt
1471 1165 1498 1192 in
1515 1174 1616 1194 ttovutn
1632 1169 1698 1203 quid
1718 1178 1787 1199 auro
1810 1179 1838 1200 et

1044 1215 1165 1242 purpura
1178 1208 1355 1236 comtnistum
1370 1210 1544 1244 immutat-it;
1561 1217 1588 1240 et
1605 1215 1691 1242 attlter
1708 1224 1762 1243 non
1782 1222 1838 1245 tre-

1045 1255 1158 1282 mendas
1176 1255 1318 1283 minitatur
1341 1257 1486 1290 procellas,
1506 1259 1553 1286 sed
1569 1267 1733 1293 pervenuste
1757 1264 1835 1298 nitet,

1044 1305 1072 1327 et
1095 1301 1172 1328 suavi
1201 1301 1262 1328 luco
1290 1308 1437 1336 coruscat;
1465 1310 1612 1333 renovatur
1640 1309 1721 1335 etiam
1755 1311 1835 1342 luna.

1045 1354 1165 1382 eumque
1186 1347 1290 1381 lumen,
1312 1349 1385 1383 quod
1411 1349 1438 1376 in
1456 1350 1542 1386 ipsam
1561 1353 1706 1389 redundat,
1725 1357 1838 1390 pulcher

1044 1393 1167 1428 ejusdem
1194 1402 1312 1429 sponsus
1336 1403 1456 1429 novum,
1475 1396 1663 1434 fulgidiusque
1683 1406 1711 1428 et
1736 1404 1837 1438 copio-

1045 1439 1105 1466 sius
1124 1440 1265 1474 acquirat,
1282 1440 1340 1475 ipsa
1358 1448 1469 1475 quoque
1492 1443 1616 1477 ampliori
1639 1445 1837 1480 splendidiori-

1047 1491 1100 1519 que
1128 1484 1188 1512 face
1212 1491 1320 1513 noctem
1347 1487 1514 1520 comitatur,
1531 1495 1559 1516 et
1582 1491 1719 1520 universis
1736 1495 1837 1523 creatis

1046 1530 1134 1558 lucem
1164 1530 1298 1565 aﬂ‘undit;
1326 1538 1400 1560 astra
1427 1541 1502 1568 vero,
1525 1542 1587 1570 qua:
1615 1537 1757 1574 hucusque
1777 1540 1837 1569 tere

1045 1576 1199 1610 latitabant,
1225 1584 1252 1606 et
1279 1580 1357 1614 plura
1376 1585 1404 1608 et
1419 1581 1524 1616 majora
1547 1587 1574 1610 et
1591 1585 1717 1613 suaviora
1734 1592 1760 1614 et
1783 1589 1836 1615 nti-

1045 1624 1170 1651 cantiora
1187 1630 1338 1653 cernuntur
1355 1634 1362 1653 :
1379 1626 1478 1654 lucifer
1497 1633 1588 1656 autem
1606 1634 1634 1657 et
1652 1632 1723 1659 mole
1737 1633 1835 1668 major,

1044 1675 1072 1698 et
1086 1672 1178 1706 specie
1191 1672 1341 1707 pulcltrior,
1357 1677 1384 1700 et
1398 1673 1545 1702 altitudine
1555 1677 1711 1711 sublimior,
1733 1684 1760 1707 et
1775 1680 1836 1707 visu

1045 1717 1163 1749 dulcior,
1178 1723 1206 1745 et
1228 1726 1340 1746 accessu
1355 1719 1505 1754 jucundior
1521 1722 1618 1750 evasit.
1636 1722 1714 1751 Nunc
1738 1731 1766 1753 et
1779 1726 1837 1753 dies

1045 1764 1154 1799 quidem
1172 1765 1232 1792 luce
1251 1766 1381 1799 abundat,
1397 1767 1570 1803 chorumque
1583 1770 1698 1798 adornat
1712 1771 1761 1803 illi,
1776 1780 1838 1808 qua:

1045 1809 1130 1837 solent
1148 1809 1238 1845 parit;
1255 1818 1309 1838 nox
1328 1818 1392 1838 vero
1408 1812 1510 1840 recedit
1524 1818 1588 1841 ante
1608 1815 1756 1849 dominam,
1776 1825 1838 1853 quae

1045 1856 1161 1890 primam
1189 1856 1262 1883 illam
1287 1861 1314 1884 et
1337 1858 1498 1886 creatricem
1528 1865 1553 1887 et
1575 1866 1718 1889 venUstam
1750 1864 1852 1891 lucem~

1044 1901 1072 1929 in
1090 1906 1169 1929 utero
1191 1907 1289 1937 gestat.
1308 1902 1386 1932 Nunc
1401 1909 1428 1932 et
1451 1912 1499 1932 aer
1515 1906 1608 1934 mitior
1624 1908 1707 1936 simul
1721 1916 1753 1937 ac
1778 1911 1839 1937 lini-

1045 1948 1145 1983 pidior,
1163 1953 1190 1975 et
1208 1957 1292 1983 mare,
1321 1957 1374 1984 qua
1397 1950 1450 1978 late
1472 1953 1657 1986 protenditur,
1684 1957 1840 1991 trauqnilli~

1045 1993 1110 2021 tatis
1134 1998 1178 2021 est
1206 1994 1426 2031 deliciarumquc
1448 1997 1579 2033 pelagus,
1595 2004 1624 2026 et
1653 2004 1726 2028 totus
1750 2002 1837 2034 orbis,

1046 2044 1118 2067 terra
1134 2048 1231 2075 nempe
1246 2041 1350 2076 pridem
1364 2042 1484 2075 deserta,
1501 2051 1576 2072 nunc
1593 2045 1691 2073 llornm
1706 2054 1837 2076 venusta-

1045 2090 1090 2112 tttr
1115 2087 1206 2121 copia,
1237 2087 1385 2122 herbisque
1406 2089 1526 2124 undique
1552 2091 1675 2124 virescit,
1700 2098 1727 2120 et
1747 2095 1837 2122 modis

1046 2132 1186 2163 omnibus,
1202 2138 1341 2167 pratorum
1361 2133 1522 2170 fragrantia,
1539 2137 1632 2164 avium
1651 2144 1745 2171 cantu,
1763 2140 1837 2168 fron-

203 2178 316 2205 σπονδαὶ.
332 2180 378 2205 καὶ
407 2178 528 2213 μαλακαὶ
547 2178 675 2214 ζεφύρων
689 2178 781 2214 φοραὶ,
805 2178 853 2204 καὶ
869 2178 929 2214 ῥοαὶ
944 2186 993 2205 πο-

1045 2177 1103 2205 ιιείε
1126 2179 1281 2213 plantarum
1309 2181 1413 2214 contis,
1440 2182 1650 2211 inanimantium
1677 2192 1768 2212 rerum
1790 2187 1836 2221 ju-

202 2225 298 2258 ταμὼν
311 2225 423 2259 πραεῖαι
434 2244 441 2256 ,
457 2224 505 2250 καὶ
525 2224 612 2259 πηγαὶ
627 2224 731 2259 ψυχραί
745 2232 773 2250 τε
789 2224 837 2250 καὶ
859 2223 991 2258 καθαραὶ,

202 2267 249 2293 καὶ
262 2264 324 2302 ἦχοι
347 2268 491 2303 ῥευμάτων
506 2268 616 2304 ἥμεροι.
638 2268 696 2295 Νῦν
715 2269 762 2295 καὶ
780 2268 860 2302 φύσις
882 2269 930 2304 ὅλη
946 2269 992 2295 τὸν

202 2313 281 2340 τόκον
306 2314 344 2345 ὡς
371 2314 457 2348 δῶρον
483 2316 515 2350 τῇ
541 2314 636 2351 νύμφῃ
655 2314 766 2347 δίδωσι,
782 2315 829 2341 καὶ
846 2316 921 2342 πᾶσα
943 2315 993 2350 μὲν

203 2359 304 2394 πτηνὴ,
320 2360 395 2386 πᾶσα
415 2360 443 2387 δὲ
468 2360 564 2395 νηκτὴ,
586 2362 659 2387 πᾶσα
674 2361 701 2388 δὲ
719 2361 767 2388 καὶ
789 2360 860 2396 πεζὴ
874 2361 993 2395 γένεσις,

203 2405 219 2440 ἡ
237 2405 285 2440 μὲν
300 2406 475 2440 προέρχεται,
487 2407 504 2441 ἡ
519 2406 548 2433 δὲ
558 2407 766 2441 ἐπαγγέλλεται,
782 2409 798 2443 ὴ
812 2408 840 2434 δὲ
851 2408 994 2444 τρέφεται,

203 2453 221 2487 ἡ
241 2453 263 2479 δ’
281 2452 343 2489 ἄρτι
359 2453 405 2479 καὶ
425 2454 605 2489 κεκρυμμένη
623 2454 766 2488 φαίνετον
783 2455 817 2481 τὰ
836 2455 886 2490 μὲν
903 2455 941 2486 ὡς
961 2456 993 2482 ὲκ

203 2498 334 2532 θαλάμων
347 2499 519 2531 ἐπιφαίνεται
531 2499 585 2526 τῶν
597 2500 684 2535 ὀρῶν·
702 2500 738 2526 τὰ
753 2501 781 2527 δὲ
798 2501 835 2532 ὡς
853 2501 884 2527 ὲκ
899 2501 993 2535 τάφων

202 2544 256 2571 τῶν
269 2545 343 2571 ὀπῶν
358 2545 537 2580 ἀναφαίνεται
551 2555 557 2562 ·
579 2547 614 2574 τὰ
632 2547 681 2582 μὲν
700 2546 739 2582 τῷ
752 2547 843 2582 γάμῳ,
860 2547 894 2574 τὰ
910 2547 937 2574 δὲ
955 2547 993 2583 τῷ

202 2592 274 2626 τόκῳ
287 2591 430 2627 τέρπεται,
450 2594 527 2627 κοινῇ
541 2593 569 2619 δὲ
589 2593 680 2620 πάντα
694 2593 802 2625 πάντως
819 2593 912 2630 κοινὴν
932 2595 994 2630 ἐορ-

202 2637 251 2671 τὴν
264 2637 360 2671 ἄγουσι
379 2638 427 2665 καὶ
448 2638 576 2673 ᾅδουσιν,
597 2639 627 2665 οὐ
645 2639 693 2674 τὴν
709 2639 906 2675 δημιουργίαν,
930 2641 993 2675 ἐμοὶ

201 2683 290 2709 δοκεῖν
303 2704 310 2715 ,
334 2684 461 2710 τοσοῦτον
477 2684 528 2719 τῆς
545 2685 661 2716 κτίσεως
673 2705 680 2717 ,
696 2685 737 2711 ὅτι
760 2686 806 2711 καὶ
823 2686 893 2712 κατὰ
917 2687 992 2713 τόνδε

201 2727 247 2753 τὸν
258 2728 354 2763 καιρὸν
367 2729 472 2764 ὑπέστη
484 2729 514 2755 τὸ
525 2729 589 2762 πᾶν,
605 2729 671 2755 ἀλλὰ
690 2730 736 2755 καὶ
749 2730 797 2765 τὴν
814 2733 991 2767 καινουργίαν

201 2774 251 2809 τῆς
269 2775 407 2814 ἡμετέρας
423 2775 539 2808 φύσεως.

1044 2224 1136 2252 cuudo
1162 2231 1284 2261 aspectu,
1306 2232 1333 2255 et
1358 2228 1540 2256 animantium
1562 2230 1690 2265 tripudiis
1706 2231 1832 2261 oblectat.

1045 2272 1124 2300 Nunc
1136 2278 1163 2300 ct
1174 2279 1269 2308 parata
1285 2279 1444 2310 tempestas,
1462 2280 1491 2303 et
1505 2276 1639 2304 elementa
1655 2283 1716 2312 apte
1731 2282 1834 2314 tempe-

1047 2325 1115 2351 rata,
1134 2324 1162 2346 ct
1181 2320 1252 2347 venti
1270 2321 1389 2348 molliter
1415 2321 1577 2354 lambentes.
1593 2327 1620 2350 et
1644 2324 1755 2360 zephyri
1772 2333 1836 2352 sna-

1045 2366 1115 2392 viter
1128 2366 1274 2400 spirantes,
1297 2370 1325 2394 et
1347 2360 1583 2403 llumina’placide
1600 2368 1786 2403 decurrentia,
1810 2375 1838 2400 et

1046 2410 1136 2439 fontes
1157 2412 1285 2447 frigidum
1314 2413 1513 2448 limpidumque
1539 2414 1647 2442 laticem
1674 2421 1836 2449 manantes.

1045 2464 1073 2486 et
1102 2459 1151 2487 riri
1180 2460 1277 2487 leniter
1306 2466 1447 2489 sonantes.
1478 2461 1557 2490 Nunc
1583 2467 1680 2491 natura
1710 2465 1837 2493 universa

1046 2505 1168 2532 sobolem
1198 2513 1275 2533 suam
1292 2514 1342 2534 ceu
1370 2508 1471 2535 donum
1488 2516 1596 2544 sponsat
1623 2509 1744 2543 profert;
1765 2519 1839 2538 nunc

1046 2551 1136 2578 omnis
1151 2552 1313 2586 volatiliuttt,
1332 2553 1423 2581 omnis
1439 2556 1592 2582 natantium
1609 2575 1617 2588 ,
1643 2556 1732 2583 omnis
1753 2560 1838 2583 terre-

1049 2596 1146 2624 striutn
1162 2598 1328 2632 procreatio,
1354 2602 1381 2625 (ιι
1397 2599 1450 2625 alia
1473 2599 1582 2634 quidem
1599 2600 1689 2634 proles
1705 2600 1732 2627 itt
1748 2601 1836 2628 lucem

1047 2643 1147 2677 prodit,
1175 2643 1227 2670 alia
1242 2644 1422 2678 promittitur,
1451 2645 1503 2672 alia
1523 2647 1653 2677 nutritur.
1672 2647 1737 2678 alia,
1756 2648 1837 2681 paulo
1867 2650 1870 2656 '

1047 2693 1108 2716 ante
1125 2689 1215 2717 :tdltuc
1231 2691 1402 2723 abscondita,
1423 2700 1453 2719 se
1470 2692 1628 2721 manifestat
1643 2701 1650 2720 :
1674 2693 1737 2720 ltittc
1754 2694 1836 2722 Veluti

1045 2742 1060 2762 c
1077 2735 1204 2762 thalamis
1222 2743 1305 2771 super
1330 2743 1437 2765 montes
1453 2743 1594 2773 apparent,
1613 2739 1701 2766 indea
1725 2733 1844 2767 roranti?

1045 2780 1125 2808 nihtts
1146 2781 1228 2808 vrluti
1247 2790 1260 2809 a
1285 2783 1419 2818 sepulcris
1447 2789 1606 2820 erumpunt,
1630 2785 1706 2813 illinc
1722 2786 1835 2821 nuptiis,

201 2821 243 2847 Vri
271 2825 350 2855 partu
368 2822 496 2857 gaudent,
515 2827 542 2849 et
565 2830 679 2857 prorsus
712 2823 804 2850 omttia
830 2831 1003 2852 commonent
1027 2826 1108 2853 simul
1124 2833 1208 2861 agunt
1241 2828 1455 2862 solemnitatem,
1482 2833 1508 2856 et
1529 2837 1629 2857 canora
1648 2838 1712 2858 voce
1736 2839 1836 2859 conce—

203 2869 306 2896 lebrant
328 2877 380 2896 nott
396 2870 517 2905 quidem,
552 2876 581 2898 ut
605 2871 671 2898 ntilti
713 2873 828 2903 videtur.
856 2881 946 2900 rerum
983 2876 1105 2902 omniunt
1125 2878 1316 2905 tantummodo
1343 2879 1508 2906 creationem
1548 2879 1622 2913 (nam
1649 2885 1674 2907 et
1703 2881 1753 2909 hoc
1772 2883 1838 2911 anni

203 2920 324 2950 tempore
341 2916 432 2943 omnia
456 2922 544 2943 creata
562 2918 646 2950 sunt),
665 2918 710 2944 sed
730 2919 799 2945 hanc
816 2927 924 2954 quoque
941 2925 1044 2948 natura:
1063 2925 1162 2949 noslrm
1181 2922 1396 2953 renovatipnem.

363 2963 495 2992 ΡΑτιῑιιι..
519 2964 579 2994 Gn.
601 2965 679 2995 CH.

1571 2972 1610 3000 27
