2092 3157
204 210 260 243 845

598 208 726 240 SERMO
744 208 785 239 IN
805 208 859 239 SS.
880 207 1058 238 DEIPAR/E
1079 205 1440 237 ANNUNTIATIONEM.

1782 204 1836 236 816

242 268 303 295 AZ’.
330 267 427 303 Χαῖρε,
449 265 551 302 μείζων
567 266 614 293 καὶ
627 267 681 293 τῶν
703 266 794 292 ἀΰλων
807 265 877 292 νόων
893 265 939 292 καὶ
954 264 997 291 λό-
1011 298 1013 303 Α

1086 263 1217 291 XXXVII.
1231 264 1297 295 Ave,
1313 263 1393 299 cujus
1407 261 1501 289 laudes
1524 268 1557 289 ne
1584 261 1636 297 ipsi
1652 261 1764 297 quidem
1779 269 1836 290 ete-

205 321 262 348 γων
277 313 396 345 ἔπαινος·
410 312 504 348 θαῦμα
518 313 569 348 οὐχ
583 312 703 347 ὑμνητὸν
716 312 776 338 ὅλον
791 312 847 343 τοῖς
860 311 996 347 Σεραφὶμ,

204 359 265 386 οὐδὲ
284 359 380 386 θεατὸν
404 359 464 386 ὅλον
482 359 538 390 τοῖς
562 358 716 393 Χερουϐὶμ,
740 358 801 385 οὐδὲ
822 357 996 392 καταληπτὸν

204 407 265 433 ὅλον
280 407 339 437 ταῖς
354 405 430 436 ὅλαις
443 405 624 440 ύψηλοτέραις
639 403 874 438 ἦταπεινοτέραις
891 402 995 435 τάξεσι.

205 451 303 486 Χαῖρε,
321 450 395 486 χαρᾷ
422 450 471 485 μὲν
490 449 686 485 συλληφθεῖσα,
711 449 783 484 χαρᾷ
801 448 829 475 δὲ
851 448 995 483 κυηθεῖσα,

206 498 279 534 χαρᾷ
289 498 318 524 δὲ
332 498 380 523 καὶ
390 496 527 532 τεχθείσα·
542 497 614 532 χαρᾷ
627 496 655 522 δὲ
668 494 746 527 αὖθις
757 495 804 522 καὶ
814 494 994 526 συλλαϐοῦσα,

206 545 255 572 καὶ
269 545 407 579 κυήσασα,
422 544 469 570 καὶ
481 544 637 579 γεννήσασα
651 543 739 578 χαρὰν
752 542 801 577 τὴν
813 543 901 568 πάντα
916 540 994 574 λόγον

207 592 255 618 καὶ
269 591 332 618 νοῦν
345 590 544 626 ὑπερέχουσαν,
559 590 606 616 καὶ
622 589 652 616 τὸ
669 589 730 616 ὅλον
745 589 845 622 εἰπεῖν,
859 588 931 623 χαρὰ
943 587 998 614 τῶν

206 637 336 671 ἐπιγείων
355 638 424 664 ὅλων
442 636 490 663 καὶ
505 636 639 672 οὐρανίων
655 635 735 667 ὅλων,
752 635 799 661 τοῦ
814 635 909 669 γένους
931 633 999 660 καύ-

207 693 294 720 χημα,
319 683 374 709 τῶν
396 683 521 718 ούρανων
543 681 736 716 καλλώπισμα,
762 680 817 708 τῶν
835 679 1000 716 ἀμφοτέρων

208 731 318 766 κόσμων
334 731 503 765 κατάκοσμε.

1050 309 1112 337 Iitcs
1119 313 1167 336 aut
1179 309 1343 344 cogitatione
1358 308 1467 343 assequi
1484 311 1532 335 aut
1545 315 1672 336 sermone
1682 307 1779 335 em-rrc
1792 316 1838 334 vu-

1049 355 1113 383 Ient.
1132 356 1198 387 Ave,
1217 355 1370 390 prodigium
1397 355 1469 390 quod
1498 361 1588 389 neque
1618 355 1761 389 Seraphim
1789 362 1839 390 pro

1050 402 1149 429 merito
1170 401 1317 431 celebrare.
1336 408 1422 436 neque
1446 400 1594 428 Cberubim
1615 407 1649 428 ex
1669 399 1743 427 omni
1762 404 1840 435 parte

1049 455 1171 480 cernere,
1187 455 1274 482 neque
1295 447 1368 474 acies
1388 447 1442 474 ulla
1458 447 1583 474 ordinum
1605 446 1756 474 caelestium
1781 447 1840 473 sive

1048 494 1240 521 sublimiorum
1259 493 1316 520 sive
1332 492 1493 520 inferiorum
1510 493 1618 528 penitus
1634 493 1774 528 pervidere
1791 500 1840 526 po-

1049 544 1112 568 test.
1125 539 1192 572 Ave,
1210 546 1270 574 qua;
1285 543 1312 566 et
1339 539 1365 566 in
1395 539 1495 573 gaudio
1518 543 1648 572 concepta
1671 537 1755 569 fuisti,
1767 541 1793 565 et
1811 537 1839 564 in

1049 584 1149 620 gaudio
1161 589 1265 619 gestata
1281 584 1307 611 in
1321 589 1409 616 utero,
1423 589 1450 611 et
1463 583 1490 610 in
1503 584 1603 618 gaudio
1614 583 1697 611 etiam
1711 583 1737 610 in
1750 583 1839 610 lucem

1048 632 1138 664 edita;
1154 635 1236 665 atque
1251 631 1350 658 iterum
1367 637 1427 665 quae
1438 630 1464 657 in
1477 630 1574 665 gaudio
1591 634 1619 657 et
1638 629 1799 664 concepisti,
1811 634 1840 656 et

1050 676 1162 711 gestasti
1178 675 1205 703 in
1218 681 1306 708 utero,
1317 680 1343 702 et
1358 675 1486 710 peperisti
1502 674 1629 710 gaudium
1645 674 1716 709 quod
1729 681 1840 701 omnem

1051 723 1154 759 pariter
1186 729 1340 750 sermonem
1377 721 1625 756 cogitationemque
1654 720 1840 751 transcendit;

207 786 334 814 quzequc,
350 781 378 805 ut
409 778 500 805 omnia
520 776 698 811 complectar,
715 775 844 811 gaudium
874 772 1002 801 exstitisti
1041 769 1213 799 terrestrium
1240 770 1375 803 omnium,
1410 768 1589 804 omniumque
1613 768 1777 801 caelestium,
1795 775 1842 803 ge-

209 824 284 853 neris
316 824 403 852 nostri
432 823 568 858 gloriatio,
583 823 716 850 eoelorum
741 822 835 854 decus,
854 821 997 855 utriusque
1017 818 1111 846 mundi
1127 821 1329 844 ornamentum.

245 894 312 921 ΔΗΖ
324 893 422 928 Χαῖρε,
436 893 485 928 τῆς
499 892 588 928 λύπης
603 893 620 927 ἡ
632 892 720 923 λύσις,
735 892 785 927 τῆς
798 891 899 928 ἔχθρας
913 891 998 918 κατά-

211 940 299 972 λυσις,
315 941 365 976 τῆς
379 939 570 975 αἰχμαλωσίας
593 940 610 975 ἡ
624 939 771 974 λύτρωσις,
791 939 808 973 ἡ
821 938 875 965 τῶν
892 937 999 971 θνητῶν

1088 887 1231 916 XXXVIII.
1252 888 1321 922 Ave,
1337 887 1440 914 doloris
1453 887 1566 919 solutio,
1579 886 1730 914 destructio
1751 886 1842 913 inimi-

1037 935 1132 968 _eitia',
1149 934 1315 970 captivitatis
1340 933 1502 969 redemptio,
1520 932 1677 960 mortalium
1699 931 1734 959 ad
1758 932 1842 959 Deum

211 987 319 1019 θέωσις,
338 987 354 1022 ὴ
369 986 416 1013 τοῦ
436 986 505 1013 Θεοῦ
527 986 675 1021 σάρκωσις.
690 986 788 1020 Χαῖρε,
804 985 858 1012 τῶν
873 984 967 1011 δεινῶν
982 985 1000 1019 ἡ

1055 982 1169 1014 evectio,
1186 986 1212 1009 et
1228 980 1276 1008 Dei
1296 987 1358 1008 cum
1374 987 1458 1007 carne
1475 979 1643 1014 eonjunctio.
1660 978 1726 1010 Ave,
1741 985 1844 1005 aerum-

210 1032 367 1067 ὰπαλλαγὴ,
380 1032 435 1059 τῶν
449 1032 621 1067 ἁμαρτωλῶν
633 1032 649 1066 ἡ
665 1031 834 1065 καταλλαγὴ,
849 1031 904 1057 τῶν
918 1031 1002 1057 ἑστώ-

209 1087 265 1105 των
281 1078 428 1113 ἀσφάλεια,
442 1078 496 1104 τῶν
510 1077 666 1104 πιπτόντων
681 1076 842 1111 ἀνάκλησις,
857 1077 910 1103 τῶν
922 1083 1003 1103 σπου-

211 1124 347 1156 δαζόντων
372 1124 517 1156 ἐπίτασις,
544 1122 600 1150 τῶν
628 1121 823 1158 ῥᾳθυμούντων
847 1121 1000 1157 διέγερσις,

211 1169 266 1196 τῶν
276 1169 460 1198 εὐεκτούντων
473 1169 561 1204 ἰσχὺς,
575 1169 630 1195 τῶν
639 1168 799 1203 καμνόντων
808 1167 890 1199 ἴασις.
903 1168 1001 1201 Χαῖρε,

211 1217 265 1243 τῶν
279 1216 385 1252 ἀρετῶν
399 1217 475 1252 πηγή
489 1225 518 1242 τε
529 1215 587 1251 ἆμα
600 1215 648 1242 καὶ
659 1214 750 1250 όδηγὲ,
764 1214 912 1250 παρθενίας
923 1214 1003 1245 ἄνθος

211 1263 279 1298 ὁμοῦ
296 1264 343 1289 καὶ
362 1262 435 1298 ῥίζα,
458 1262 490 1289 τὸ
507 1262 556 1297 μὲν
578 1263 704 1296 φανεῖσα,
726 1263 758 1288 τὸ
771 1261 799 1288 δὲ
814 1261 941 1288 τεκοῦσαο
956 1261 1003 1288 καὶ

212 1310 260 1337 νῦν
271 1310 315 1337 διὰ
330 1309 360 1336 σέ
377 1318 407 1336 τε
421 1309 469 1336 καὶ
489 1309 534 1336 διὰ
549 1308 595 1335 σοῦ
610 1308 645 1335 τὰ
661 1307 763 1343 ταύτης
778 1308 849 1342 φυτὰ
864 1307 1002 1343 πανταχοῦ

213 1357 294 1392 κομᾷ·
311 1356 445 1391 καρτερία
457 1356 514 1387 τοῖς
526 1355 671 1389 ἀσκηταῖς,
686 1354 781 1390 ἀνδρία
792 1355 849 1386 τοῖς
861 1354 1001 1389 ἀθληταῖς,

213 1403 397 1438 εὔσπλαγχνία
411 1403 468 1434 τοῖς
484 1402 602 1438 ἔχουσιν,
617 1401 733 1436 εὐψυχία
756 1402 813 1433 τοῖς
828 1401 937 1436 πένησι,
954 1409 1002 1427 τα-

213 1449 413 1484 πεινοφροσύνη
429 1450 486 1480 τοῖς
503 1448 628 1483 ὑψηλοῖς,
645 1447 872 1483 μεγαλοφροσύνη
884 1448 941 1479 τοῖς
953 1455 1004 1474 τα-

213 1497 325 1527 πεινοῖς,
357 1495 538 1529 ὀδυνωμένοις
564 1494 755 1529 παράκλησις,
779 1493 1004 1528 εὑφραινομένοις

213 1542 372 1577 ἐγκράτεια⁸
384 1541 433 1576 οὐχ
446 1540 517 1567 οὓτω
529 1539 757 1574 παιδαγωγούσης
772 1540 864 1574 μόνον,
875 1538 943 1565 ἀλλὰ
956 1539 1004 1565 καὶ

213 1587 406 1623 προτυπούσης
423 1586 576 1622 ἀμφότερα·
591 1586 622 1613 τὸ
644 1586 704 1621 μὲν,
720 1585 764 1612 ὅτε
787 1594 834 1612 σου
848 1585 898 1620 τὴν
913 1584 1005 1620 ψυχὴν

215 1633 337 1668 ῥομφαία
351 1633 488 1669 διήρχετο,
503 1633 535 1660 τὺ
552 1633 575 1659 δ’
594 1633 639 1659 ὅτε
659 1640 706 1659 σου
721 1631 772 1667 τὴν
789 1631 882 1668 φωνὴν
897 1633 911 1658 ό
925 1631 1004 1666 λόγος

214 1681 264 1716 τὴν
278 1680 425 1717 χαροςοιὺν
444 1679 678 1716 προσεφθέγγετο.

251 1820 312 1848 ΛΘ’.
330 1821 426 1855 Χαῖρε,
453 1818 534 1846 θείων
555 1817 676 1854 χαρίτων
691 1813 776 1849 οἶκος,
798 1815 939 1852 βασιλικὸς
955 1814 1006 1850 τῆς

214 1867 330 1904 Τριάδος
354 1866 476 1901 θάλαμος
489 1886 496 1898 ,
522 1865 551 1892 ἐν
573 1861 595 1900 ᾦ
610 1864 666 1891 τῶν
688 1863 801 1898 ἀγαθῶν
824 1862 851 1889 οἱ
870 1861 1006 1897 θησαυροὶ

215 1914 334 1946 πάντων,
361 1912 456 1948 σοφίας
478 1911 604 1943 πλοῦτος,
625 1910 737 1946 ἀνδρίας
759 1909 852 1944 ὄγκος,
867 1907 1004 1939 εὐϐουλία,

216 1959 333 1992 σύνεσις,
352 1958 454 1994 δωρεαὶ
468 1958 567 1993 λόγων,
590 1956 858 1992 ἀρχαὶ-σκήπτρων,
884 1953 1006 1991 παροχαὶ

214 2005 349 2038 πλούτων,
363 2005 527 2041 ἀξιωμάτων
542 2002 688 2039 ὑπεροχαὶ,
704 2001 840 2036 εὖτεχνίαι
857 2002 904 2028 καὶ
922 2001 1005 2035 εὐγα-

217 2053 277 2088 μίαι
291 2052 339 2079 καὶ
355 2051 504 2083 εὐτεκνίαι,
517 2050 639 2085 εὐφωνία
650 2048 699 2076 καὶ
710 2047 824 2081 εὐταξία
840 2048 888 2074 καὶ
901 2048 1004 2081 εὐεξία,

215 2099 323 2132 κάλλος,
343 2097 431 2134 ίσχύς·
458 2097 507 2125 καὶ
521 2097 596 2127 ὅπως
610 2097 639 2123 ὲν
654 2095 729 2131 μέσῳ
746 2094 888 2129 παροπτέα
909 2102 954 2129 μοι
972 2094 1007 2121 τὰ

217 2144 304 2180 μικρὰ
316 2145 364 2171 καί⁴
379 2142 524 2176 σωματικὰ
545 2141 623 2177 μόνα,
638 2141 711 2173 λέγω
727 2139 756 2166 δὲ
771 2139 807 2166 τὰ
819 2138 866 2166 τοῦ
879 2139 1005 2174 Πνεύμα-

214 2200 270 2223 τος·
282 2190 414 2226 ῖίαμάτων
427 2189 526 2224 πηγαὶ,
546 2188 607 2224 ῥοαὶ
628 2187 765 2222 δακρύων,
781 2186 860 2222 εὐχαὶ
876 2186 1005 2221 καθαραὶ,

215 2238 263 2265 καὶ
277 2237 345 2264 Θεοῦ
361 2236 486 2272 πλησίον,
501 2234 603 2269 γνῶσις
620 2233 736 2268 Δογίων,
750 2231 924 2263 διδασκαλίας
942 2231 1007 2266 ῥεύ-

217 2292 299 2319 ματα,
318 2282 482 2318 προοράσεις
506 2281 553 2307 καὶ
574 2279 712 2315 διοράσεις
725 2299 732 2311 ,
756 2277 905 2313 διακρίσεις
925 2285 1006 2304 πνευ-

216 2329 311 2364 μάτων
330 2338 360 2355 τε
379 2328 427 2354 καὶ
452 2326 636 2362 πραγμάτων,
659 2326 707 2351 καὶ
726 2325 771 2351 ἵνα
791 2322 910 2350 συνελὼν
925 2323 1004 2354 εἴπω,

1054 1036 1151 1056 narum
1167 1027 1302 1062 depulsio.
1312 1030 1486 1062 peccatorum
1503 1024 1699 1056 reconciliatio,
1712 1025 1843 1052 stantium

1053 1074 1199 1106 securitas,
1211 1073 1350 1108 lapsorum
1364 1071 1510 1104 restitutio,
1526 1076 1638 1099 strenue
1651 1070 1790 1106 agentium
1804 1077 1846 1097 ar-

1053 1121 1120 1147 dens
1142 1119 1274 1151 studium,
1291 1118 1458 1153 torpentium
1483 1117 1702 1148 incitamentum,
1717 1116 1785 1143 bene
1799 1123 1845 1143 va-

1054 1166 1167 1193 lentium
1186 1165 1312 1198 ﬁrmitas,
1324 1164 1514 1200 :egrotantium
1529 1164 1617 1191 salus.
1631 1162 1699 1196 Ave,
1712 1162 1845 1190 virtutum

1054 1212 1178 1240 scatebra
1202 1211 1285 1239 simul
1308 1215 1335 1238 et
1350 1210 1458 1241 semita,
1474 1201 1641 1244 virginitatis
1657 1209 1708 1237 ﬂos
1724 1209 1805 1236 simul
1819 1213 1848 1236 et

1054 1258 1142 1290 radix,
1159 1257 1224 1285 illud
1241 1256 1351 1292 quidem
1378 1263 1428 1292 pro
1454 1263 1488 1283 eo
1508 1255 1585 1291 quod
1602 1256 1661 1291 ipsa
1681 1255 1846 1291 apparuisti,

1054 1304 1125 1331 iatud
1143 1311 1208 1331 vero
1233 1310 1282 1338 pro
1299 1310 1332 1330 eo
1355 1301 1429 1337 quod
1456 1301 1486 1329 in
1502 1301 1591 1329 lucem
1614 1301 1742 1335 edidisti;
1759 1309 1848 1337 quan-

1054 1358 1136 1386 quam
1153 1358 1226 1377 nunc
1244 1350 1326 1377 etiam
1340 1353 1452 1384 propter
1467 1353 1494 1376 te
1519 1352 1547 1376 et
1566 1355 1616 1384 per
1639 1352 1665 1376 te
1688 1347 1847 1382 huiusmodi

1054 1397 1153 1432 planta:
1166 1396 1268 1430 ubique
1282 1395 1426 1423 frondibus
1440 1395 1597 1422 virescunt:
1611 1398 1766 1422 ascetarum
1784 1395 1848 1422 abs-

1054 1443 1184 1475 tinentia,
1211 1442 1374 1470 certantium
1391 1441 1492 1474 robur,
1510 1440 1626 1468 divitum
1645 1440 1847 1473 misericordia,

1054 1495 1205 1524 pauperum
1224 1486 1365 1523 patientia,
1381 1486 1525 1521 grandium
1542 1485 1696 1518 humilitas,
1713 1489 1740 1513 et
1756 1485 1850 1513 humi-

1055 1535 1122 1562 lium
1139 1533 1363 1569 magnanimitas,
1374 1532 1552 1560 maerentium
1568 1532 1703 1564 solamen,
1714 1536 1742 1559 et
1759 1531 1848 1567 tripu-

1055 1581 1189 1608 diantium
1203 1579 1401 1615 temperantia;
1415 1579 1560 1613 utriusque
1577 1578 1650 1606 enim
1665 1577 1775 1605 virtutis
1792 1584 1848 1606 non

1055 1626 1184 1661 magistra
1205 1625 1296 1658 modo,
1314 1625 1362 1652 sed
1375 1629 1403 1652 et
1418 1624 1574 1658 exemplum
1595 1623 1718 1655 exsistis,
1732 1622 1849 1651 alterius

1017 1684 1039 1714 ρ
1057 1671 1168 1707 quidem
1190 1670 1300 1706 quando
1322 1674 1396 1697 tuam
1415 1669 1502 1704 ipsius
1523 1668 1642 1696 animam
1668 1667 1772 1696 doloris
1789 1667 1850 1703 gla-

1057 1719 1120 1747 dius
1148 1717 1322 1753 pertransivit
1337 1717 1372 1750 ’⁵,
1385 1717 1499 1745 alterius
1526 1724 1591 1744 vero
1617 1715 1729 1751 quando
1753 1722 1850 1744 voeem

1057 1765 1132 1793 illam
1149 1764 1241 1793 laetitia
1255 1764 1363 1800 plenam
1381 1771 1471 1791 sermo
1485 1767 1548 1790 tuus
1568 1762 1692 1798 protulit.

1094 1811 1217 1839 XXXIX.
1231 1812 1298 1843 Ave.
1311 1810 1466 1838 divinasum
1478 1809 1628 1845 gratiarum
1640 1808 1749 1841 domus,
1757 1808 1851 1844 regius
1901 1844 1907 1848 _

1058 1857 1202 1886 Trinitatis
1214 1857 1363 1889 thalamus,
1377 1857 1404 1884 in
1418 1863 1474 1892 quo
1494 1855 1628 1883 reconditi
1643 1861 1708 1883 sunt
1726 1856 1852 1883 omnium

1058 1905 1193 1932 bonorum
1208 1903 1343 1937 thesauri,
1356 1903 1459 1930 divitia:
1483 1901 1638 1937 sapientiae,
1652 1901 1760 1929 virtutis
1782 1902 1852 1928 emi-

1058 1950 1162 1983 nentia,
1189 1949 1354 1981 consilium,
1387 1948 1558 1980 intellectus,
1582 1947 1654 1975 dona
1681 1954 1851 1979 sermonum,

1059 2000 1230 2030 sceptrorum
1245 1994 1409 2027 dominatio,
1425 2001 1508 2028 opum
1520 1993 1700 2028 dispensatio,
1713 1993 1851 2020 honorum

1058 2041 1224 2073 sublimitas.
1242 2039 1357 2067 scientia
1375 2039 1531 2074 omnigena,
1547 2038 1636 2066 felicia
1653 2038 1801 2070 connubia,
1818 2045 1852 2066 ac

1059 2089 1119 2116 laeta
1136 2087 1259 2120 soboles,
1273 2086 1386 2114 claritas
1409 2085 1495 2118 vocis,
1513 2090 1576 2119 apta
1590 2085 1776 2112 membrorum
1791 2084 1852 2112 disc
1881 2076 1888 2104 ί

1059 2132 1170 2168 positio,
1181 2132 1297 2164 sanitas,
1311 2130 1495 2166 pulchritudo,
1508 2130 1592 2158 robur
1605 2129 1703 2157 virium
1715 2136 1722 2155 :
1739 2133 1767 2157 et
1779 2136 1851 2163 quo-

1059 2181 1131 2207 niam
1148 2179 1249 2207 Ieviora
1266 2179 1318 2206 ista
1330 2182 1356 2205 et
1372 2183 1446 2205 mere
1460 2176 1614 2212 corporalia
1629 2179 1723 2211 utpote
1735 2175 1851 2203 minoris

1059 2225 1188 2254 momenti
1216 2223 1405 2260 posthabenda
1427 2227 1502 2256 sunt,
1514 2227 1542 2250 et
1565 2229 1597 2249 ea
1612 2229 1688 2255 sane,
1702 2229 1763 2256 qua:
1786 2225 1852 2249 sunt

1059 2273 1183 2308 spiritus,
1194 2271 1319 2306 adjiciam
1330 2279 1338 2303 ;
1351 2269 1533 2298 remediorum
1545 2267 1738 2302 scaturigines,
1749 2266 1851 2296 imbres

1060 2321 1253 2354 lacrymarum,
1269 2316 1377 2344 mundat
1405 2322 1511 2350 preces.
1533 2313 1676 2341 familiaris
1706 2320 1768 2341 cum
1795 2312 1851 2340 Deo

214 2358 304 2413 χαῖρε,
320 2376 455 2402 Δέσποινα
531 2358 648 2407 ’ἀγαθῶν
661 2373 803 2402 ἁπάντων,
820 2371 866 2397 καὶ
881 2369 1006 2405 ἀμφοτέ-

1060 2365 1239 2397 consuetudo,
1251 2369 1393 2391 sacrarum
1407 2361 1571 2388 Litterarum
1583 2359 1710 2391 scientia,
1721 2358 1852 2386 doctrina:

218 2431 271 2457 ρων
283 2421 439 2457 διακόσμων
452 2420 596 2452 Δέσποινα,
610 2419 627 2454 ὴ
639 2418 729 2445 πάντα
742 2417 834 2449 πᾶσιν,
846 2413 888 2448 οἷς
901 2415 948 2442 xz).
962 2415 1007 2441 ὅτε

216 2469 263 2496 καὶ
278 2469 327 2496 ὅσα
344 2467 391 2494 καὶ
406 2465 452 2493 οἶα
467 2466 565 2499 θέλεις,
578 2464 764 2500 παρεχομένη.

1060 2412 1173 2444 ﬂuenta,
1190 2409 1383 2446 prospicientia
1409 2412 1438 2435 et
1459 2406 1664 2442 perspicientia,
1681 2409 1709 2432 et
1727 2405 1754 2432 in
1770 2404 1852 2439 spiri-

1060 2459 1134 2486 tibus
1143 2454 1363 2484 internoscendis
1375 2454 1452 2489 juxta
1464 2460 1497 2480 ac
1514 2452 1595 2480 rebus
1607 2450 1734 2487 gerendis
1747 2450 1852 2478 discre—

217 2515 265 2551 ιῐο,
284 2521 311 2544 et
337 2521 367 2544 ut
390 2516 485 2551 paucis
507 2513 598 2542 omnia
620 2497 793 2542 contraham,
823 2516 884 2541 ave,
913 2507 1028 2536 Domina
1046 2506 1181 2534 bonorum
1214 2503 1348 2536 omnium,
1364 2506 1392 2529 et
1416 2500 1522 2529 ordinis
1546 2500 1693 2534 utriusque
1718 2497 1851 2526 Domina»

215 2550 277 2600 qua:
291 2550 417 2591 omnibus
432 2561 536 2594 omnia,
552 2559 652 2594 quibus
663 2563 689 2586 et
702 2557 811 2592 quando
823 2561 850 2583 et
864 2559 967 2591 quanta
978 2558 1005 2581 et
1023 2552 1116 2588 qualia
1126 2550 1178 2584 vis,
1191 2550 1346 2584 dispensas.

250 2634 296 2663 M'.
314 2633 406 2662 Ταῦτά
426 2641 467 2660 σοι
485 2632 500 2658 ὁ
515 2630 612 2667 μικρὸς
628 2630 684 2664 ἑγὼ
699 2628 747 2656 καὶ
762 2628 816 2660 πᾶς
830 2627 891 2663 μὲν,
906 2626 951 2653 διὰ
963 2625 1009 2652 τὸν

217 2681 302 2716 Λόγον
319 2681 366 2708 καὶ
381 2680 432 2715 τὴν
448 2678 532 2713 ἄλλην
553 2678 643 2704 πᾶσαν
669 2677 716 2702 καὶ
731 2675 811 2711 χάριν
836 2673 884 2700 καὶ
900 2672 1007 2705 ἐλπίδα,

217 2728 274 2760 σὸς,
290 2729 321 2754 οὐ
347 2727 448 2758 πᾶς’δὲ
469 2726 514 2752 διὰ
528 2725 575 2751 τὸν
589 2724 700 2759 τρόπον,
722 2722 801 2756 ὀλίγα
821 2720 875 2748 τῶν
889 2720 954 2751 σῶν,
969 2716 1008 2746 ὧν

217 2775 346 2811 ἐχαρίσω,
368 2775 452 2801 πολὺν
475 2774 524 2809 μὲν
539 2772 583 2799 διὰ
596 2771 642 2798 τὸν
658 2770 742 2797 πολὺν
757 2769 838 2803 φόϐον
854 2767 1009 2802 ὲπεχόμενα

216 2821 324 2856 χρόνον,
337 2820 415 2854 ἄφνω
429 2819 457 2846 δὲ
473 2817 626 2854 ἐκραγέντα
646 2815 691 2842 διὰ
703 2814 747 2842 τὸν
763 2812 858 2846 πόθον,
873 2813 920 2839 καὶ
933 2819 1011 2847 νικη-

216 2867 298 2894 θέντα
311 2866 350 2901 τῷ
362 2865 465 2893 πλείονί
477 2873 507 2891 τε
521 2865 567 2892 καὶ.
585 2862 733 2898 κρείττονι,
753 2861 792 2892 είς
807 2859 886 2891 δόξαν
898 2858 946 2886 τοῦ
963 2857 1010 2885 σοῦ

254 2948 275 2963 ¹¹¹
292 2945 357 2974 Luc.
374 2953 404 2977 ιι.
423 2944 467 2971 35.

1099 2622 1156 2650 XL.
1169 2621 1233 2649 Haec
1252 2621 1278 2648 in
1295 2620 1402 2647 Iaudem
1427 2623 1501 2646 tuam
1517 2624 1567 2653 ego
1585 2615 1719 2648 misellus,
1736 2619 1763 2642 et
1777 2618 1851 2642 totus

1060 2677 1126 2698 sane
1137 2676 1200 2696 cum
1220 2671 1330 2702 propter
1351 2665 1471 2693 Verbum
1492 2669 1548 2692 tum
1566 2660 1680 2698 propter"
1692 2662 1773 2689 aliam
1791 2668 1852 2688 om-

1061 2724 1123 2744 nem
1139 2720 1166 2743 et
1184 2714 1299 2750 gratiam
1314 2717 1342 2741 et
1363 2719 1438 2747 spem
1462 2715 1537 2743 tuus,
1557 2709 1604 2737 sed
1620 2716 1674 2735 non
1697 2712 1771 2735 totus
1788 2711 1851 2735 tuus

1062 2769 1111 2797 per
1123 2761 1185 2788 vita:
1200 2760 1346 2791 rationem,
1358 2757 1427 2789 haec,
1440 2757 1563 2791 inquam,
1580 2762 1666 2790 pauca
1682 2761 1716 2781 ex
1734 2753 1778 2784 iis,
1790 2760 1852 2788 (pta:

1063 2808 1131 2836 mihi
1145 2807 1242 2842 largita
1254 2814 1293 2838 es,
1303 2805 1350 2833 diu
1363 2804 1399 2831 ob
1410 2803 1546 2837 ingentem
1560 2800 1731 2828 formidinem
1742 2799 1852 2826 silentio

1064 2861 1236 2890 compresso,
1265 2851 1412 2887 derepente
1427 2853 1518 2878 autem
1548 2848 1650 2883 impetu
1678 2845 1780 2874 amoris
1801 2852 1852 2874 ex—
