2092 3157
219 203 274 236 849

944 203 996 234 DE
1009 203 1122 234 MALO.

1794 177 1848 238 est)

219 259 255 286 τὰ
268 258 296 286 δὶ
313 257 353 293 τῷ
368 255 424 285 ἶτῶν
439 257 527 285 ἄλλων
549 257 597 285 καὶ
620 257 707 284 νόθων
724 256 796 284 θεῶν
813 256 1006 284 ἀνατεθεῖσθαι

1066 256 1122 284 iliis
1149 256 1242 284 nothis
1260 256 1325 284 deis
1354 251 1521 292 assignatas
1536 264 1598 285 esse
1628 256 1740 292 dicunt;
1761 259 1850 287 solum

219 305 347 339 λέγουσι’
363 305 438 331 τουτὶ
452 304 481 330 δὲ
499 304 581 339 μόνον
597 304 644 330 καὶ
658 304 768 338 φοίνικά
780 312 810 330 τε
822 304 871 331 καὶ
890 304 1006 340 δάφνην,

220 351 259 386 τῷ
283 350 344 376 κατ’
369 350 468 381 αὐτοὺς
492 349 567 384 σοφῷ
590 350 638 376 καὶ
656 350 732 383 καλῴ
758 349 813 383 γὰρ
831 350 940 382 πάντως
960 352 1009 376 καὶ

221 397 292 431 ὑπὲρ
308 396 411 427 πάντας
422 395 527 431 ἀρίστῳ
545 394 667 430 μουσικῷ
681 403 711 421 τε
723 395 771 422 καὶ
782 395 882 431 τοξικῷ
895 396 1010 431 ἰατρικῷ

220 451 250 468 τε
267 442 314 468 καὶ
330 442 455 476 μαντικῷ
477 441 660 476 Ἀπολλωνίῳ,
677 441 707 468 ὃν
723 442 771 468 καὶ
787 441 869 468 αὐτὸν
882 440 952 469 εἶναι
972 442 1011 477 τῷ

220 488 291 523 ἡλίῳ
308 488 418 521 λέγουσι
429 496 437 502 ·
450 487 497 513 καὶ
508 486 546 518 ὡς
557 487 695 522 καλλίστῳ
715 487 762 514 καὶ
782 488 962 523 παγχρήστῳ,
980 488 1011 514 τὸ

220 533 365 561 κάλλιστόν
381 541 411 559 τε
433 533 481 559 καὶ
505 533 682 568 πάγχρηστον
704 533 890 560 ἀνατιθέασιν.
917 533 1011 565 υῦτως

220 578 341 614 ὲξαρχῆς
356 578 446 605 ἀνεῖτο
456 578 494 613 τῷ
505 577 598 604 κάλλει
609 578 657 604 καὶ
668 579 700 613 τῇ
715 578 797 614 σοφίᾳ
811 579 858 605 καὶ
865 580 898 614 τῇ
914 579 1011 615 χρήσει

220 623 251 651 τὸ
263 624 373 659 χρῆμα’
400 623 448 650 καὶ
469 623 556 650 ἐδόκει
571 623 638 649 αὐτὸ
658 623 741 650 καλόν
755 632 784 650 τε
808 625 873 652 ίδεῖν
888 624 946 659 ἅμα
965 625 1012 652 καὶ

219 671 340 706 χρηστὸν
364 670 501 705 βρωθῆναι
519 678 551 696 τε
573 670 621 696 καὶ
645 670 821 706 χρησθῆναι,
842 670 890 698 καὶ
918 672 1012 705 σοφοῖς

220 716 360 752 προσῆκον
370 716 462 742 λαϐεῖν
475 723 481 730 ·
500 715 568 742 ἀλλὰ
580 715 615 742 τὰ
630 716 679 750 μὲν
693 715 749 742 τῶν
762 715 866 750 μύθων⁹
885 717 909 742 εἰ
926 716 1010 748 δοκεῖ,

221 763 328 799 χαίρειν
337 762 438 797 ἐῶμεν.
456 762 527 789 Ὅσα
538 762 566 789 δὲ
577 763 624 789 καὶ
636 762 745 797 βλέπειν
759 763 847 794 ἔξεστι
863 762 910 789 καὶ
921 763 1012 797 λέγειν

222 809 326 844 μέμψις
342 809 392 835 οὐκ
406 808 463 835 ἐστι
476 817 483 824 ·
503 809 611 844 πρῶτον
626 809 676 844 μὲν
691 809 745 844 γὰρ
762 809 892 844 τρέφεται
906 816 1012 835 παντα-

222 855 270 891 χοῦ
281 855 333 891 γῆς
346 856 376 882 τὺ
389 855 471 889 φυτόν
482 863 489 870 ·
504 856 550 882 καὶ
560 855 609 890 οὐχ
624 855 717 890 ὥσπερ
727 855 811 882 τᾶλλα
821 855 874 881 τῶν
884 855 1010 890 δένδρων·

221 901 257 929 τὰ
276 902 326 936 μὲν
336 901 374 936 τῷ
388 901 488 936 ἡμέρῳ
502 901 608 936 χαίρει,
625 901 659 928 τὰ
670 901 699 928 δὲ
732 903 788 933 τοῖς
802 902 895 936 ὄρεσιν
905 901 1009 936 ιείιγατιεᾷ.⁸

221 949 256 975 τὰ
272 949 295 975 δ’
315 949 422 980 οἰκείως
439 948 496 984 ἔχει
512 949 581 984 πρὸς
596 948 732 975 Θάλατταν
742 955 749 964 ⁸
765 948 833 974 ἀλλὰ
844 949 917 975 τουτὶ
931 948 1011 982 μόνον

221 995 275 1021 κάν
289 995 352 1026 ταῖς
366 994 502 1029 κορυφαῖς
518 994 617 1028 φύεται
630 1002 636 1009 ·
653 993 704 1021 κᾶν
719 995 774 1025 τοῖς
791 994 905 1029 ἡμέροις
918 994 1012 1028 τρέφε-

222 1049 268 1066 ται
281 1048 287 1054 “
309 1041 356 1066 καὶ
371 1040 447 1075 παρὰ
460 1040 510 1075 τὴν
532 1040 666 1066 θάλατταν
681 1040 789 1067 θάλλειν
804 1040 891 1074 φιλεῖ”
909 1039 1012 1066 νικῶσα

222 1086 251 1112 δὲ
265 1086 338 1112 οὕτω
354 1085 507 1121 πανταχοῦ,
517 1086 593 1112 οὐδὲν
609 1083 691 1122 ἦττον
709 1087 771 1121 νικᾷ
786 1086 834 1112 καὶ
848 1086 887 1121 τῷ
906 1085 1013 1114 θάλλειν

221 1131 308 1163 οὕτως
326 1132 489 1166 ἑκασταχοῦ,
507 1132 545 1162 ὡς
559 1131 666 1166 ἐνιαχοῦ
684 1131 768 1158 οὐδέν.
793 1132 830 1157 Οὐ
850 1132 904 1167 γὰρ
918 1132 1013 1168 ὥσπερ

222 1178 277 1205 τῶν
292 1178 379 1205 ἄλλων
394 1178 444 1204 ὅσα
460 1179 509 1212 μὲν
520 1177 598 1213 lipara
611 1177 709 1204 ταυτὸν
723 1177 803 1204 τοῦτο
818 1177 882 1204 ίδεῖν
895 1186 925 1204 τε
936 1178 1013 1213 ὅρεια

223 1224 270 1251 καὶ
287 1223 382 1255 δεινῶς
398 1224 483 1259 ἄγρια
494 1231 500 1238 ·
512 1225 547 1250 τὰ
560 1223 646 1249 πλείω
656 1223 684 1250 δέ
698 1231 730 1258 γε
747 1222 794 1249 καὶ
810 1216 934 1258 ἄκαρπα.
953 1224 1014 1250 Τῶν

222 1270 251 1296 δὲ
267 1270 391 1305 ἡμέρων,
405 1270 438 1296 τὰ
455 1270 517 1305 μὲν,
534 1270 582 1296 καὶ
596 1270 666 1296 αὐτὰ
680 1269 726 1296 τὸν
738 1269 844 1304 καρπὸν
856 1269 1013 1304 βραχύτατα

224 1316 272 1342 καὶ
284 1315 314 1341 τὸ
327 1315 451 1351 πρέμνον
463 1315 691 1350 ἀκανθωδέστερα
700 1323 707 1328 ·
721 1315 770 1342 καὶ
784 1315 859 1349 τόπῳ
872 1315 1014 1350 μόνοντῶν

223 1364 253 1388 ἐν
268 1365 403 1398 κορυφαῖς
414 1362 578 1398 διαφέροντα
590 1370 597 1378 °
610 1361 644 1388 τὰ
657 1362 694 1394 δὲ,
710 1363 755 1388 τὸν
769 1362 874 1397 καρπὸν
887 1362 936 1396 μὲν
949 1362 1014 1394 ἴσως

223 1409 274 1435 οὐκ
287 1409 389 1444 ἀγεννῆ
403 1429 410 1441 ,
423 1408 524 1443 ἀσθενῆ
539 1408 567 1435 δὲ
578 1404 680 1439 ἄλλως·
698 1408 744 1434 καὶ
763 1407 868 1442 βραχὺν
881 1407 1015 1434 ἀνθοῦντα

223 1454 269 1481 τὸν
285 1455 383 1490 χρόνον
393 1457 400 1464 ·
415 1455 474 1482 ἀλλ’
489 1456 561 1482 οὕτω
577 1455 626 1490 μὲν
640 1456 668 1481 ἐν
682 1455 796 1490 ἡμέροις
810 1454 909 1489 ἰσχυρά
923 1462 952 1480 τε
968 1454 1015 1480 καὶ

204 1504 206 1506 ⁷
224 1502 404 1537 πολυχρόνιος
423 1502 460 1534 ὼς
487 1502 567 1536 ὀλίγα
587 1501 685 1537 κομιδῇ
704 1502 758 1528 τῶν
786 1501 892 1536 ἀγρίων
919 1509 948 1527 τε
967 1502 1015 1527 καὶ

224 1548 368 1583 ἀκάρπων.
385 1548 463 1575 Οὕτω
476 1548 498 1574 δ’
522 1548 551 1575 έν
567 1548 674 1583 ἀγρίοις
697 1548 822 1582 τρυφερά
843 1555 872 1573 τε
888 1548 935 1573 καὶ
955 1546 1014 1572 λεῖα

226 1595 272 1621 καὶ
286 1594 402 1630 εὐανθὴς
419 1594 465 1620 καὶ
479 1593 629 1629 εῠκαρπος,
640 1594 679 1625 ὡς
691 1593 767 1620 οὐδὲν
791 1593 855 1620 ἄλλο
868 1592 922 1619 τῶν
939 1592 1014 1628 παρὰ

224 1640 284 1671 ταῖς
311 1641 401 1671 στοαῖς
424 1640 585 1675 φυομένων,
608 1640 655 1665 καὶ
675 1639 797 1674 ὡσπερεὶ
822 1639 902 1674 κόραι
930 1638 1013 1665 καλαὶ

225 1685 474 1721 θαλσμευομένων·
490 1686 590 1712 ἔπειτα
603 1685 637 1712 τὰ
650 1686 698 1720 μὲν
711 1685 779 1711 ἄλλα
793 1684 842 1716 τὰς
858 1685 932 1720 ὥρας
955 1685 1015 1711 πολ-

225 1731 303 1763 λάκις
313 1733 467 1767 παρανομεῖ
476 1740 483 1746 ·
495 1731 542 1758 καὶ
554 1731 588 1757 τὰ
603 1732 652 1765 μὲν
666 1732 791 1766 προΐασιν
808 1730 888 1766 ἔαρος
899 1751 906 1762 ,
919 1730 1014 1765 ὥσπερ

225 1777 257 1813 δὴ
275 1777 323 1804 καὶ
337 1777 424 1812 φοῖνιξ
442 1777 533 1809 αὐτός.
550 1777 639 1804 Πολλὰ
652 1777 680 1803 δὲ
696 1777 742 1803 καὶ
755 1777 889 1812 χειμῶνος
902 1777 1012 1811 ὲκφύει⁸

225 1823 295 1859 αὕτη
313 1824 341 1850 δὲ
358 1824 409 1850 κὰν
425 1823 531 1854 τούτοις
546 1824 626 1859 τηρεῖ
642 1823 687 1849 τὸν
702 1823 783 1858 νόμον
801 1824 847 1849 καὶ
864 1825 1014 1858 σωφρονεῖ·

226 1869 323 1905 θέρους
333 1878 363 1896 τε
379 1870 433 1905 γὰρ
444 1869 481 1901 ὡς
496 1869 543 1896 ἐπὶ
558 1869 682 1896 πλεῖστον
697 1869 821 1905 πρόεισι·
838 1869 886 1896 καὶ
899 1870 934 1896 τὰ
949 1869 1016 1896 κάλ-

225 1915 305 1943 λιστα
321 1916 375 1942 τῶν
391 1916 508 1951 καρπῶν
520 1915 574 1942 τῶν
586 1915 667 1950 ὡρῶν
681 1916 715 1950 τῇ
729 1914 861 1950 καλλίστῃ
876 1915 1014 1942 δείκνυσι·

227 1961 362 1997 χειμῶνος
379 1961 408 1988 δὲ
426 1961 516 1997 ῥίπτει
543 1961 573 1987 τὸ
594 1961 710 1992 κάλλος·
740 1961 788 1987 καὶ
809 1953 842 1995 τῇ
867 1960 946 1995 φύσει
969 1961 1016 1987 καὶ

225 2007 304 2041 τάξει
324 2008 372 2043 τῆς
386 2007 460 2043 ὥρας
474 2007 627 2039 ἀκολουθεῖ,
641 2007 711 2033 ὥστε
726 2007 750 2032 εί
764 2007 805 2032 δεῖ
820 2014 846 2032 τι
861 2005 909 2032 καὶ
925 2007 1016 2041 παρά-

226 2054 302 2087 δοξον
325 2054 384 2088 μὲν,
403 2053 586 2088 ἀληθέστερον
600 2052 628 2079 δὲ
650 2053 747 2085 εἰπεῖν,
770 2051 849 2078 τοῦτο
861 2051 906 2078 καὶ
925 2052 1015 2086 μόνον,

227 2098 328 2134 ὡραῖον
343 2099 374 2125 ἄν
386 2107 429 2131 τις
439 2097 512 2124 εῐποι
526 2097 638 2129 δικαίως
649 2105 656 2113 ⁸
675 2097 705 2123 οὺ
720 2096 765 2123 διὰ
776 2096 825 2131 τὴν
845 2096 920 2130 ὥραν
939 2096 1017 2130 μόνον

227 2144 295 2171 ἀλλὰ
315 2144 361 2170 καὶ
379 2144 426 2170 τὸν
443 2144 550 2179 καρπόν
562 2151 568 2159 ⁸
585 2143 620 2170 τὰ
634 2143 656 2169 δ’
673 2142 742 2170 ἄλλα
761 2141 810 2169 καὶ
827 2142 928 2177 ἔξωρα,
944 2142 1017 2169 οὕτω

226 2189 276 2225 τὴν
289 2190 366 2222 τάξιν
378 2198 407 2216 τε
423 2190 580 2224 παραδόντα
592 2189 640 2215 καὶ
654 2188 827 2223 ἀγνοήσαντα
840 2188 884 2214 τὸν
902 2187 998 2223 καιρόν
1009 2195 1016 2202 ·

227 2236 259 2264 οὐ
275 2236 328 2272 μὴν
350 2236 444 2272 ὣσπερ
463 2236 494 2263 τὸ
514 2236 576 2263 καθ’
593 2235 669 2270 ὥραν
687 2235 817 2270 φανῆναι,
839 2234 910 2261 οὕτω
925 2234 971 2260 καὶ
987 2233 1017 2260 τὸ

227 2282 443 2317 διαφυλαχθῆναι
467 2282 500 2309 δι’
516 2282 600 2317 ὥρας,
621 2281 722 2317 ὡραῖον
735 2289 741 2296 ·
757 2281 815 2307 ἀλλ’
833 2280 908 2316 αὐτῷ
930 2289 960 2314 γε
978 2280 1016 2315 τῷ

227 2328 272 2356 διὰ
287 2329 390 2360 παντὸς
399 2329 448 2355 τοῦ
465 2328 542 2359 ἔτους
555 2327 739 2362 διακατέχειν,
764 2327 887 2362 κρεῖττον
901 2327 949 2361 μὲν
964 2326 1017 2353 τῶν

228 2374 307 2409 ὡρῶν
317 2382 325 2389 ·
342 2375 466 2409 κρεῖττον
484 2373 513 2400 δὲ
532 2374 582 2409 τῆς
596 2372 755 2408 ἐπωνυμίας
766 2380 772 2388 '
789 2373 913 2407 κρεῖττον
929 2371 957 2398 δὲ
971 2372 1018 2398 καὶ

229 2420 339 2446 πάντων
354 2420 422 2455 ὁμοῦ
437 2419 492 2446 τῶν
507 2419 609 2447 λοιπῶν
621 2418 735 2454 καρπῶν
751 2417 904 2444 δείκνυται·
922 2417 955 2444 τὰ
969 2417 1018 2451 μὲν

229 2466 305 2501 ἡδεῖα
315 2466 353 2501 τῷ
364 2466 482 2501 διαρκεῖ,
499 2465 533 2492 τὰ
546 2465 728 2501 διαρκέστερα
742 2465 770 2490 δὲ
779 2464 817 2499 τῷ
830 2465 888 2499 ἠδεί
898 2464 1001 2490 νικῶσα
1009 2472 1015 2479 ⁵

230 2511 331 2545 μᾶλλον
347 2511 386 2544 δὲ,
409 2512 433 2538 εί
450 2511 491 2538 δεῖ
509 2511 626 2546 τάληθὲς
649 2511 748 2543 εἰπεῖν,
781 2511 827 2537 καὶ
842 2511 875 2536 τὰ
893 2510 958 2546 ἡδέα
984 2511 1017 2546 τῇ

229 2557 309 2592 ἡδονῇ
322 2557 370 2584 καὶ
382 2556 421 2592 τῷ
440 2557 547 2593 μονίμῳ
563 2556 596 2583 τὰ
610 2557 725 2592 μόνιμα..

265 2690 393 2718 Ἤδιστόν
404 2700 431 2718 τι
451 2692 546 2726 χρῆμα
566 2691 647 2725 συκῆ.
668 2690 738 2717 Ἀλλ’
754 2690 823 2717 εἰτὸ
853 2690 929 2724 μέλιν
952 2690 1019 2725 πρὸς

229 2737 280 2772 τὴν
309 2738 374 2772 ’ἑλην
392 2737 545 2772 ἐξικμασθῇ
563 2737 611 2764 καὶ
626 2736 665 2772 τῷ
695 2737 763 2772 ἡλίῳ
779 2737 810 2763 τὺ
835 2736 933 2767 κάλλος
950 2737 1019 2762 ἀπο-

231 2782 329 2818 6ληθῇ,
348 2783 394 2809 καὶ
412 2784 441 2809 τά
454 2791 482 2809 τε
497 2780 565 2814 εἶδος
584 2783 642 2817 ἅμα
655 2782 702 2808 καὶ
716 2782 766 2816 τὴν
779 2780 876 2815 ἡδονὴν
889 2780 1018 2815 στερηθῇ,

232 2829 280 2855 καὶ
294 2829 414 2864 ἀτεχνῶς
430 2828 498 2863 ρυσὴ
514 2828 637 2863 γένηται,
654 2827 724 2860 πλὴν
740 2827 755 2860 ἢ
770 2825 843 2857 ἅπαξ
859 2825 931 2856 ἰδεῖν,
948 2825 1020 2857 ἕξεις

232 2874 309 2900 οὐδέν
321 2883 328 2889 ·
346 2875 403 2908 ἅμα
417 2883 445 2900 τε
457 2874 511 2909 γὰρ
524 2874 610 2908 ἐφάνη
622 2893 629 2904 ,
645 2873 692 2900 καὶ
702 2872 736 2898 τὰ
749 2871 795 2898 τοῦ
809 2871 917 2906 δένδρου
931 2870 1021 2906 πολλῷ

234 2919 332 2947 θᾶττον
347 2922 363 2956 ἦ
379 2921 409 2947 τὸ
423 2920 503 2952 ἄνθος
521 2920 606 2955 ἐρρύη
619 2929 626 2936 ν
644 2919 716 2947 οὕτω
737 2919 784 2945 καὶ
798 2917 885 2944 ταῦτα
902 2917 951 2952 τῆς
967 2926 1020 2953 μη-

1064 309 1128 329 vero
1150 302 1267 337 palmam
1293 306 1321 329 et
1343 302 1465 335 laurum,
1488 303 1513 330 ei
1541 303 1588 338 qui
1609 305 1762 332 secundum
1790 305 1853 332 illos

1063 348 1172 382 sapiens
1201 352 1228 375 et
1246 348 1360 383 pulcher
1386 353 1437 381 est,
1455 349 1535 383 dco,:
1549 351 1719 386 omninoque
1743 355 1771 391 et
1798 359 1854 386 pne

1062 394 1194 420 omnibus
1215 393 1359 421 excellenti
1384 394 1502 427 musico,
1526 395 1665 428 arcuario,
1683 396 1799 429 medico,
1827 402 1855 424 et

1064 440 1116 467 vati
1131 440 1263 478 Apollini,
1284 447 1365 474 quem
1381 440 1507 467 eumdem
1518 448 1579 468 esse
1594 448 1626 468 ac
1636 441 1726 468 Solem
1739 441 1853 469 dicunt:

1062 487 1089 511 et
1116 489 1147 511 ut
1164 484 1353 519 pulcherrimo
1377 489 1404 511 et
1422 485 1581 518 utilissimo,
1598 487 1671 521 quod
1698 477 1854 521 pulcherri—

1063 537 1138 557 mum
1162 535 1189 557 et
1216 530 1395 557 utilissimum
1418 535 1461 557 est
1482 531 1635 566 assignant.
1662 531 1699 559 Ita
1725 540 1740 559 a
1768 532 1853 566 priori
1904 549 1907 553 ν

1064 576 1249 604 conveniebat
1267 576 1485 612 pulchritudini,
1516 577 1658 611 sapientiae
1687 583 1714 605 et
1744 579 1854 606 utilitati

1064 622 1115 650 tale
1128 630 1247 656 munus;
1264 627 1291 650 et
1305 622 1449 650 videbatur
1471 623 1615 658 pulchrtuu
1644 625 1725 652 simul
1745 630 1772 652 et
1789 626 1855 654 utile

1063 668 1224 696 manducari
1234 673 1260 695 et
1274 669 1413 704 prodesse,
1428 673 1454 696 et
1470 670 1609 704 sapientes
1620 671 1691 704 quod
1701 679 1853 706 congruum

1064 716 1119 743 illic
1131 720 1189 743 erat
1200 716 1332 751 accipere.
1345 715 1398 743 Sed
1415 716 1463 744 has
1476 716 1586 751 quidem
1608 717 1729 750 fabulas,
1739 718 1761 745 si
1782 719 1842 745 vide

1064 766 1118 794 tur,
1135 762 1226 788 valere
1250 761 1387 790 sinamus.
1404 761 1471 795 Quae
1497 766 1588 794 autem
1619 770 1732 790 cernere
1753 764 1816 791 licet
1829 769 1856 792 et

1063 807 1154 835 dicere
1175 807 1402 842 exprobrationes
1430 815 1483 835 non
1515 813 1600 835 sunt:
1629 816 1691 835 nam
1717 810 1804 844 prima
1827 811 1854 837 in

1064 853 1191 881 universa
1215 858 1287 880 terra
1303 854 1386 882 arbos
1410 854 1584 889 producitur;
1607 863 1695 886 neque
1725 860 1854 889 tanquam

1064 900 1177 927 arbores
1212 899 1336 935 reliquae.
1370 899 1418 927 lla:
1450 901 1559 935 quidem
1588 901 1697 928 cultura
1725 903 1854 937 gaudent,

1064 945 1117 981 illa:
1133 953 1198 973 vero
1224 951 1332 973 montes
1355 951 1459 979 amant,
1480 946 1541 974 aliae
1562 954 1672 982 quoque
1685 947 1762 982 juxta
1781 956 1856 976 mare

1063 991 1179 1026 patriam
1197 991 1298 1019 habent
1313 1001 1320 1020 :
1340 992 1392 1020 ista
1411 997 1501 1019 autem
1519 993 1577 1020 sola
1598 997 1625 1020 et
1645 993 1671 1020 in
1688 994 1856 1022 culminibus

1063 1037 1235 1072 producitur,
1251 1042 1278 1064 et
1290 1037 1398 1065 cultura
1417 1038 1526 1071 crescit,
1544 1043 1571 1066 et
1592 1039 1667 1073 juxta
1688 1047 1764 1067 mare
1778 1048 1857 1075 rege-

1064 1087 1122 1110 tare
1134 1087 1222 1115 amat;
1239 1083 1353 1110 vincens
1371 1088 1462 1111 autem
1478 1084 1514 1113 ita
1527 1084 1649 1112 locorum
1665 1085 1856 1118 universitate,

1065 1136 1117 1155 non
1134 1128 1225 1155 minus
1242 1129 1326 1156 vincit
1344 1131 1514 1164 vegetatione
1539 1130 1575 1157 ita
1601 1138 1796 1166 quamcunque
1815 1139 1858 1158 ar-

1065 1174 1174 1206 borum.
1196 1180 1225 1202 ut
1243 1175 1316 1202 nulla
1342 1174 1449 1210 uspiam
1464 1175 1527 1202 talis
1540 1175 1585 1203 sit.
1598 1175 1657 1203 Non
1674 1177 1748 1204 enim
1770 1182 1798 1204 ut
1815 1177 1857 1204 in-

1065 1223 1106 1247 ter
1121 1220 1189 1247 alias
1205 1228 1266 1255 quae
1280 1225 1418 1247 montana:
1434 1226 1499 1248 sunt
1513 1221 1584 1248 idem
1599 1229 1712 1248 cernere
1723 1222 1856 1257 pra-bent,

1065 1267 1206 1294 silvestres
1231 1271 1258 1294 et
1270 1267 1379 1294 incultae
1393 1275 1456 1294 cum
1471 1267 1539 1300 sint,
1558 1268 1722 1302 plerumque
1734 1257 1817 1295 etiam
1832 1274 1859 1296 et

1066 1311 1258 1346 infructuosae;
1279 1313 1350 1340 inter
1365 1313 1453 1340 cultas
1474 1321 1551 1345 vero,
1575 1313 1636 1340 alia:
1648 1313 1783 1341 fructibus
1799 1322 1858 1348 par-

1067 1357 1188 1385 cissima:
1203 1362 1231 1385 et
1261 1358 1367 1385 truncis
1382 1358 1523 1391 aculeata),
1543 1359 1602 1386 loco
1624 1363 1729 1386 tantum
1747 1367 1761 1385 a
1780 1366 1859 1386 mon-
1879 1394 1885 1396 _

1068 1404 1140 1430 tanis
1164 1404 1338 1437 dill‘erentes;
1360 1405 1431 1436 alia‘,
1456 1404 1574 1432 fructum
1589 1404 1702 1439 quidem
1720 1404 1788 1432 forte
1804 1413 1857 1432 non

1067 1448 1238 1481 abnuentes,
1262 1448 1310 1476 sed
1332 1449 1473 1476 debiliter'
1500 1449 1695 1483 producentes.
1729 1454 1755 1475 et
1781 1449 1857 1476 brevi

1067 1499 1189 1529 tempore
1214 1494 1354 1522 ﬂorentes.
1383 1494 1436 1521 Sed
1459 1495 1512 1521 ista
1537 1496 1608 1521 inter
1634 1495 1723 1522 cultas
1739 1495 1811 1529 viget
1831 1499 1859 1522 et

1068 1540 1149 1567 durat
1163 1545 1193 1567 ut
1213 1548 1305 1575 pauca:
1325 1540 1473 1567 admodum
1490 1548 1504 1567 e
1520 1541 1700 1576 sylvestribus
1727 1546 1754 1567 et
1769 1541 1858 1567 infru—

1068 1587 1192 1619 ctuosis;
1216 1592 1243 1614 ct
1264 1587 1334 1613 inter
1354 1587 1494 1614 silvestres
1507 1586 1629 1620 jucunda
1646 1591 1791 1613 etamuena
1804 1592 1858 1618 est,

1066 1632 1180 1660 ﬂoribus
1197 1637 1223 1660 et
1239 1632 1378 1659 fructibus
1392 1636 1500 1664 ornata,
1518 1636 1546 1659 ut
1568 1632 1641 1658 nulla
1656 1632 1708 1659 alia
1723 1632 1856 1659 arborum

1066 1679 1188 1714 porticus
1214 1679 1426 1711 exornantium,
1456 1684 1483 1706 et
1512 1678 1687 1712 pulchrarum
1703 1678 1857 1713 puellarum

1071 1732 1147 1752 more
1163 1725 1231 1752 bene
1243 1730 1429 1759 complarum.
1443 1724 1545 1752 Deinde
1556 1729 1661 1751 caetera:
1677 1725 1776 1759 sacpius
1790 1724 1856 1751 anni

1067 1775 1189 1804 tempora
1212 1769 1326 1802 fallunt;
1352 1769 1412 1796 alia:
1429 1769 1539 1804 quidem
1566 1777 1613 1796 ver
1635 1769 1809 1801 antecedunt,
1828 1774 1858 1796 ut

1067 1817 1124 1852 ipsa
1136 1817 1245 1851 quidem
1265 1816 1373 1851 palma;
1392 1815 1484 1842 multa:
1498 1819 1590 1842 autem
1607 1815 1634 1842 in
1651 1815 1740 1842 hieme
1757 1816 1859 1850 produ-

1067 1868 1143 1894 cunt;
1158 1863 1211 1889 ista
1226 1869 1291 1889 vero
1304 1862 1386 1889 etiam
1401 1861 1428 1888 iu
1444 1861 1487 1888 his
1503 1860 1588 1896 legem
1605 1865 1696 1888 servat
1707 1865 1734 1888 et
1750 1861 1859 1896 sapien-

1068 1913 1108 1936 ter
1120 1909 1186 1936 colit
1200 1918 1206 1936 :
1220 1908 1324 1936 :estatis
1343 1908 1416 1935 enim
1434 1907 1460 1934 in
1477 1912 1582 1943 partem
1598 1907 1730 1941 majorem
1747 1914 1859 1942 progre-

1067 1954 1152 1986 ditur,
1177 1959 1205 1981 et
1221 1953 1359 1981 fructuum
1378 1953 1589 1987 pulcherrimos,
1615 1953 1680 1979 amri
1706 1957 1858 1988 temporum

1068 2001 1255 2036 pulcherrimo
1264 2000 1383 2028 ostendit
1397 2008 1403 2027 :
1419 1999 1509 2026 hieme
1521 2003 1611 2026 autem
1628 1998 1858 2033 pulchritudinem

1068 2047 1182 2078 excutit,
1199 2050 1225 2072 et
1241 2050 1366 2072 naturam
1394 2044 1575 2079 ordinemque
1602 2047 1756 2078 temporum
1785 2038 1859 2070 inse-
1884 2037 1890 2042 ’

1069 2093 1183 2128 quitur;
1195 2092 1232 2119 ita
1244 2096 1284 2123 ut,
1301 2091 1324 2119 si
1341 2091 1407 2126 quid
1426 2090 1526 2118 mirum
1542 2089 1665 2124 quidem,
1684 2089 1732 2116 sed
1746 2089 1860 2116 verissi-

1069 2146 1145 2166 mum
1170 2138 1263 2166 dicere
1290 2141 1347 2168 est.
1371 2139 1441 2164 hanc
1464 2136 1552 2164 solam
1578 2143 1640 2163 esse
1668 2134 1860 2170 tempestivam

1070 2185 1169 2212 merito
1187 2183 1288 2218 aliquis
1313 2182 1545 2218 pronuntiaverit,
1565 2189 1619 2208 non
1634 2180 1723 2208 solum
1740 2180 1775 2207 ob
1791 2183 1861 2206 tetu-

1070 2238 1132 2266 pus,
1149 2231 1196 2258 sed
1212 2230 1294 2257 etiam
1307 2229 1342 2256 ob
1361 2228 1495 2261 fructum;
1512 2232 1620 2255 extera:
1636 2232 1728 2254 autem
1755 2226 1858 2253 intem.

1034 2275 1054 2301 D
1071 2277 1192 2311 pestivaz,
1211 2276 1247 2302 ita
1269 2275 1394 2303 ordinem
1415 2274 1540 2302 fallentes
1555 2277 1582 2300 et
1598 2278 1706 2307 tempus
1729 2273 1860 2307 ignoran—

1070 2328 1125 2355 tes;
1145 2330 1198 2349 non
1223 2326 1295 2349 certe
1323 2321 1401 2356 quasi
1420 2322 1453 2348 ad
1481 2325 1589 2355 tempus
1611 2325 1763 2354 apparere,
1789 2318 1861 2346 sicut

1070 2369 1172 2396 servari
1191 2368 1308 2395 durante
1331 2372 1453 2402 tempore
1483 2367 1675 2401 tempestivum
1697 2364 1769 2391 l'oret
1787 2373 1793 2391 :
1810 2364 1860 2392 sed

1069 2421 1102 2440 eo
1117 2413 1177 2447 ipso
1185 2412 1257 2446 quod
1270 2411 1384 2438 omnino
1399 2410 1493 2443 durat,
1510 2409 1562 2437 ista
1578 2409 1748 2444 temporibus
1758 2408 1858 2443 potiorI

1070 2459 1160 2494 potior
1177 2458 1299 2493 epitheto
1326 2464 1388 2490 suo,
1416 2456 1507 2491 potior
1536 2462 1646 2490 quoque
1662 2453 1791 2482 omnibus
1804 2461 1861 2481 una

1069 2504 1178 2533 caeteris
1212 2502 1354 2538 frugiferis
1379 2501 1553 2532 ostenditur;
1581 2500 1718 2535 iucundas
1748 2499 1858 2535 quidem

1070 2549 1227 2582 duratione,
1241 2547 1428 2576 diuturniorcs
1442 2552 1531 2574 autem
1544 2539 1716 2581 jucunditate
1731 2546 1859 2578 vincens;

1071 2597 1125 2623 imo
1140 2603 1214 2627 vero,
1237 2594 1260 2621 si
1277 2602 1341 2621 vera
1362 2594 1453 2621 dicere
1474 2597 1597 2628 oportet,
1611 2591 1860 2626 jucundasjucun-

1070 2641 1153 2669 ditate
1170 2645 1197 2668 et
1209 2639 1348 2667 durabiles
1363 2639 1508 2667 duratione
1522 2644 1668 2672 superans.

1105 2686 1341 2714 Jucundissimum
1357 2685 1467 2720 quidem
1482 2684 1583 2711 bonum
1598 2687 1640 2710 est
1659 2681 1749 2714 ﬁcus;
1775 2680 1821 2708 sed
1836 2680 1865 2707 sic

1070 2733 1131 2767 ejus
1153 2732 1206 2759 mel
1231 2731 1325 2759 calore
1358 2729 1524 2762 deﬂuxerit,
1548 2732 1576 2756 et
1597 2728 1655 2755 sole
1685 2726 1860 2761 pulchritudo
1894 2729 1897 2736 ‘

1072 2779 1162 2806 ablata
1186 2777 1287 2810 fuerit,
1314 2781 1379 2804 tunc
1404 2779 1547 2803 venustate
1563 2777 1590 2801 et
1611 2772 1749 2808 voluptate
1776 2771 1864 2799 simul:

1073 2825 1202 2856 nudatur,
1220 2829 1249 2851 et
1266 2822 1337 2851 foede
1354 2825 1450 2857 rugata
1477 2819 1608 2851 efﬁcitur,
1643 2823 1742 2853 przeter
1768 2818 1858 2845 solum

1072 2871 1160 2898 visum
1178 2871 1300 2898 invenies
1312 2870 1378 2897 nillil
1390 2879 1397 2902 ;
1410 2876 1471 2896 nam
1484 2867 1568 2896 simul
1577 2866 1705 2901 apparuit
1718 2869 1745 2892 et
1755 2865 1860 2892 cllluxit

1074 2917 1179 2944 arboris
1195 2917 1278 2944 decor
1298 2916 1384 2944 multo
1402 2914 1523 2942 velocius
1539 2919 1620 2949 quam
1634 2911 1695 2939 llos.
1712 2911 1758 2939 Sic
1772 2911 1859 2939 etiam
