2092 3157
232 164 282 196 8!)!

847 167 863 196 J
867 167 941 197 ΟΑΝ
945 167 968 198 Ν
972 168 1008 198 IS
1027 169 1244 202 GEOMETBIE

1807 175 1861 208 852

231 221 258 248 in
273 220 315 248 his
337 220 410 247 malo
429 220 495 255 licus
512 220 581 247 cedit
599 227 655 246 tum
674 219 700 247 in
719 219 781 247 aliis
801 221 1015 255 pulchritudinis

1067 225 1160 262 λέαςὴ
1188 228 1258 263 συκῆ
1284 228 1420 263 ἡττᾶται·
1445 229 1517 264 μετά
1543 238 1577 264 γε
1592 230 1648 258 τῶν
1669 229 1758 258 ἄλλων
1771 231 1819 259 τοῦ
1830 241 1860 259 τε

229 269 256 292 et
270 265 363 293 odoris
385 273 445 293 cum
469 264 667 299 magnitudinis
684 264 795 293 dotibus
812 275 818 292 :
837 266 938 294 talibus
953 267 1016 301 qui-

229 312 291 338 dem
313 311 363 338 ista
381 311 447 338 locis
461 311 572 346 gaudet,
599 310 701 338 talibus
721 316 814 338 autem
833 311 860 338 in
874 313 1016 340 montibus

229 355 326 389 ﬂoret;
343 356 368 382 in
385 360 490 382 tantum
512 355 644 389 temporis
658 355 760 389 durat,
776 361 910 391 quantum
934 357 1017 384 etiam

229 403 430 429 incrementum
456 401 550 429 sumit.
572 400 633 429 Non
659 403 732 430 enim
752 403 785 430 ad
804 404 894 438 ipsum
917 405 1017 432 cadum

229 447 343 480 tollitur,
361 452 388 474 et
401 447 436 474 ab
459 447 619 475 hominibus
640 456 722 483 quam
746 449 867 476 maxime
896 450 1017 484 recedit;

191 505 194 514 ι
228 500 317 527 neque
337 493 453 520 multum
478 494 556 528 juxta
577 498 679 521 terram
701 495 800 529 surgit,
816 499 846 522 ut
866 495 958 523 multa:
973 504 1017 524 ar—

226 538 320 571 bores,
349 539 505 567 humilitate
529 541 693 576 despicitur.
712 542 754 570 vel
779 542 913 570 ruborum
942 551 1019 571 more

227 583 367 611 divellitur
382 589 409 612 et
424 585 616 620 proeulcatur;
635 586 681 613 sed
700 587 918 615 moderationem
934 587 961 615 in
975 589 1018 616 his

227 638 337 666 quoque
355 637 456 663 servat,
473 635 500 658 et
514 637 654 667 tamquam
678 640 774 660 omnes
790 633 916 662 homines
939 642 1018 662 ama-

228 681 301 704 tores
316 676 431 709 babens,
462 678 494 705 ad
509 678 612 713 justam
642 686 800 707 mensuram
825 680 973 715 profertur,
992 685 1020 708 et

227 730 311 758 prope
335 724 471 751 manendo
501 725 659 752 amantibus
673 733 703 753 se
728 726 842 761 praebet.
864 726 900 754 Ut
926 731 1019 754 autem

228 769 332 795 amoris
347 769 460 795 satietas
472 777 525 796 non
544 770 695 806 contingat,
712 771 795 806 paulo
808 779 823 799 a
840 775 910 798 terra
925 780 1019 800 assur-

227 817 277 851 git,
293 821 319 844 ct
337 825 389 844 una
414 825 476 845 cum
501 817 646 852 juvenlute
668 819 902 854 pulchritudinem
929 820 1019 856 expli-

227 867 281 894 cat,
298 867 325 889 et
339 862 483 896 juventute
502 863 634 897 majorem
659 864 895 899 pulchritudinem
917 872 1019 900 expen-

227 908 304 938 dens.
325 912 443 942 utraque
471 909 621 943 conspicua
637 896 803 936 ostenditur.
822 909 862 936 lla
879 896 1019 944 ergo-hu-
1035 896 1055 924 Β

227 953 370 980 utilitatem
384 957 411 980 et
424 953 614 982 celsitudinem
635 955 779 989 aequaliter
800 955 908 982 evitans
923 955 1016 988 arbor,

227 1006 315 1033 neque
338 999 461 1033 aspectui
485 999 732 1034 contemplantium
748 999 906 1034 abducitur,
929 1007 1018 1034 neque

226 1052 348 1071 amorem
373 1044 464 1072 satiat.
481 1044 534 1072 Sed
559 1053 647 1081 neque
675 1046 726 1073 sibi
755 1046 806 1082 ipsi
831 1051 924 1080 nocet,
954 1054 1017 1074 nam

225 1091 396 1119 altitudinem
427 1096 580 1124 correptam
608 1091 755 1120 vehemens
781 1097 879 1120 ventus
910 1093 1018 1120 irruens

225 1145 279 1165 non
297 1137 399 1172 rumpit
411 1138 454 1165 vel
469 1138 613 1170 subvertit,
628 1143 656 1166 et
669 1142 771 1165 tantam
785 1138 1016 1173 pulchritudinem

226 1182 438 1217 proculcandam
466 1183 613 1218 permittit.
642 1182 723 1210 Certe
749 1183 823 1210 enim
845 1191 899 1210 non
937 1183 1018 1216 digne

232 1227 368 1259 Homerus
387 1236 444 1254 rem
471 1228 640 1262 deploraret,
659 1228 705 1263 qui
725 1228 751 1255 in
766 1228 874 1263 plautas
898 1228 1016 1255 lamenta

225 1274 373 1309 expromit,
396 1273 441 1308 qui
465 1273 559 1308 pinum
580 1274 745 1301 lamentatur
762 1279 790 1302 et
805 1282 948 1309 quercum,
970 1275 1015 1310 qui

227 1320 358 1355 populum
385 1319 473 1346 alliam
501 1319 592 1352 deﬂet,
617 1325 644 1347 et
661 1320 794 1355 gemitum
820 1320 872 1347 ciet
887 1321 913 1347 in
927 1321 1015 1348 oleam

225 1367 362 1394 arborem.
394 1365 512 1401 Fugiens
537 1365 621 1400 igitur
647 1366 718 1393 hanc
744 1366 928 1394 calamitatem
959 1367 1017 1395 haec

225 1412 319 1444 arbos,
335 1411 431 1439 eodem
450 1411 532 1439 modo
550 1412 634 1439 etiam
652 1412 772 1440 fructum
789 1412 928 1448 producit.

259 1500 326 1527 Nam
350 1501 440 1536 primo
466 1501 576 1536 quidem
607 1509 660 1529 non
688 1501 760 1529 sicut
786 1501 877 1537 palma
903 1502 1016 1530 frondes

224 1545 369 1573 frondibus
409 1547 497 1574 solum
541 1547 646 1581 adjicit,
684 1548 729 1575 sed
770 1555 802 1574 ex
844 1548 919 1574 omni
938 1553 1014 1582 parte

223 1600 316 1619 ramos
331 1597 358 1620 et
373 1592 484 1620 frondes
500 1593 646 1627 expromit,
659 1596 686 1619 et
704 1593 895 1628 undecumque
908 1599 1015 1621 amato-

226 1645 271 1671 res
285 1638 396 1664 attrahit
415 1643 443 1665 et
455 1639 582 1665 delectat.
611 1637 714 1665 Deinde
730 1638 865 1666 fructibus
881 1639 938 1666 haec
953 1639 1015 1665 alba

224 1688 276 1715 est,
292 1684 336 1710 illa
353 1683 433 1717 flava,
451 1685 537 1711 altera
547 1684 641 1717 rubra,
661 1684 746 1712 altera
763 1693 917 1720 purpurea,
929 1684 1014 1712 altera

228 1729 348 1764 denique
372 1730 526 1764 mruginosa
552 1738 560 1757 :
584 1731 620 1757 ita
637 1731 708 1757 inter
734 1731 848 1758 arbores
861 1730 914 1758 alia
941 1730 1015 1757 aliud

225 1774 289 1807 fert,
315 1775 361 1802 sed
376 1776 469 1802 omnia
499 1775 550 1802 fert
567 1776 665 1803 malus.
686 1775 714 1803 Si
737 1776 849 1810 quidem
876 1777 939 1803 albo
967 1776 1017 1803 dc-

226 1820 355 1852 lecteris,
388 1820 421 1847 ad
450 1820 538 1847 albam
572 1822 697 1848 arborem
726 1823 868 1856 procedis;
897 1823 920 1849 si
952 1829 1017 1849 vero

224 1866 339 1895 rubrum
362 1865 466 1900 cupias,
491 1867 524 1893 ad
551 1867 662 1894 rubram
682 1872 707 1895 te
724 1867 839 1902 dirigis;
863 1867 887 1894 si
909 1871 1018 1895 utrum-

224 1919 278 1945 que
297 1919 390 1944 ames,
406 1912 439 1939 ad
466 1912 546 1939 aliam
570 1913 667 1945 vadis;
687 1913 728 1940 sin
744 1919 835 1940 autem
859 1913 940 1940 simul
959 1919 1018 1940 om-

225 1958 269 1985 nia
285 1966 407 1993 quteras,
425 1958 467 1985 abi
484 1959 517 1986 ad
539 1959 670 1986 ferentem
691 1959 806 1991 dutiles;
832 1959 889 1985 haec
906 1959 939 1986 iis
957 1959 1018 1992 qui-

225 2004 286 2031 dem
303 2004 386 2036 albet,
407 2004 441 2032 iis
467 2011 531 2031 vero
554 2005 654 2037 rubet;
679 2008 735 2031 tum
755 2004 864 2038 quidem
881 2009 1016 2037 recenter,

225 2054 283 2077 tum
298 2054 388 2077 autem
402 2049 564 2085 jamdudum
578 2059 585 2083 ;
597 2046 634 2077 iis
650 2057 715 2077 vero
731 2054 882 2086 purpurat;
899 2055 927 2077 et
945 2050 1017 2077 albet

224 2096 334 2131 quidem
358 2097 434 2124 velut
449 2096 503 2128 lac,
520 2100 654 2131 purpurat
677 2104 742 2124 vero
768 2097 821 2124 ista
845 2098 919 2124 velut
942 2095 1016 2129 τοδί..

228 2143 407 2178 variaturque
424 2143 541 2170 diversis
567 2143 727 2176 coloribus;
744 2145 801 2171 haec
820 2144 930 2178 quidem
949 2147 1016 2174 tota,

223 2189 270 2216 illa
300 2196 366 2215 vero
391 2196 445 2215 non
469 2193 544 2221 tota;
579 2189 639 2216 haec
658 2190 761 2221 minus,
787 2189 833 2216 illa
866 2189 963 2224 magis.
988 2189 1016 2215 Si

1069 273 1185 305 κάλλους
1213 274 1261 301 καὶ
1284 274 1334 309 τῆς
1351 274 1437 310 ὀδμῆς
1467 275 1514 302 καὶ
1539 275 1587 302 τοῦ
1614 276 1767 311 μεγέθους·
1785 278 1861 312 παρὰ

1068 319 1201 352 τοιούτοις
1214 320 1264 355 μὲν
1280 320 1335 347 τῶν
1347 315 1457 356 χωρίων
1473 321 1608 356 χαίρουσα
1619 330 1626 337 ·
1646 322 1725 358 παρᾶ
1747 323 1861 360 τοιαύτῃ

1067 365 1096 392 δὲ
1115 365 1169 392 τῶν
1186 365 1265 401 ὡρῶν
1286 365 1440 394 θάλλουσα·
1467 367 1544 402 παρὰ
1572 367 1700 394 τοσοῦτον
1722 368 1751 394 δὲ
1766 369 1846 404 διαμέ

1070 419 1152 438 νουσα
1168 411 1272 437 καὶτὸν
1286 411 1382 446 χρόνον
1396 411 1455 438 οἵαν
1468 411 1500 447 δὴ
1513 411 1560 438 καὶ
1576 412 1626 447 τὴν
1640 411 1761 448 βλάστην
1777 414 1848 440 ποιεῖ

1069 465 1126 484 ται.
1144 457 1213 484 Οὔτε
1225 457 1279 493 γὰρ
1290 457 1360 494 πρὸς
1373 457 1454 485 αὑτὸν
1468 457 1575 493 αἴρεται
1592 458 1638 484 τὸν
1656 458 1776 493 οὐρανὸν
1787 479 1795 490 ,
1816 467 1852 484 κα

1069 502 1124 528 τῶν
1150 502 1302 538 ἀνθρώπων
1330 503 1367 535 ὡς
1384 503 1431 529 ἐπὶ
1449 503 1574 530 πλεῖστον
1601 504 1767 531 tamenetsi"
1799 503 1862 530 οὔτε

1070 548 1124 583 μὴν
1140 548 1210 574 πάνυ
1228 549 1260 583 τῇ
1272 549 1308 583 γῇ
1323 549 1513 583 προσπέφυκε,
1528 549 1575 575 καὶ
1589 546 1633 576 οἷα
1650 549 1693 582 ἐὰὶ
1705 549 1791 576 πολλὰ
1807 550 1862 576 τῶν

1069 594 1202 629 δένδρων,
1226 595 1267 630 τῷ
1289 595 1391 630 ἑτοίμῳ
1418 595 1680 630 καταπεφρόνηται,
1709 595 1726 630 ἢ
1758 595 1861 630 Θάμνου

1069 640 1170 676 τρόπον
1189 640 1317 675 ἔρριπται
1328 660 1337 674 ,
1354 640 1400 666 καὶ
1413 641 1654 674 καταπεπατηται’
1671 639 1739 666 ἀλλὰ
1753 639 1783 666 τὺ
1808 639 1862 666 σῶ-

1070 695 1139 722 φρον
1153 687 1206 713 κάν
1221 687 1328 718 τούτοις
1341 687 1409 721 τιμᾷ
1421 694 1427 701 ·
1446 686 1493 713 καὶ
1508 683 1553 713 οἷα
1570 686 1620 721 μὲν
1634 686 1740 717 πάντας
1753 685 1861 720 ἀνθρώ-

1070 739 1138 762 πους
1153 732 1270 766 ἐραστὰς
1285 732 1395 766 ἔχουσα,
1409 732 1533 767 πρόεισιν
1548 732 1594 758 ἐπὶ
1613 731 1722 767 μέτριον
1734 739 1741 746 '
1764 732 1811 758 καὶ
1822 731 1862 766 τῷ

1072 775 1163 811 μένειν
1178 776 1274 810 ἐγγὺς,
1297 778 1354 808 τοῖς
1373 777 1458 811 ἐρῶσι
1481 776 1636 812 χαρίζεται.
1654 776 1751 807 Ὅπως
1771 776 1800 802 δὲ
1823 776 1861 810 μὴ

1071 823 1118 848 καὶ
1137 822 1217 857 κόρος
1240 823 1287 849 τοῦ
1311 823 1412 857 ἔρωτος
1434 821 1464 858 ᾖ,
1494 823 1542 849 καὶ⁵
1569 822 1667 858 μικρόν
1691 831 1718 849 τι
1736 822 1785 855 τῆς
1809 822 1861 857 γῆς

1071 869 1206 903 ἀνέστηκε
1217 889 1224 901 ,
1250 869 1297 895 καὶ
1314 869 1374 905 ἅμα
1387 869 1425 904 τῷ
1442 878 1471 896 τε
1490 869 1584 895 κάλλει
1595 869 1644 904 τὴν
1660 869 1770 903 ἡλικίαν
1792 877 1861 903 συμ-

1070 914 1205 949 προῖοῦσα
1218 922 1224 929 ·
1243 914 1290 941 καὶ
1306 914 1337 940 τὸ
1358 914 1457 946 κάλλος
1478 916 1511 950 τῇ
1529 914 1623 950 ἡλικίᾳ
1645 913 1728 941 πλέον
1742 913 1860 947 τιθεῖσα,

1070 958 1099 991 ἐξ
1114 958 1279 994 ἀμφοτέρων
1294 959 1324 985 τὺ
1347 959 1446 994 σεμνὸν
1462 960 1638 987 ἐνδείκνυται.
1656 959 1749 990 Οὕτως
1767 958 1813 986 οὖν
1831 959 1862 985 τὸ

1069 1005 1197 1032 ταπεινόν
1209 1013 1238 1032 τε
1251 1005 1299 1032 καὶ
1322 1005 1425 1041 ὑψηλὸν
1439 1006 1536 1040 ἐπίσης
1554 1005 1640 1040 φυγὸν
1655 1005 1685 1032 τὺ
1706 1005 1860 1040 βλάστημα,

1069 1049 1131 1077 οὔτε
1146 1051 1196 1084 τὴν
1210 1050 1273 1085 ὄψιν
1287 1050 1351 1082 τοὺς
1372 1050 1471 1083 θεατὰς
1484 1051 1608 1086 ἀφαιρεῖ,
1625 1049 1686 1077 οὔτε
1702 1050 1802 1085 πληροῖ
1816 1049 1862 1076 τὸν

1069 1096 1159 1133 ἔρωτα
1172 1105 1179 1113 '
1207 1097 1264 1123 ἀλλ’
1286 1097 1349 1123 οὒτε
1368 1096 1422 1132 μὴν
1438 1096 1540 1131 ἑαυτὴν
1563 1096 1668 1123 ἀδικεῖ·
1696 1095 1727 1122 οὐ
1747 1095 1803 1131 γὰρ
1829 1095 1861 1130 δὴ

1069 1143 1137 1179 πρὸς
1155 1142 1221 1178 ’ύψος
1242 1143 1381 1170 ὲλάσασαν
1392 1164 1399 1175 ,
1418 1142 1537 1177 σκληρός
1549 1150 1591 1174 τις
1605 1141 1706 1176 ἄνεμος
1732 1140 1865 1176 ὲμπεσὼιι

1069 1189 1221 1224 κατήνεγκε
1231 1188 1278 1215 καὶ
1289 1188 1420 1223 ἀνέτρεψε
1431 1208 1439 1220 ,
1453 1188 1501 1215 καὶ
1514 1187 1642 1214 τοσοῦτον
1654 1186 1752 1219 κάλλος
1766 1187 1866 1214 πατεῖν

1069 1235 1239 1271 παρέδωκεν·
1249 1235 1266 1270 ἢ
1283 1234 1337 1270 γὰρ
1351 1234 1385 1261 ἂν
1398 1234 1453 1261 οὐδ’
1463 1234 1590 1269 Ὄμηρος
1602 1232 1686 1266 ἀξίως
1701 1233 1732 1260 τὺ
1745 1233 1862 1268 πρᾶγμα

1050 1281 1234 1316 .ὲΘρήνησεν·
1256 1280 1285 1312 ὃς
1311 1289 1343 1315 γε
1357 1280 1405 1308 καὶ
1424 1280 1539 1316 θρήνους
1555 1280 1595 1311 εἰς
1619 1279 1653 1306 τὰ
1678 1279 1746 1314 ἔρνη
1770 1279 1860 1305 ποιεῖ’

1068 1329 1114 1354 καὶ
1130 1328 1225 1363 θρηνεῖ
1247 1327 1298 1362 μὲν
1313 1327 1362 1363 τὴν
1382 1327 1463 1354 πίτυν
1474 1335 1480 1342 ·
1498 1327 1593 1362 θρηνεί
1606 1327 1634 1353 δὲ
1649 1326 1699 1362 τὴν
1716 1326 1780 1362 δρῦν
1790 1334 1798 1342 ·
1813 1326 1862 1353 δας

1068 1374 1148 1409 κρύει
1164 1374 1193 1400 δὲ
1217 1373 1267 1409 τὴν
1294 1373 1431 1408 ἀχερωῗδα
1457 1373 1505 1400 καὶ
1524 1373 1642 1400 ἐλεεινὸν
1670 1373 1718 1399 ἐπὶ
1746 1372 1785 1408 τῷ
1811 1373 1864 1408 τῆς

1067 1420 1159 1452 ἐλαίας
1185 1419 1316 1455 ἀνακλᾲει
1335 1419 1422 1455 φυτῷ.
1443 1420 1546 1453 Φεῦγον
1561 1419 1607 1446 οὖν
1621 1419 1669 1446 καὶ
1687 1419 1791 1454 ταύτην
1811 1419 1864 1454 τὴν

1074 1467 1219 1502 συμφορὰν
1230 1467 1261 1494 τὸ
1280 1467 1375 1502 φυτὸν,
1387 1463 1443 1493 οἷον
1458 1466 1603 1501 βλαστάνει
1621 1466 1668 1494 καὶ
1680 1466 1725 1493 τὸν
1741 1465 1860 1501 καρπόν.

1105 1511 1218 1545 Πρῶτον
1234 1510 1285 1545 μὲν
1307 1511 1362 1546 γὰρ
1377 1510 1426 1545 οὐχ
1443 1509 1537 1545 ὥσπερ
1557 1511 1571 1537 ὁ
1590 1510 1679 1545 φοῖνιξ
1697 1510 1745 1537 ἐπὶ
1770 1511 1863 1546 κόμης

1028 1563 1050 1592 c
1068 1556 1097 1583 οὺ
1115 1557 1195 1591 μόνον
1206 1557 1280 1592 κομᾷ.
1290 1577 1297 1589 ,
1312 1556 1380 1583 ἀλλὰ
1394 1557 1542 1589 διαπαντδς
1553 1557 1662 1590 ἐξανθεῖ
1676 1557 1724 1584 τοῦ
1742 1556 1861 1592 βλαστή-

1069 1611 1153 1637 ματος
1165 1623 1172 1635 ,
1191 1603 1239 1629 καὶ
1255 1603 1416 1638 ψυχαγωγεῖ
1436 1604 1483 1630 καὶ
1502 1603 1598 1639 τέρπει
1615 1602 1785 1638 πανταχόθεν
1797 1602 1864 1634 τοὺς

1068 1648 1198 1680 ἐραστάς.
1218 1649 1334 1675 Ἔπειτα
1352 1648 1408 1675 τῶν
1422 1649 1547 1684 καρπῶν,
1563 1650 1577 1676 ὁ
1596 1649 1646 1685 μὲν
1661 1649 1757 1680 λευκός
1767 1656 1775 1664 ⁸
1791 1649 1806 1675 6
1820 1647 1863 1678 δὲ.⁴

1068 1694 1174 1729 ὠχρός·
1193 1694 1208 1720 6
1228 1693 1268 1726 δὲ,
1291 1694 1422 1730 ἐρυθρός·
1443 1695 1458 1720 6
1475 1694 1513 1727 δὲ,
1531 1693 1687 1728 φοινικοῦς·
1704 1694 1718 1720 6
1744 1693 1782 1725 δὲ,
1813 1692 1862 1719 καὶ

1070 1740 1172 1776 μιλτὸς.
1184 1740 1264 1776 Φέρει
1278 1740 1307 1767 δὲ
1321 1740 1375 1767 τῶν
1396 1740 1488 1774 φυτῶν
1515 1740 1562 1766 καὶ
1573 1740 1636 1766 ἄλλο
1650 1739 1700 1774 μὲν
1713 1739 1778 1766 ἄλλο
1787 1759 1794 1771 ,
1811 1737 1860 1765 καὶ

1069 1786 1156 1812 πάντα
1172 1786 1200 1812 δὲ
1215 1785 1246 1812 τὸ
1261 1786 1327 1812 αὑτό
1337 1794 1344 1800 ·
1364 1786 1414 1812 κᾶν
1430 1786 1479 1820 μὲν
1498 1781 1537 1821 τῷ
1551 1784 1641 1820 λευκῷ
1659 1785 1767 1821 χαίρῃς,
1785 1784 1861 1819 παρὰ

1068 1831 1172 1867 ταύτην
1200 1832 1338 1866 βαδίζεις’
1361 1832 1394 1859 ἂν
1415 1832 1444 1858 δὲ
1468 1832 1501 1859 τδ
1532 1831 1649 1867 ἐρυθρὸν
1675 1831 1773 1866 ποθῇς,
1793 1830 1860 1865 παρ’

1069 1878 1178 1912 ἐκείνην
1194 1878 1304 1913 ἀπέρχῃ
1317 1886 1323 1893 ·
1341 1879 1373 1905 ἂν
1385 1878 1415 1904 δὲ
1433 1878 1479 1905 καὶ
1496 1878 1599 1912 ἀμφοῖν
1617 1877 1695 1913 ἐρᾷς,
1716 1876 1793 1912 παρὰ
1810 1876 1861 1911 τὴν

1069 1923 1154 1957 ἄλλην
1169 1924 1265 1958 φοιτᾷς
1277 1932 1284 1938 ·
1306 1923 1339 1950 ἂν
1353 1924 1381 1950 δὲ
1407 1924 1453 1950 καὶ
1477 1924 1566 1950 πάντα
1580 1923 1648 1959 ὁμοῦ
1673 1922 1769 1958 ζητῇς,
1785 1922 1861 1957 παρὰ

1068 1968 1119 2003 τὴν
1135 1968 1271 2003 φέρουσαν
1290 1968 1354 1995 ἄπει
1369 1968 1432 2000 τοὺς
1454 1968 1594 2001 φοινικοῦς
1606 1987 1613 1995 .
1682 1967 1711 1994 δὲ
1725 1968 1788 1998 τοὺς
1811 1967 1860 2001 μὲν

1069 2014 1240 2040 λευκαίνεται
1252 2033 1259 2046 ,
1275 2014 1337 2044 τοὺς
1354 2013 1383 2039 δὲ
1400 2013 1592 2048 ἐρυθραίνεται
1604 2021 1610 2028 ·
1630 2013 1693 2044 τοὺς
1712 2012 1762 2047 μὲν
1777 2012 1840 2047 ἄρτι
1851 2031 1862 2044 ι

1068 2059 1131 2090 τοὺς
1147 2058 1175 2085 δὲ
1190 2058 1256 2094 ἤδη*
1272 2058 1336 2090 τοὺς
1351 2058 1379 2084 δὲ
1409 2057 1456 2084 καὶ
1473 2057 1646 2092 φοινίσσεται
1659 2065 1666 2072 ·
1686 2056 1734 2083 καὶ
1749 2055 1860 2083 λευκαί-

1069 2113 1143 2130 νεται
1163 2104 1212 2139 μὲν
1237 2103 1323 2134 οὕτως
1350 2103 1387 2134 ὡς
1413 2103 1502 2136 γάλα·
1520 2103 1687 2136 φοινίσσεται
1705 2102 1728 2128 δ’
1755 2101 1861 2133 ἐκεῖνος

1069 2150 1106 2180 ὡς
1121 2150 1197 2185 ῥόδον
1210 2158 1217 2164 ·
1248 2149 1415 2184 κεκέρασται
1429 2148 1452 2174 δ’
1464 2147 1552 2180 ἄλλως
1579 2148 1627 2177 καὶ
1654 2147 1759 2179 ᾄλλως’
1777 2147 1792 2174 6
1811 2147 1862 2182 μὲν

1069 2197 1142 2227 ὅλος·
1156 2197 1169 2222 ὀ
1185 2196 1223 2228 δὲ,
1239 2196 1288 2231 οὐχ
1304 2196 1364 2226 ὅλος
1375 2204 1382 2210 ·
1406 2196 1454 2222 καὶ
1468 2195 1483 2220 ὁ
1499 2195 1559 2229 μὲν,
1577 2192 1670 2230 ἦττον.
1694 2195 1708 2220 6
1728 2193 1768 2226 δὲ,
1787 2193 1858 2228 μᾶλ-

223 2233 333 2269 quidem
356 2234 469 2260 mbram
502 2234 614 2265 videris,
646 2234 736 2261 albam
772 2235 884 2261 omnino
903 2235 1014 2269 putabis

1068 2244 1133 2269 λον·
1160 2243 1212 2269 κᾶν
1230 2243 1279 2276 μὲν
1300 2241 1331 2268 τὸ
1359 2241 1474 2276 ἐρυθρὸν
1490 2240 1586 2276 θεάσῃ,
1614 2240 1645 2266 τὸ
1675 2239 1770 2266 λευκὸν
1791 2238 1860 2269 ὅλως

223 2280 352 2314 ignorare
368 2279 515 2312 arborem;
532 2285 559 2307 et
573 2280 595 2307 si
619 2279 645 2306 in
668 2280 785 2314 primam
815 2281 895 2308 istam
917 2282 1014 2310 oculos

224 2325 371 2358 direxeris,
393 2325 461 2352 nihil
486 2325 562 2352 rubri
579 2325 680 2352 fructui
702 2326 793 2353 inesse
817 2327 940 2358 dixeris;
967 2328 1013 2354 sed

225 2372 276 2398 hoc
293 2371 402 2405 quidem
429 2373 527 2405 partim
546 2371 669 2406 sanguis,
697 2372 795 2406 partim
813 2380 877 2399 vero
908 2373 953 2399 nix
975 2374 1015 2400 vi-

223 2417 344 2444 debitur.
361 2415 394 2443 Et
411 2417 499 2444 malus
518 2422 560 2444 est
576 2417 634 2444 visu
657 2425 729 2449 rosa,
755 2418 858 2445 olfactu
886 2426 950 2446 vero
964 2427 1012 2446 un-

224 2467 366 2497 guentum,
383 2467 491 2496 gustatu
507 2467 599 2490 autem
616 2463 688 2490 aliud
707 2463 784 2498 quid,
813 2469 860 2492 aut
877 2473 973 2493 rursus
987 2465 1013 2493 in

223 2515 257 2536 eo
271 2508 387 2535 multum
404 2508 472 2536 alias
488 2508 670 2536 delectatione
682 2509 767 2537 vincit
780 2511 880 2542 malus,
895 2511 959 2538 dum
976 2511 1013 2538 illi

223 2554 284 2583 alia:
311 2554 399 2590 magis
424 2560 633 2589 comparantur.
662 2555 691 2582 Si
716 2556 779 2591 quis
810 2557 923 2585 laudare
950 2558 1015 2585 velit

222 2600 386 2635 cujusquam
401 2601 439 2628 rei
455 2605 576 2634 gustum,
601 2605 648 2627 aut
663 2601 764 2628 malum
786 2601 858 2629 dicet
871 2607 918 2629 aut
937 2603 989 2630 mel
1005 2612 1012 2630 :

223 2650 252 2672 et
267 2645 324 2673 hate
345 2645 429 2680 igitur
457 2642 605 2673 Homerum
623 2651 771 2674 suaserunt
792 2647 826 2674 ad
843 2655 952 2675 omnem
967 2656 1015 2675 vo-

224 2691 340 2718 candum
353 2691 505 2726 iucundum
523 2692 586 2719 mali
606 2691 735 2720 fructum.

260 2736 288 2763 Si
315 2745 380 2765 vero
403 2743 511 2772 oportet
545 2738 646 2767 fabula;
671 2739 842 2772 meminisse,
859 2741 922 2768 etsi
946 2741 1012 2776 quid

225 2781 355 2810 doctrina:
378 2788 404 2810 et
421 2783 609 2812 delectationis
634 2791 689 2812 non
718 2785 897 2820 injucundum
923 2791 962 2814 est
978 2788 1012 2815 ad

227 2827 316 2855 virum
339 2830 476 2863 applicare
495 2831 597 2866 saepius
617 2836 644 2859 et
660 2832 751 2867 ipsum
766 2839 828 2859 cum
849 2832 935 2860 Musis
959 2834 1012 2860 sal-

225 2876 339 2906 tantem,
363 2874 450 2907 aliter,
477 2876 586 2912 quando
610 2875 730 2905 fabulam
758 2882 838 2906 ornat
865 2879 1010 2914 sapientia,

1065 2289 1187 2323 νομίσεις
1210 2289 1317 2321 ἀγνοεῖν
1336 2288 1367 2314 τὸ
1387 2287 1469 2322 φυτόν
1481 2295 1488 2302 ·
1505 2286 1556 2313 κᾶν
1579 2284 1667 2321 τούτῳ
1688 2285 1789 2320 πρώτῳ
1810 2284 1862 2318 τὴν

1065 2334 1128 2368 ὄψιν
1149 2332 1308 2369 προσϐάλῃς
1320 2353 1327 2365 ,
1350 2333 1401 2359 οὐκ
1420 2330 1491 2359 εἶναί
1508 2341 1535 2358 τι
1561 2332 1659 2367 φήσεις
1672 2331 1720 2358 καὶ
1741 2329 1858 2366 ἐρυθροῦ

1065 2379 1103 2413 τῷ
1122 2379 1220 2415 καρπῷ
1229 2387 1236 2395 ·
1249 2378 1317 2405 ἀλλὰ
1328 2379 1358 2405 τὸ
1374 2378 1435 2414 μὲν,
1449 2376 1520 2413 αἷμα
1532 2378 1562 2404 τὸ
1574 2377 1672 2412 μέρος·
1688 2376 1719 2402 τὸ
1731 2376 1771 2409 δὲ,
1788 2375 1859 2408 δόξει

1065 2425 1142 2460 χιών.
1162 2426 1217 2452 Καὶ
1233 2424 1290 2452 ἔστι
1317 2425 1348 2452 τὸ
1365 2425 1451 2460 μῆλον
1477 2425 1542 2451 ἰδεῖν
1558 2425 1607 2459 μὲν
1635 2424 1723 2459 ῥόδον,
1752 2422 1859 2458 ὀσφρή-

1066 2472 1165 2498 σασθαι
1179 2471 1209 2497 δὲ
1233 2470 1318 2506 μύρον
1332 2492 1339 2504 ,
1359 2470 1511 2505 γεύσασθαι
1535 2470 1564 2496 δέ
1588 2478 1615 2496 τι
1640 2469 1721 2501 ἄλλο,
1740 2469 1757 2504 ἢ
1776 2468 1858 2496 πάλιν

1064 2517 1129 2542 αὐτὸ
1147 2516 1230 2551 μῆλον
1242 2515 1314 2542 οὕτω
1327 2516 1374 2542 καὶ
1387 2515 1514 2542 τοσοῦτον
1530 2514 1612 2550 ἡδονῇ
1624 2513 1709 2541 τᾶλλα
1722 2514 1797 2548 νικᾷ,
1811 2513 1858 2540 καὶ

1065 2561 1134 2596 πρὸς
1161 2561 1240 2587 τοῦτο
1266 2562 1381 2588 κάκεῖνα
1424 2561 1525 2595 μᾶλλον
1549 2560 1706 2591 εἰκάζεται·
1737 2560 1789 2587 κᾶν
1816 2568 1858 2591 τις

1065 2607 1186 2633 ἐπαινεῖν
1202 2606 1289 2632 ἐθέλοι
1302 2615 1328 2632 τι
1340 2606 1411 2633 κατὰ
1428 2605 1521 2640 γεῦσιν
1534 2614 1542 2622 ⁴
1554 2606 1569 2640 ἢ
1587 2605 1671 2640 μῆλον
1680 2606 1740 2641 ἐρεῖ
1748 2605 1858 2636 πάντως

1065 2652 1082 2685 ἢ
1096 2652 1158 2686 μέλι
1169 2660 1175 2666 ·
1185 2651 1331 2678 καὶταῦτα
1341 2651 1391 2686 μὲν
1404 2649 1451 2678 οὖν
1464 2652 1510 2678 τὸν
1522 2652 1648 2686 ’Όμηρον
1663 2651 1756 2682 ἔπεισε
1767 2651 1856 2679 πάντα

1064 2698 1166 2731 ἀγλαὸν
1177 2698 1311 2733 ὀνομάσαι
1327 2698 1373 2724 τὸν
1392 2698 1494 2733 μηλέας
1508 2697 1624 2731 καρπόν.

1100 2744 1131 2770 Et
1149 2743 1176 2769 δὲ
1191 2743 1233 2770 δεῖ
1252 2744 1298 2769 καὶ
1322 2743 1409 2778 μύθου
1429 2742 1595 2778 μνησθῆναι,
1615 2741 1661 2769 καὶ
1676 2742 1754 2770 οὐδὲν
1774 2742 1858 2778 ἀηδὲς

1064 2789 1174 2820 παιδιᾶς
1185 2789 1233 2816 καὶ
1250 2789 1429 2824 ψυχαγωγίας
1454 2788 1574 2824 ἅψασθαι
1592 2789 1659 2824 πρὸς
1673 2789 1758 2824 ἄνδρα
1788 2789 1855 2816 πολ-

1064 2834 1142 2866 λάκις
1160 2835 1207 2861 καὶ
1237 2835 1320 2862 αὑτὸν
1334 2835 1368 2862 τὰ
1385 2835 1495 2870 μουσῶν
1513 2834 1682 2870 χορεύσαντα
1693 2843 1699 2848 ·
1725 2835 1813 2867 ἄλλως
1829 2835 1854 2862 θ’

1063 2882 1106 2908 ὅτε
1116 2881 1162 2909 καὶ
1174 2881 1220 2909 τὸν
1236 2881 1319 2917 μῦθον
1333 2882 1430 2921 κοσμεῖ
1443 2881 1616 2917 σωφροσύνη,
1633 2881 1727 2916 φασὶν,
1736 2881 1774 2914 ὠς
1783 2881 1852 2918 κόρη
