2082 3157
233 206 286 238 εστ
860 201 1021 232 JOANNlS
1041 202 1257 249 GEOMETRE
1817 201 1869 235 868

234 263 390 298 Θελξίθεον,
408 262 583 297 θελξίφρονα,
599 260 754 296 θελξιμενῆ,
769 260 912 294 θεόπαιδα,
1040 264 1062 291 Λ
1083 261 1202 294 Ῥὑστιν,
1225 259 1378 296 ρυσίπολιν,
1400 261 1558 296 ῥυσιγενέα,
1570 260 1747 297 ῥυσίκοσμον.

240 311 403 347 Ἰοπάρειον,
423 309 567 345 ιόμματον,
585 307 692 343 ἰόφρυν,
707 307 882 342 ἱμερόεσσαν.
1079 308 1229 344 Σώτειραν,
1250 308 1461 344 σελαηγενέτην,
1478 307 1667 344 σελαλαμπέα,
1685 308 1798 344 σεμνὴν,

233 355 408 392 Κοσμογενῆ,
426 354 618 389 κατάκαρπον,
630 353 740 388 κλεινὴν
757 352 974 388 κοσμογύναικα,
1076 354 1241 394 Τριιςογενῆ,
1257 356 1458 390 τριμάκαιραν,
1478 354 1644 390 τρισσοφαῆ,
1662 355 1833 390 τρισέληνον.

234 400 378 436 Λαοχαρῆ,
394 398 519 434 λαοθαμό
526 398 569 431 έα,
585 397 673 433 λιτὴν,
687 397 889 433 λαομὰκαιραν,
1083 400 1203 436 ’Υψίνον,
1220 399 1414 436 ὖψικάθεδρον,
1428 399 1594 436 ὑπέρτατον,
1609 400 1808 436 ὑψιμέδουσαν.

234 446 382 482 Μυρὶοεον,
402 444 584 480 μυρικοσμσν,
604 443 741 479 μυριφαῆ,
761 443 938 479 μυρίκλητον.
1076 446 1244 479 Φωτοτόκον,
1262 445 1434 480 φαόμορφον,
1453 445 1617 481 φωτοσόὶον,
1637 446 1801 480 φαέθουσαν.

235 491 394 523 Νειοπόλον,
411 490 571 525 νεόκοσμον,
587 490 726 522 ναόθετον,
743 489 929 525 νεοπλάστην,
1077 491 1279 526 Χρυσιπεπλον,
1293 492 1451 527 χαρίεσσαν,
1462 492 1653 528 χρυσόθρονον,
1669 491 1836 527 χαριδώτην,

235 536 406 568 Ξεινοτόκον.
425 536 619 572 ξενοθρέπτην,
638 535 801 568 ξεινότοκον,
815 535 970 572 ξενόοηλυν.
1080 537 1263 573 Ψευδολέτην,
1282 537 1434 573 ψύχαγνον,
1451 539 1595 574 ψυχοσόον,
1613 539 1750 574 ψαλτάδη,

237 583 358 616 Ὄλϐιον,
373 583 540 618 ὸλόιόεργον,
559 582 688 617 ὀνήτορα,
704 581 903 617 ὀλϐοδότειραν.
1085 582 1245 618 Ὠκυτάτην,
1264 583 1379 618 ὡραίαν,
1395 583 1487 619 ὥριον,
1504 583 1668 620 ὠριόπαιδα.

236 629 428 666 Παντοκρατῆ,
446 628 586 664 παναλκῆ,
601 627 747 664 πασιθέην,
762 628 940 663 πασὶκλητον.

949 683 1096 712 HYMNUS
1115 684 1150 717 ν,

237 733 337 762 Gracia
351 733 466 760 versibus
483 732 595 760 heroicis
626 732 658 759 ab
675 732 778 768 incerto
794 737 901 758 auctore
919 732 1040 768 conditus
1056 740 1088 759 ea:
1114 733 1186 766 puris
1202 732 1466 768 epil/zclisLuelerum
1484 733 1639 768 hymnorum
1665 739 1736 768 more
1750 738 1759 757 :
1775 730 1802 768 in
1817 738 1869 765 quo

271 769 352 796 etiam
370 768 522 794 litterarum
532 768 608 798 ordo,
620 767 805 794 carminum'el
821 767 968 793 dictionum
985 765 1123 801 principiis
1138 765 1291 794 obsert'ulur
1305 776 1314 794 :
1328 767 1422 794 Latine
1439 765 1546 794 liberius
1562 767 1649 794 solum
1664 765 1784 800 oratione
1795 766 1870 801 (cum

269 804 386 831 astricta
401 811 447 830 nec
462 803 554 830 liberet
569 810 616 830 nec
628 809 734 829 venuste
747 803 854 837 liceret)
870 802 997 829 verbalim
1014 802 1096 836 ferme
1113 802 1145 829 ab
1159 803 1249 830 eodem
1264 802 1410 837 Intermere
1425 804 1464 829 sic
1478 810 1617 838 expressus
1629 807 1679 829 est.

270 848 412 876 Laudibus
422 847 593 876 celebremus
609 847 655 875 Dei
673 846 735 874 Filii
750 847 875 880 Matrem,
892 847 946 874 Deo
959 847 1088 880 similem,
1105 847 1238 882 integrann
1255 846 1390 881 Sponsam
1404 854 1413 875 :

270 893 338 926 Quae
350 892 410 919 sine
421 896 481 920 satu
496 891 612 926 peperit,
628 890 823 922 castissimam,
835 891 1050 925 integerrimam,
1072 890 1196 926 principe
1212 898 1374 926 puerperam
1390 899 1398 919 :

270 935 414 972 Reginam.
429 943 447 962 ιι
462 935 535 970 [lege
554 934 686 970 genitam,
703 933 784 970 Regis
796 934 977 970 genitricem:

271 980 337 1013 Quae
353 981 443 1014 gentis
467 986 524 1006 suae
536 983 726 1014 proauctorem
740 978 844 1013 genuit,
861 978 1018 1013 Deiparam,
1036 977 1211 1014 propaginem
1225 986 1312 1014 genus
1328 978 1478 1011 humanum
1495 981 1678 1006 recreantem.

271 1024 340 1057 Quae
351 1024 436 1051 Deum
456 1022 541 1050 dedit.
560 1023 679 1059 pretium
692 1023 888 1058 redemptionis
903 1022 1030 1054 exsolvit,
1047 1030 1144 1057 graves
1160 1030 1243 1050 casus
1260 1023 1382 1054 sustulit.
1398 1027 1426 1050 et
1441 1026 1531 1056 optata
1548 1021 1644 1056 largita
1661 1025 1712 1049 est.

271 1069 370 1097 Divino
383 1069 484 1103 spiritu
498 1069 629 1101 amatam,
641 1068 748 1095 felicem
762 1067 789 1095 in
806 1072 896 1103 partu,
910 1067 1090 1094 beneﬁcentia
1102 1067 1276 1101 gaudentem,
1292 1068 1412 1102 gentium
1430 1065 1626 1093 liberatricem.

272 1112 339 1146 Qum
355 1113 438 1140 vitam
457 1112 563 1148 peperit
576 1112 656 1148 plane
667 1111 800 1145 divinam,
812 1111 1127 1142 vitaa'conservatricem,
1142 1119 1224 1146 quam
1241 1111 1324 1139 etiam
1341 1111 1466 1146 largitur.

270 1158 338 1190 Quae
353 1157 446 1184 suavis
461 1161 489 1184 et
501 1157 570 1184 lenis
586 1155 870 1191 apparet,jucnndam
888 1159 1012 1190 aspectu,
1026 1155 1164 1186 blandam,
1180 1155 1257 1182 mitia
1273 1155 1344 1182 dona
1362 1155 1471 1182 dantem
1489 1162 1497 1181 :

273 1202 358 1229 Dcum
368 1201 580 1234 demulcentem,
596 1207 715 1229 mentem
729 1201 940 1233 exhilarantem,
956 1205 1039 1227 cantu
1054 1199 1229 1231 allicientem,
1244 1199 1328 1226 Deum
1341 1198 1441 1226 Filium
1456 1199 1603 1226 habentem
1620 1206 1629 1225 :

272 1246 409 1274 Violaceis
425 1246 502 1281 genis
517 1250 546 1273 et
562 1245 661 1278 oculis,
676 1249 705 1272 el.
721 1245 860 1280 praestanti
875 1248 968 1272 mente
985 1244 1139 1279 praeditam,
1150 1243 1334 1270 desideratam
1348 1252 1356 1270 :

272 1291 302 1318 In
318 1291 422 1318 mundo
435 1290 567 1326 genitam,
582 1289 764 1321 fructuosam,
783 1289 980 1324 percelebrem,
994 1287 1088 1315 mundi
1100 1286 1301 1322 lmperatricem
1317 1295 1325 1314 ς

273 1335 406 1362 Lzetitiam
420 1340 448 1361 et
467 1339 608 1369 stuporem
626 1333 802 1369 populorum,
815 1341 830 1360 a
845 1333 947 1368 quibus
963 1333 1041 1359 beata
1055 1331 1230 1366 praedicatur,
1248 1338 1310 1358 cum
1329 1330 1506 1365 simplicitate
1516 1335 1545 1359 et
1557 1330 1712 1366 abjectione
1722 1327 1821 1357 animi.

273 1379 448 1414 Unguentum
466 1377 514 1405 Dei
529 1383 555 1405 et
573 1376 684 1410 mundi,
697 1377 830 1412 unguenti
851 1377 986 1403 suavitate
999 1375 1151 1411 praeditam,
1169 1379 1197 1402 et
1211 1382 1226 1401 a
1246 1374 1357 1410 myrrha
1370 1379 1494 1401 vocatam
1511 1382 1518 1400 :

272 1423 378 1450 Novum
394 1422 505 1454 ctelum,
522 1429 624 1449 novum
640 1421 786 1453 mundttm,
801 1421 893 1454 templi
909 1420 1126 1450 aediﬁcatricem.
1139 1426 1236 1446 novam
1254 1424 1421 1445 creaturam.

272 1467 348 1495 Novo
362 1471 439 1502 partu
456 1467 571 1499 editam,
588 1473 688 1494 novum
705 1469 813 1500 partum
828 1464 964 1497 edentem,
979 1463 1168 1491 admirandam
1186 1461 1339 1489 mulierem.

273 1511 391 1538 Felicem
406 1515 433 1538 et
448 1510 573 1542 divitem,
591 1509 707 1536 feliciter
726 1513 898 1544 operantem,
918 1508 1091 1543 adjutriccm,
1105 1506 1262 1533 divitiarum
1279 1505 1411 1533 datriccm
1428 1515 1435 1533 :

271 1554 506 1590 Otnnipulentcm,
523 1561 619 1581 omnes
636 1553 662 1581 in
679 1561 707 1581 se
720 1553 792 1580 vires
808 1552 964 1585 habentem,
979 1552 1108 1580 omnibus
1122 1555 1276 1587 parenlem,
1293 1551 1327 1578 ab
1342 1551 1472 1579 omnibus
1486 1550 1641 1578 invocatam
1658 1559 1666 1578 :

272 1598 480 1630 Liberatricem.
498 1597 607 1624 urbium
623 1597 748 1630 tutelam,
762 1596 871 1632 generis
888 1596 931 1623 sui
944 1600 971 1623 et
986 1595 1080 1623 mundi
1098 1595 1256 1631 prtesidium
1274 1603 1282 1622 :

274 1642 467 1674 Servatricem,
480 1649 541 1677 quae
555 1641 638 1676 jubar
653 1641 810 1676 progenuit,
823 1640 957 1675 lampadis
973 1640 1059 1667 instar
1072 1640 1219 1673 lucentem,
1239 1639 1423 1668 venerabilem
1439 1649 1446 1667 ε

276 1687 363 1714 Unius
378 1695 394 1714 e
411 1687 545 1713 Trinitatc
562 1690 715 1720 parentem.
729 1690 771 1712 ter
790 1685 911 1717 beatam,
925 1685 1013 1711 tribus
1029 1684 1179 1712 luminibus
1192 1685 1337 1716 illustrem,
1353 1689 1394 1711 ter
1408 1685 1472 1711 luna
1489 1683 1687 1719 pulchriorem.

275 1730 343 1757 Alta:
359 1730 458 1757 mentis
471 1737 610 1765 capacem,
625 1730 651 1757 in
666 1730 775 1757 excelsa
788 1729 852 1757 sede
869 1731 997 1764 positam,
1012 1722 1169 1762 sublimem,
1186 1729 1212 1756 in
1227 1729 1289 1756 allis
1302 1733 1461 1764 regnantem
1476 1738 1483 1756 :

273 1774 397 1801 Luminis
411 1773 636 1809 procreatricem,
653 1774 713 1800 luce
728 1778 853 1800 ornatam
871 1778 898 1801 ct
909 1774 1048 1806 amiclam,
1066 1773 1219 1809 splendenti
1235 1773 1305 1801 facie
1320 1783 1328 1801 :

273 1818 366 1845 Aureo
382 1819 459 1853 peplo
478 1822 615 1849 ornatam,
634 1825 773 1852 aurcoque
788 1818 816 1845 in
835 1817 933 1844 throno
949 1818 1098 1850 sedentem,
1113 1817 1239 1851 gratiam,
1258 1823 1285 1845 et
1298 1818 1413 1853 gratiam
1428 1817 1589 1854 largientem
1608 1826 1615 1844 :

274 1862 406 1889 llentlacii
418 1862 614 1894 adversariam,
624 1861 744 1888 animam
755 1869 849 1897 puram
857 1862 1175 1894 lnabcntem,animarum
1184 1862 1299 1890 salutem
1308 1867 1510 1897 procurantem,
1518 1862 1633 1889 canticis
1641 1861 1692 1896 piis
1703 1860 1877 1897 gaudentem.

277 1905 486 1934 Velocissimam
507 1906 554 1943 [ad
569 1914 648 1942 opem
664 1906 723 1933 suis
739 1905 901 1942 ferendam],
917 1905 1077 1938 formosam,
1092 1906 1319 1934 venustiSsimum
1335 1906 1434 1934 Filium
1454 1907 1610 1934 habentem.

258 1992 275 2002 μ

679 1988 1873 2004 —_—————————-———‘

643 2078 883 2136 ΙΩΑΝΝ
889 2077 989 2136 ΟΥ
1028 2077 1484 2137 ΓΕΩΜΕΤΡΟΥ

539 2184 865 2212 ΕΗιΓΡΑΜΜΑΤΔ
898 2182 1196 2217 ΤΕΤΡΛΣΤΙΧΔ,
1225 2183 1278 2211 ΩΝ
1303 2183 1326 2210 Η
1356 2183 1581 2211 ΕΠΙΓΡΔΦΙΙ

940 2261 1180 2289 ΠΑΡΑΔΕΙΣΟΣ.

685 2389 985 2448 JOANNIS
1032 2389 1442 2447 GEOMETRAS

506 2503 807 2536 EPIGRAMMATA
824 2502 1106 2535 TETRASTICHA
1129 2503 1271 2540 QUIBUS
1289 2503 1469 2534 TITULUM
1489 2503 1606 2536 FECIT

940 2583 1183 2615 PARADISUS.

668 2668 765 2701 (Edidit
778 2668 839 2694 Fed.
853 2667 980 2698 Morellus,
993 2670 1089 2699 typogr.
1103 2667 1198 2700 regius,
1210 2667 1320 2700 Parisiis,
1333 2669 1402 2700 1595,
1413 2669 1461 2700 δ’.)

1034 2733 1072 2742 -ι-

241 2787 262 2812 Δ
274 2805 279 2813 .
298 2787 353 2812 ὀτι
366 2785 515 2818 ἀθάνατος
523 2785 586 2819 τοῖς
597 2784 864 2820 ἀναγινώσκουσιν
873 2785 893 2819 ἡ
900 2785 1040 2820 ὠφέλεια.
1057 2790 1063 2818 ]

1059 2790 1079 2818 Β
1093 2785 1113 2813 1.
1134 2785 1211 2818 Quod
1233 2785 1314 2820 huius
1329 2786 1596 2850 poemﬂii‘oﬁngua
1609 2788 1702 2822 futura
1721 2789 1756 2816 sit
1775 2789 1881 2817 utiliter

1421 2827 1563 2851 ectonbus.

248 2873 404 2906 ’Δνθεμόεις
416 2873 581 2909 παράδεισος
595 2875 610 2901 ὀ
627 2873 681 2901 τῶν
696 2874 782 2909 ἁγίων
802 2875 881 2910 χορός
894 2875 978 2909 ἐστιν,

912 2884 978 2909 στιν,
1089 2877 1250 2905 Sanctorum
1266 2882 1354 2905 cmtus
1369 2885 1430 2905 vere
1442 2879 1586 2913 paradisus
1599 2887 1734 2912 amoenus,

284 2919 384 2954 Ὀδμῆς
400 2920 491 2955 ἡδείης
507 2921 624 2956 πείρατα
645 2921 849 2956 πιμπλάμενος,

1111 2923 1321 2967 _l.lndc_ani_mis
1337 2924 1409 2952 alllat
1424 2926 1516 2954 suavis
1530 2930 1556 2955 et
1570 2926 1657 2955 almus
1671 2929 1738 2956 odor
1754 2936 1761 2956 :
