2082 3157
226 190 277 222 δτι

262 249 393 282 Subbato,
412 253 439 276 et
453 249 581 276 occiduas
593 247 652 276 sole
667 251 776 283 petente
794 247 898 284 plagas,

226 293 361 328 Perpetua
376 295 493 321 statione
511 301 606 328 preces
620 293 770 326 effundere,
786 293 885 320 deinde

263 342 365 368 Caztera
380 349 428 376 per
441 345 526 368 totum
542 340 636 367 munia
654 340 730 368 obire
745 341 829 368 diem.

411 406 470 433 XII.
492 406 571 434 Domi
587 407 747 434 manendum
765 415 832 435 esse.

228 464 387 491 Cammnrus
408 463 478 490 haud
496 463 568 490 aedes
589 464 713 498 proprias
737 464 907 498 patriamque
933 463 1018 490 relin-

263 507 318 535 Nec
331 509 397 535 muti
413 509 500 543 pisces
517 509 605 535 littora
624 514 797 544 praetereunt.
930 508 1017 544 [quit,

230 554 262 581 Et
277 554 428 581 monachus
442 562 492 581 sua
506 555 563 581 vult
577 559 667 581 tamen
682 559 757 582 extra
770 555 888 581 claustra
904 555 1016 587 morari,

263 600 331 627 Cum
346 600 436 634 laquei
453 600 480 627 in
496 600 602 628 foribus
617 600 756 635 nutritaque
773 600 862 627 vincla
878 601 959 627 sient.

229 666 299 694 XIII.
320 665 395 694 Nihil
418 674 506 694 rerum
533 675 691 702 magnarum
713 667 770 694 sine
798 667 903 694 ardenti
930 667 1018 694 animo

529 703 623 737 conﬁci
639 710 724 737 posse.

232 758 359 785 Decrerat
373 759 436 793 quis
455 766 484 786 se
497 766 530 786 ex
545 759 684 786 hominum
704 759 856 787 subducere
871 764 954 792 metu,

266 805 324 832 Hoc
341 811 430 832 tamen
447 805 553 840 hocque
565 805 653 838 aiens,
668 813 721 832 non
738 805 882 841 peragebat
895 813 975 841 opus.

230 850 342 884 Ahjecta
359 851 466 878 tandem
482 851 586 883 tunica,
603 850 669 878 levis
682 851 715 877 ad
733 850 799 886 juga
817 851 913 878 tendit.

265 895 368 930 Nempe
381 895 439 922 viro
453 895 564 923 audenti
581 896 671 923 sidera
690 896 767 923 adire
777 895 851 923 licet.

312 951 381 978 XIV.
403 950 525 985 Inopiam
540 955 665 978 sanctam
677 958 732 978 esse
746 951 774 977 in
790 951 937 978 monachis.

229 1007 360 1036 Mundum
375 1007 489 1034 illustris
500 1007 583 1034 homo
594 1010 784 1040 contemnens,
798 1006 915 1042 plurima
928 1006 1021 1043 egenis

240 1048 251 1056 ί
267 1054 393 1087 Donavit,
407 1053 531 1089 quaedam
548 1053 728 1088 seposuitque
738 1053 802 1081 sibi.

849 190 1009 221 JOANNIS
1025 189 1241 220 GEOMETII/E

1031 254 1053 280 Α
1104 247 1244 274 Σασῦάτου
1259 245 1345 273 ἵστατ’
1361 245 1441 280 ἀφεὶς
1457 245 1533 280 ἥλιον
1551 243 1679 276 ἐξοπίσω.

1805 185 1859 218 872

1072 295 1155 329 Ἀχρι
1172 294 1222 328 μὲν
1240 294 1269 320 ἐν
1285 292 1431 328 στήθεσσιν
1446 292 1585 323 ἐϐάλλετο,
1606 291 1653 317 καὶ
1667 289 1722 317 τότ’
1738 291 1860 321 ἀποστὰς

1108 339 1254 374 Ὴματιαις
1270 338 1352 365 αὑτὸν
1370 338 1515 373 ἐργασίαις
1530 337 1629 364 ἐδίδου.

1252 407 1303 433 IB’.
1324 407 1389 434 Ὅτι
1404 406 1481 433 οἶκοι
1495 405 1540 432 δεῖ
1553 405 1666 439 μένειν.

1075 465 1206 497 ’Λστακὸς
1220 464 1307 496 οὐδείς
1326 465 1400 491 ἐστιν
1416 463 1548 495 ἀνέστιος,
1566 463 1597 489 οὐ
1612 461 1789 495 λιπόπατρις,

1104 510 1172 537 Οὐδὲ
1191 510 1268 545 γένος
1285 510 1403 537 νεπόδων
1420 509 1481 536 Οἴνα
1501 507 1701 543 παρατροχάει.

1069 557 1124 583 Καὶ
1142 556 1259 590 μοναχδς
1274 555 1382 591 δηθύνει
1398 556 1444 589 ἑῆς
1458 554 1597 589 ἀπάτερθε
1611 553 1717 587 καλιῆς.

1105 602 1194 629 Πολλὰ
1209 602 1286 629 πέλει
1304 601 1357 637 πρὸ
1374 601 1462 637 θυρῶν
1478 601 1594 636 ἅμματα
1605 600 1652 626 καὶ
1666 599 1788 633 παγίδες,

1070 669 1120 697 Il".
1140 669 1204 697 Ὅτι
1214 669 1305 698 οὐδὲν
1313 670 1371 697 τῶν
1379 669 1520 705 μεγάλων
1530 669 1604 696 ἄνευ
1615 668 1728 704 γίνεται
1736 668 1858 702 τόλμης.

1070 760 1186 787 Βούλετό
1202 769 1244 792 τις
1257 760 1319 787 καθ’
1334 760 1362 787 ἓν
1377 757 1455 796 ἦμαρ
1471 759 1656 794 ὑπεκφυγέειν
1670 758 1781 793 βιότοιο,

1113 806 1193 833 Ἀλλὰ
1210 806 1244 833 τὰ
1260 806 1307 833 καὶ
1321 807 1354 833 τὰ
1373 805 1460 840 λέγων
1478 805 1578 841 εἰρύετ¹
1593 804 1669 831 ἔνθεν
1683 804 1772 838 ἀφεὶς,

1072 853 1128 879 Kal
1141 852 1171 879 τδ
1187 852 1312 888 χιτώνιον
1328 852 1395 880 αὐτὸ
1410 852 1443 878 δι’
1457 852 1545 887 ἄκρας
1563 851 1663 886 έδραμε
1677 851 1789 885 κοῦφος·

1114 898 1203 933 Ἀνδρὶ
1212 899 1266 934 γὰρ
1280 898 1404 934 εὐτόλμῳ
1421 899 1468 925 καὶ
1489 898 1569 929 πόλος
1586 898 1644 924 ἐστὶ
1661 897 1752 932 βατός.

1074 954 1123 981 ΙΔ¹.
1140 954 1204 981 Ὅτι
1218 955 1237 989 ἡ
1247 954 1442 989 ἀκτημοσύνη
1456 954 1533 989 ἁγνὴ
1550 954 1585 980 ἐν
1601 953 1755 988 μοναχοῖς.

1072 1009 1153 1039 Ἥλθ¹
1168 999 1376 1047 ἁττοταξάμενος
1391 1011 1550 1043 κυδίστατος
1565 1011 1594 1043 ές
1610 1010 1709 1038 Σκίταν
1724 1010 1805 1046 ἀνὴρ,

1108 1058 1164 1085 Kal
1179 1058 1246 1085 πολὺ
1263 1058 1359 1093 χρῆμα
1373 1058 1464 1090 διδοὺς
1476 1056 1606 1084 κάλλὶπέν
1619 1057 1648 1084 οἶ
1659 1066 1683 1084 τι
1701 1057 1793 1092 μέρος.

232 1101 316 1132 Alter,
331 1099 435 1132 Prima,
447 1095 546 1133 inquit,
561 1099 608 1126 tibi
620 1098 706 1133 gloria
716 1099 831 1134 deperit,
846 1097 974 1132 liaudque
993 1105 1020 1126 es

1077 1101 1146 1130 Εῐπε
1160 1103 1189 1129 δέ
1197 1111 1249 1134 τις·
1264 1103 1320 1129 Kal
1334 1102 1363 1129 τὸ
1379 1103 1444 1138 πρὶν
1458 1103 1613 1135 ἀπώλεσας,
1630 1099 1652 1129 ὧ
1666 1103 1737 1137 φίλε,
1752 1101 1831 1133 κῦδος

266 1147 333 1174 Cum
345 1147 441 1180 donas,
457 1145 580 1173 retinens
595 1145 691 1176 multa.
704 1146 844 1173 vocandus
859 1145 947 1180 inops.

349 1212 408 1240 XV.
428 1212 542 1239 Divitias
552 1212 651 1239 'naxias
665 1211 828 1247 objiciendus
843 1219 909 1239 esse.

232 1281 379 1316 Splendida
392 1280 455 1315 quis
463 1279 538 1308 tenui
549 1287 635 1307 censu
650 1287 772 1314 conopea
790 1283 897 1311 nactus,

267 1327 404 1354 Attonitus
418 1325 506 1354 fuerat
518 1325 675 1360 divitiisque
687 1325 756 1353 suis.
870 1350 872 1353 ,

232 1373 295 1401 Ilaec
311 1374 363 1400 nisi
380 1372 530 1408 perdideris
545 1372 609 1406 cito,
624 1371 662 1399 ait
677 1371 800 1406 quidam,
815 1370 919 1406 optime
939 1370 987 1403 lili,

268 1419 438 1447 I‘ran'enient
455 1425 519 1445 mox
532 1423 568 1451 te,
582 1417 786 1455 perniciemque
805 1417 902 1444 ferent.

321 1475 393 1503 XVI.
412 1475 468 1503 Sua
482 1475 571 1510 potius
582 1475 674 1509 cuique
685 1461 850 1509 deplorando
865 1482 931 1501 esse.

232 1532 376 1568 Chariqui
392 1531 654 1564 astabantanimam
670 1531 816 1558 exhalante
832 1529 1004 1565 Theone(-l).

270 1577 412 1613 Lugebant
427 1585 435 1605 :
450 1576 545 1605 ﬂentes
560 1576 601 1605 sic
615 1576 677 1612 pius
691 1576 844 1612 increpuit:

232 1622 325 1651 Nostis
340 1623 469 1650 nimirum
483 1630 564 1658 quam
578 1622 614 1651 sit
629 1622 702 1650 ferus
718 1621 832 1654 inlerus,
849 1626 877 1648 at
890 1629 937 1649 cur

269 1669 352 1698 Fletis
364 1670 399 1698 ob
413 1674 553 1703 externas,
569 1677 622 1697 non
639 1669 763 1705 proprias
776 1667 896 1695 maculas
913 1666 972 1702 (5)?
999 1706 1019 1711 _

257 1733 339 1762 XVII.
357 1733 410 1762 Eos
425 1735 471 1770 qui
486 1739 627 1770 tegrotant,
643 1743 741 1762 sanare
762 1735 830 1762 alios
848 1742 899 1761 non
913 1742 998 1769 posse.

234 1786 269 1817 υἶ
280 1790 341 1817 tilei
357 1791 462 1826 antiqui
478 1791 574 1826 genios
588 1791 711 1826 repulere
725 1791 859 1827 malignos
874 1799 881 1818 :

269 1836 332 1863 Ilaac
349 1841 451 1870 manet,
467 1841 496 1864 at
513 1837 599 1865 virtus
617 1838 644 1864 in
658 1838 770 1865 nebulas
785 1837 862 1865 abiit.

232 1882 297 1910 lure
313 1883 377 1911 hinc
393 1882 496 1918 Pityrio
509 1883 627 1916 dicebat.
639 1883 783 1912 Daemones
799 1891 896 1912 omnes

269 1928 390 1964 Expellet
405 1929 484 1957 facile
499 1929 546 1964 qui
561 1930 637 1965 prius
655 1937 670 1957 a
688 1937 718 1958 se
733 1930 832 1966 abiget.

232 1994 326 2022 XVIII.
348 1995 425 2028 Quod
439 1997 575 2035 miseratio
588 2005 672 2035 quant
683 1998 713 2035 de
728 2006 754 2025 se
768 1999 884 2026 excitant
897 2007 1024 2035 pauperes

505 2032 569 2067 ipsis
585 2041 631 2059 nos
646 2033 754 2069 obliget.

233 2098 261 2125 Si
280 2105 329 2126 sua
345 2099 496 2134 composito
510 2099 632 2128 velarent
645 2100 748 2128 lumina
765 2102 855 2137 egeni,

268 2144 348 2172 Forte
358 2145 421 2179 quis
436 2145 554 2172 ambiret
570 2146 726 2181 pauperiem
743 2147 876 2182 locuples.

232 2191 314 2225 A'qui
330 2198 392 2218 eum
405 2191 520 2218 reddant
536 2191 613 2219 nobis
628 2192 776 2227 jucundius
791 2201 900 2226 aurum,

268 2237 364 2264 Nonne
380 2237 421 2264 his
435 2245 483 2272 par
497 2237 605 2266 Cereris
620 2237 708 2265 frusta
721 2239 820 2273 pusilla
834 2239 900 2267 dare
916 2239 973 2275 (6)?

233 2291 304 2319 XIX.
325 2292 395 2319 Male
409 2292 539 2328 agendum
560 2301 611 2321 non
627 2302 692 2325 esse.
708 2299 733 2321 et
745 2300 836 2329 postea
850 2295 1022 2330 precandum.

233 2349 296 2376 Dira
312 2348 398 2377 fames
412 2350 508 2377 urbem
524 2355 660 2385 premeret
671 2351 737 2378 dum
749 2351 820 2386 juris
834 2360 960 2389 egenam,

266 2395 390 2434 ‘Orabant
403 2396 475 2424 cives
490 2397 636 2424 mirilicum
655 2397 762 2430 Sisoen,

231 2442 361 2470 Numinis
379 2443 537 2478 imploraret
552 2450 630 2478 opem
649 2452 656 2470 :
674 2443 815 2479 respondit
829 2447 857 2471 at
872 2443 927 2476 ille,

269 2488 290 2516 0
307 2489 423 2521 utinam,
436 2488 521 2522 cives,
538 2488 590 2517 hac
604 2489 699 2524 procul
708 2489 773 2518 urbe
788 2488 884 2517 forem.

231 2555 291 2584 XX.
314 2555 347 2582 In
367 2555 442 2582 rebus
455 2556 535 2583 etiam
551 2557 707 2584 necessariis
722 2558 787 2585 satis
802 2563 955 2586 accuratum
969 2566 1024 2587 esse

408 2593 477 2626 quod
494 2593 602 2619 minime
618 2593 782 2628 superﬂuum
797 2599 846 2621 est.

232 2648 296 2676 Ilazc
311 2647 362 2676 tria
377 2656 430 2676 non
447 2656 558 2684 possum
574 2649 721 2684 dimittere,
734 2650 803 2678 dixit
816 2651 923 2687 Apollo,

266 2693 337 2720 Almi
351 2694 440 2721 somni
459 2703 548 2727 usum,
566 2695 644 2730 panis
659 2700 686 2723 et
702 2696 857 2729 assiduum,

1103 1150 1240 1185 ⁴Τερπνὴν
1253 1150 1307 1183 ἑὸν,
1325 1149 1372 1176 καὶ
1386 1150 1463 1182 ὀδοὺς
1478 1149 1528 1176 οὐκ
1545 1149 1647 1184 ἐπέϐης
1662 1149 1758 1175 ἀὸίων.

1136 1213 1188 1242 IE'.
1210 1215 1277 1242 Ὀτι
1291 1215 1456 1249 ὲπιϐλαϐὴς
1466 1215 1599 1248 πλοῦτος
1614 1214 1797 1248 ἀπόϐλητος.

1074 1283 1200 1318 Πλουσιῳ
1213 1283 1242 1310 ὲν
1258 1282 1351 1319 κλισίῃ
1365 1281 1556 1318 προσεϐήσατο
1573 1281 1684 1317 μέτριος
1696 1281 1746 1316 ἀνὴ
1751 1289 1776 1316 ρ·

1113 1329 1167 1356 Τοῦ
1182 1330 1210 1357 δὲ
1224 1329 1430 1365 ταρασσομένου
1447 1326 1518 1356 οἷσιν
1535 1328 1730 1360 ὲπὶκτεάνοις,

1074 1377 1105 1404 Εἰ
1118 1377 1150 1403 σὺ
1164 1376 1232 1409 τάδ’,
1247 1373 1318 1409 εἷπε,
1331 1376 1393 1415 μαλ’
1407 1372 1477 1407 ὦκα,
1490 1375 1528 1411 μὴ
1539 1375 1676 1411 έξολέσῃς,
1690 1375 1750 1410 φίλε
1761 1374 1865 1407 τέκνον,

1107 1422 1183 1450 Αὑτά
1195 1430 1224 1449 σε
1239 1422 1399 1458 προφθάντα
1414 1422 1505 1458 ῥᾴδιον
1521 1421 1652 1454 ὲξολέσει.

1121 1481 1180 1516 Iq'.
1199 1480 1372 1515 Θρηνητέον
1383 1479 1505 1516 μᾶλλον
1518 1479 1637 1513 ἑκάστῳ
1652 1479 1689 1507 τὰ
1702 1478 1822 1507 ἑαυτοῦ.

1081 1539 1250 1566 Ἐκλειποντι
1260 1539 1348 1566 Θέωνι
1362 1538 1434 1574 φίλοι
1454 1538 1593 1571 συνιόντες
1608 1538 1752 1574 ἐθρήνουν,

1111 1586 1174 1617 Τοῖς
1189 1585 1210 1611 δ’
1225 1584 1437 1620 ὀλοφυρομένοις
1451 1585 1626 1620 μεμφόμενος
1643 1584 1700 1611 τάδ’
1715 1583 1778 1618 ἔφη·

1039 1622 1060 1650 (ἶ
1078 1627 1142 1657 Ὧδε
1170 1630 1226 1666 γὰρ
1242 1629 1342 1671 ειδότες
1357 1628 1413 1661 οἷος
1426 1630 1440 1656 ὁ
1451 1629 1518 1666 ᾅδης
1531 1629 1668 1665 ἀρπαλέος
1682 1629 1745 1664 θὴρ,

1114 1677 1223 1704 Μᾶλλον
1241 1676 1286 1703 ἐπ’
1305 1676 1457 1713 ἀλλοτρίοις
1473 1676 1568 1712 χεύετε
1582 1675 1670 1711 δάκρυ
1685 1676 1773 1703 τόσον.

1078 1744 1127 1772 lZ’.
1143 1744 1204 1771 Ὅτι
1216 1744 1272 1771 οὐκ
1286 1744 1353 1772 ἐστι
1364 1744 1479 1790 νοςεῗν,
1495 1743 1544 1771 καὶ
1554 1743 1730 1779 θεραπεύειν
1741 1743 1868 1777 ἄλλους.

1081 1803 1193 1837 Ἔξελον
1207 1803 1232 1830 οἱ
1249 1803 1377 1839 πρότεροι
1391 1803 1439 1829 καὶ
1453 1803 1585 1839 δαίμονας
1605 1803 1638 1838 ἢν
1651 1802 1695 1830 διὰ
1712 1802 1814 1830 πίστιν.

1121 1849 1157 1877 'H
1173 1849 1201 1876 δὲ
1217 1849 1304 1884 μένει,
1319 1849 1353 1876 τὰ
1367 1849 1396 1876 δέ
1409 1858 1460 1875 που
1469 1849 1499 1876 ὲν
1512 1849 1653 1883 νεφέεσσιν
1671 1848 1728 1876 ἔδυ.

1028 1884 1038 1926 ξ
1079 1893 1148 1922 Εῐπε
1167 1895 1196 1922 δὲ
1209 1895 1358 1931 Πιτυρίωψ
1378 1895 1441 1922 Ῥέα
1455 1895 1588 1930 δαίμονας
1603 1895 1761 1928 ἐξελάσειεν

1086 1943 1134 1974 Ὃς
1150 1941 1237 1977 πρῶτ’
1249 1942 1279 1976 ἐξ
1293 1941 1375 1969 αὑτοῦ
1390 1941 1485 1969 τούσδε
1497 1942 1681 1970 διεσκέδασεν.
1719 1958 1721 1960 -

1131 2009 1186 2038 III'.
1204 2011 1266 2038 ’Ὁτι
1278 2011 1451 2046 κατάχρεως
1465 2011 1481 2038 ὁ
1495 2008 1596 2044 οἶκτος
1610 2010 1673 2045 τοῖς
1687 2011 1828 2046 πένησιν.

1079 2110 1110 2137 El
1124 2110 1266 2137 συνέθεντο
1283 2110 1400 2146 πένητες
1413 2111 1445 2138 ἑὰ
1461 2110 1575 2146 βλέφαρῗ
1592 2110 1825 2146 ἀμφικαλύπτειν,

1115 2156 1246 2189 Πλούσιος
1263 2157 1343 2192 ἤθελέ
1359 2166 1401 2189 τις
1416 2158 1498 2194 ἀλαῖῃ
1512 2157 1650 2193 ἑπροθέειν.

1079 2202 1137 2230 Νῦν
1154 2203 1176 2229 δ’
1192 2203 1254 2230 ἐπεὶ
1265 2203 1422 2231 ἐκτελέουσι
1440 2203 1469 2230 τὸ
1485 2204 1598 2239 χρυσίον
1613 2204 1689 2240 ἥδιον
1702 2205 1779 2241 ἡμῖν,

1113 2249 1150 2276 οὐ
1168 2249 1220 2284 χρὴ
1239 2248 1398 2281 ὲπιστάξειν
1417 2250 1506 2276 τοῖσδε
1524 2249 1599 2277 σίτου
1612 2250 1719 2286 ρανίδα.

1038 2304 1063 2335 D
1098 2305 1150 2334 ΙΘ¹.
1171 2306 1231 2334 Ὅτι
1244 2307 1280 2334 οὺ
1294 2306 1436 2342 πράττειν
1449 2306 1504 2339 δεῖ,
1515 2307 1564 2335 καὶ
1580 2307 1672 2340 οὕτως
1691 2308 1842 2343 εὔχεσθαι.

1079 2362 1164 2389 Ἀστυ
1178 2362 1258 2398 λιμὸς
1270 2362 1358 2399 ἔτειρε
1374 2363 1547 2399 δικαιοσύνης
1564 2364 1608 2392 διὰ
1624 2364 1714 2400 λιμόν

1113 2408 1174 2435 Τῶν
1191 2408 1220 2436 δὲ
1231 2409 1432 2436 κατοικούντων
1447 2409 1617 2446 λισσομένων
1631 2411 1729 2447 Σισόην

1075 2453 1224 2487 Εΰεασθαι,
1237 2454 1303 2486 Θεὸς
1317 2454 1355 2487 ὡς
1366 2454 1438 2482 ἔλθοι
1451 2455 1643 2491 ἐπιτάρροθος,
1656 2453 1744 2483 εἶπεν

1110 2499 1179 2527 οὐδὲ
1196 2500 1250 2536 γὰρ
1262 2500 1344 2532 αὐτὸς
1361 2500 1417 2535 ὲγὼ
1432 2501 1529 2537 ἠθελον
1543 2501 1632 2529 ἐνθάδ’
1649 2502 1726 2537 ἔμεν.

1076 2565 1118 2595 κ’,
1137 2567 1200 2594 Ὅτι
1208 2567 1266 2595 κὰν
1273 2567 1336 2602 τοῖς
1343 2568 1518 2604 ἀναγκαίοις
1527 2569 1559 2596 τό
1571 2569 1730 2604 ἀπέριττον
1739 2569 1868 2604 ἀκριϐές.

1076 2656 1164 2692 Νικᾷν
1178 2656 1213 2683 τὰ
1227 2656 1289 2692 τρία
1300 2657 1387 2685 ταῦτα
1399 2659 1544 2694 ἀμηχανῶ,
1561 2657 1639 2687 εἶπεν
1660 2660 1796 2694 ’Δπολλῶ,

1112 2702 1165 2729 Τὸν
1179 2702 1308 2738 ζείδωρον
1324 2703 1418 2737 ὕπνον,
1435 2705 1483 2731 καὶ
1499 2704 1529 2731 τὸ
1544 2705 1581 2741 μὴ
1594 2706 1677 2740 ἄρτον
1692 2706 1745 2733 ἔδει
1755 2725 1763 2739 ,

232 2739 366 2776 Quodque
376 2741 565 2769 indumentum
577 2750 642 2777 gero
655 2751 661 2770 :
674 2743 853 2773 verumjstaac
865 2743 915 2771 tria
928 2753 1020 2773 rursus

1076 2746 1131 2773 Kal
1143 2746 1245 2782 τρὶτον,
1258 2747 1325 2775 αὐτὸ
1335 2749 1366 2775 τὸ
1378 2750 1464 2783 φάρος
1477 2749 1492 2776 ὃ
1507 2739 1633 2786 ἕννυραι·
1650 2751 1720 2778 ἀλλὰ
1741 2751 1788 2779 καὶ
1801 2751 1871 2780 αὐτὰ

269 2787 327 2814 Non
345 2787 407 2822 plus
418 2796 500 2823 quam
516 2796 565 2824 par
581 2793 622 2817 est
635 2797 678 2817 me
693 2796 824 2825 superare
840 2794 957 2826 queunt.

265 2864 304 2900 (ι)
325 2863 416 2900 Herm.
437 2865 499 2893 Soz.
514 2867 533 2894 |.
547 2875 584 2899 vx,
597 2875 623 2895 c.
639 2867 683 2895 58.

1115 2793 1204 2828 Νικᾷν
1219 2791 1297 2826 αὖθίς
1314 2803 1348 2830 με
1362 2795 1455 2822 πλεῖον
1469 2796 1631 2832 ἀμηχανέει.

1077 2871 1195 2908 alienun:
1211 2872 1280 2908 luget
1294 2878 1439 2906 peccatum,
1451 2879 1496 2901 ttllI
1509 2883 1596 2903 suum.

265 2899 304 2934 (ὅ)
328 2899 358 2926 ιι.
378 2899 459 2929 Bern.
474 2901 502 2929 iu
519 2902 959 2939 1).ΜςιξςάοΙ.Ηρίίςιὶοεαιτὶιιίιὶο,
976 2911 1021 2933 aut
1113 2907 1150 2942 (6)
1170 2899 1252 2936 Plato"
1260 2899 1562 2946 in'pti'a-u'rd'éity's‘i'i'.
