2082 3157
194 130 248 162 873

904 117 1130 149 PABADISUS.

1770 112 1823 144 874

196 183 262 212 KA'.
289 183 353 209 Ὅτι
385 182 441 209 οὐκ
475 181 540 208 ἔστι
566 179 625 212 Θεῷ
639 179 795 206 δουλεύειν
827 176 876 203 καὶ
902 177 984 209 Μαμ-

1043 173 1105 200 KXI.
1131 171 1204 198 Fieri
1230 179 1278 198 non
1297 177 1375 212 posse:
1395 173 1422 195 ul
1442 168 1522 195 simul
1542 168 1713 195 inserviamus
1733 169 1785 198 Deo
1799 177 1824 198 et

546 215 628 250 μωνᾲ
633 236 639 242 .

197 276 249 304 Τὸν
265 275 365 311 χρυσὸν
381 274 492 309 φιλέων,
509 273 611 307 φιλέειν
626 273 728 307 ἔραμαι
743 271 789 298 καὶ
801 270 928 306 Χριστὸν,

237 362 306 389 Ἀλλ’
318 362 361 389 ὅδε
377 362 426 397 μὲν
440 361 567 396 ξυνάγειν
586 362 661 396 φής’,
678 362 692 388 ὁ
710 361 731 387 δ’
748 360 940 392 ἀποξυνάγειν.

197 407 230 436 κ’
243 405 291 445 ᾗχι
305 408 424 435 τάλαντα
440 408 528 443 ῥέπει,
544 409 590 435 καὶ
603 409 620 442 ἠ
640 407 743 434 διάνοια
757 406 861 442 ὀπηδεῖ.

232 455 311 490 οἴμοι
325 454 408 481 τῶνδε
421 455 502 489 ὲρῶν,
521 454 657 489 ἥμόροτον
672 453 845 489 ἀμφοτέρων.

298 510 362 538 KB’.
384 511 448 538 ’Ὁτι
460 511 653 546 πολυσχιδὴς
668 511 688 545 ὴ
701 511 881 545 ἁπόκαρσις.

201 568 302 603 ’Δνδρα
311 567 442 603 τύραννος
450 568 540 603 ἔκειρε
549 568 648 600 Σατὰν,
657 568 744 601 νόσος,
754 568 879 603 αὶσχύνη,
891 568 984 603 ἔχθρα,

239 613 294 640 Καὶ
308 613 399 645 πενίη,
417 613 463 639 καὶ
477 612 545 647 ἔρις,
561 613 607 640 καὶ
622 613 703 644 πόθος
716 613 860 649 οὐρανίων.

200 658 293 685 Ταῦτα
307 658 336 684 δὲ
350 659 514 693 πειρασμοῖς
525 667 554 684 τε
565 659 612 685 καὶ
624 658 720 694 ὕϐρεσι
733 659 856 693 κρίνεται
869 660 934 694 ἡμῖν

235 704 289 731 Καὶ
307 704 347 739 τῷ
361 704 488 739 ἀνιδρωτὶ
503 705 559 735 τοῖς
576 704 711 739 καμάτοις
729 704 808 732 ἰέναι.

331 758 395 785 KI".
413 758 434 785 Τ
435 759 576 794 εκμήριον
586 759 850 794 ὰνθρωπαρέσκου.

202 836 337 872 Νηστεύει
351 845 393 868 τις
406 837 484 872 ἕκητι
498 836 577 870 Θεοῦ,
593 837 641 864 καὶ
651 837 729 873 ἕκητι
746 838 879 865 θεώντων.

238 882 301 914 Πῶς
315 882 378 909 τάδε
391 880 420 909 εὖ
433 882 544 918 γνοίης;
559 884 659 910 Μεῖνον
673 884 726 915 ἕως
745 884 841 911 νοσέοι.

203 927 297 963 Τόφρα
311 927 339 955 δέ
356 927 382 962 γ’
396 929 420 955 εἰ
437 928 542 956 Θανέειν
560 929 708 965 ἱμείρεται,
724 928 754 957 εὖ
766 931 824 957 τάδ’
839 930 936 964 ἀνέτλη
946 937 953 944 °

238 974 271 1001 Εἰ
285 974 315 1001 δέ
328 974 355 1001 κ’
367 974 529 1007 ἁποσκάζει,
541 975 672 1008 είσοδίαζε
687 976 792 1010 φίλους.

230 1028 293 1056 ΚΔ’.
315 1029 381 1056 Ὀτι
391 1030 428 1057 οὐ
440 1030 535 1058 καλὸν
550 1031 584 1058 τὸ
598 1031 840 1059 ὑποστέλλεσθαι
859 1031 965 1060 πᾶσιν.

203 1085 276 1113 Νοῦν
290 1094 333 1118 τις
344 1086 412 1122 ἔχων
427 1087 577 1123 πτερόεντα
587 1088 635 1116 καὶ
651 1088 753 1122 ἔνθεον,
766 1089 868 1116 ὁππότε
879 1091 973 1125 χεῖρας

240 1131 359 1167 οὐρανὸν
371 1133 509 1164 εἰσεπέτα,
525 1133 614 1160 οὐκέτ’
629 1135 656 1165 ἐς
672 1134 755 1160 αὐτὸν
770 1134 828 1170 ἔην’

205 1177 300 1204 Τοίνυν
316 1177 401 1204 εἴπατ’
414 1177 510 1212 ἔμελλε
526 1178 612 1213 φίλοις
626 1179 708 1215 εὐχὴν
722 1180 871 1214 δεένεσθαι,

241 1222 286 1250 Τὼ
299 1223 362 1259 χέρε
377 1223 538 1258 συμϐάλλων
553 1224 592 1259 ἂψ
608 1225 739 1252 ἀπέϐαινε
758 1226 847 1260 μόνος.

566 1281 647 1308 KE'.‘
824 1315 833 1320 _

207 1335 248 1362 Τὰ
262 1335 326 1371 τρία
340 1336 428 1363 ταῦτα
442 1337 535 1372 φέρειν
549 1338 707 1366 ἐπετέλλετο
726 1340 798 1376 ἱερὸς
813 1341 884 1377 ἀνήρ
895 1350 901 1356 ·

248 1381 292 1407 Ἐν
305 1383 386 1419 φρεσὶ
403 1383 592 1419 σωφροσύνην,
610 1384 676 1412 αἰδὼ
689 1387 736 1413 ἐπὶ
751 1387 909 1423 βλεφάροις,

208 1426 320 1462 Γλώσσῃ
333 1428 518 1465 ἀλυκτοπέδην
528 1438 535 1446 ι
551 1431 644 1457 ἐκάλει
658 1432 719 1466 τόγε
731 1433 793 1464 τοὺς
806 1433 944 1466 τοιούτους

243 1473 296 1500 Τοῦ
310 1474 427 1509 μεγάλου
439 1475 525 1502 Λυδοῦ
541 1476 637 1504 πολλὸν
649 1478 850 1514 ἀφνειοτέρους.

261 1531 335 1564 KG".
352 1530 417 1558 ’Ὅτι
430 1531 521 1567 λόγος
533 1533 671 1567 ἀπρεπὴς
681 1532 791 1569 αἶσχος
800 1535 925 1564 ἄλυτον.

209 1588 445 1624 Σχοινολογοῦντος
468 1589 588 1626 ἑταίρου,
603 1590 688 1626 ἔφησέ
703 1598 760 1624 τι;’
778 1592 816 1619 οὐ
839 1592 917 1619 τόσον
937 1593 995 1619 ἐστὶ

244 1679 335 1706 Δεινδν
346 1678 487 1715 ὀλισθῆσαι
500 1679 539 1715 τῷ
555 1679 626 1714 ποδὶ,
644 1681 681 1712 ὡς
697 1681 735 1716 τῷ
751 1681 822 1709 ἐπει.

211 1724 244 1751 El.
256 1725 285 1751 δὲ
299 1725 352 1760 γὰρ
367 1725 401 1752 ἂν
417 1723 488 1761 καὶῇ
503 1725 556 1752 ἀπὸ
568 1726 616 1752 τοῦ
630 1727 720 1760 ποδὸς,
733 1727 765 1754 οὺ
779 1728 857 1755 τόσον
868 1728 910 1762 εἴη
921 1737 927 1744 ·

246 1770 305 1798 Οὐκ
320 1771 421 1805 ἀγαθὸς
438 1771 467 1797 δὲ
481 1771 560 1808 λόγος
575 1771 669 1799 λύεται
684 1773 745 1800 οὐδὲ
759 1773 847 1809 μόρῳ.

228 1827 292 1856 ΚΖ’.
307 1829 367 1855 ’Ὁτι
383 1830 574 1863 πολύτροπος
588 1831 607 1863 ἠ
624 1830 677 1865 τῆς
697 1831 803 1864 κακίας
820 1831 977 1865 ἐπιϐουλή.

212 1887 319 1922 Σφριγᾷ
335 1887 381 1914 καὶ
403 1887 495 1921 φύσις,
507 1887 537 1914 οὺ
553 1888 654 1922 πρήσει
669 1887 698 1914 δέ
711 1896 747 1920 τι,
769 1888 806 1924 μὴ
822 1888 998 1923 προδιδούσης

248 1935 344 1970 Ψυχῆς
356 1943 363 1950 '
376 1935 408 1961 ἐκ
421 1935 449 1960 δὲ
463 1934 546 1970 βορῆς
567 1935 661 1970 ἄγριος
676 1935 761 1962 ἵστατ’
776 1936 855 1970 ἔρως.

210 1980 310 2014 ,Ἂνδρὶ
325 1980 353 2006 δὲ
368 1979 524 2015 νηστεύοντι
536 1981 598 2014 δφις
614 1979 732 2014 φθονέων
747 1979 898 2015 πολεμίζει,

248 2025 373 2061 Καδμείη
391 2034 420 2052 τε
433 2025 476 2051 tot
488 2025 550 2060 νίκη
563 2025 730 2060 ἐπιτροχάει.

232 2078 298 2106 K‘H’.
314 2079 379 2106 ’Ὅτι
394 2081 421 2106 οἱ
434 2080 492 2107 νῦν
516 2080 582 2115 περὶ
599 2079 657 2114 τὴν
673 2079 783 2114 ἀρετὴν
795 2081 982 2115 ἀμϐλύτεροι.

215 2166 283 2195 Elite
296 2169 406 2204 γέροντι
422 2169 495 2200 νέος·
520 2169 582 2197 Πῶς
596 2168 702 2203 ἤλθετε,
717 2169 764 2194 καὶ
775 2168 837 2203 δίχα
851 2167 963 2202 μόχθου,

251 2213 307 2248 Τὴν
317 2214 427 2249 ἀρετὴν,
440 2215 522 2249 ἡμεῖς
534 2213 596 2240 οὐδὲ
608 2214 667 2248 μετ’
681 2213 832 2248 ἑμμελίης;

214 2259 299 2286 Τοῦτο
307 2257 402 2295 γὰρῆν
413 2260 492 2295 μόνον
500 2260 580 2294 ἔργον
590 2268 597 2274 ·
605 2259 712 2286 ἅπαντα
720 2259 748 2285 δὲ
757 2259 852 2286 τ’ἅλλα
864 2258 1002 2294 πάρεργα.

255 2314 264 2330 ι
286 2306 344 2332 Πᾶν
363 2305 385 2332 δ’
398 2306 466 2340 ὅπερ
480 2305 513 2332 ἂν
526 2305 630 2341 ἐθίσῃς,
644 2305 697 2332 κᾶν
712 2305 792 2340 βαρὺ,
808 2305 873 2340 ῥᾷον
884 2305 946 2338 ἔφυ.
961 2314 970 2330 ι

216 2372 280 2400 ΚΘ’.
298 2373 363 2400 Ὀτι
376 2373 413 2401 τὰ
428 2373 462 2401 ἐν
476 2373 617 2408 θαλάσσῃ
633 2374 681 2400 καὶ
693 2373 727 2400 ἑν
743 2373 783 2406 τῷ
799 2373 924 2408 παρόντι
933 2373 1001 2405 βίῳ.

217 2461 300 2488 Οὐδὲν
312 2462 376 2494 ἁλός
392 2462 416 2498 ῤ’
428 2463 442 2489 ὁ
458 2462 514 2497 βίος
532 2463 684 2498 διενήνοχεν
694 2471 701 2478 “
717 2462 828 2490 ἅστατοι
845 2463 939 2497 ἄμφω,

254 2509 362 2543 Πικροὶ,
382 2508 556 2544 θηροτρόφοι,
575 2510 600 2535 οἱ
612 2509 721 2543 λιμένες
736 2508 863 2544 βωχέες.

218 2555 314 2581 Πολλοὶ
329 2555 391 2586 ἁλός
410 2556 434 2581 τ’
448 2556 556 2590 ἀνέμων
575 2556 735 2597 ἀδαήμονες,
759 2556 847 2591 αὐτὰρ
862 2557 876 2583 ό
900 2556 1004 2592 δαίμων

254 2602 339 2637 Τῇσιν
350 2602 431 2633 ὀπαῖς
445 2602 532 2629 πνείει
548 2602 659 2637 μᾶλλον,
673 2603 690 2638 ἢ
706 2605 734 2630 ὲν
755 2603 879 2637 πελάγει.

353 2660 392 2686 Λ’.
410 2660 474 2685 Ὅτι
489 2659 592 2693 καιρὸς
604 2659 692 2685 παντὶ
710 2659 867 2694 πράγματι.

219 2715 353 2751 Κείμενον
368 2716 397 2742 ἐν
415 2716 560 2751 προθύροις
574 2716 619 2742 τὸν
631 2715 755 2751 Λάζαρον
770 2717 819 2751 οὐχ
833 2717 968 2750 ὀράασκεν

219 2796 418 2859 Χ(ηόΛιΙυείο
447 2797 586 2824 venustior
609 2802 652 2825 est
681 2797 707 2824 in
733 2796 846 2830 Grmcis,
873 2797 1005 2832 Χριστὸς,

248 2840 296 2859 ouo
316 2842 335 2859 :.

247 2840 335 2868 ρυσος.

343 2879 479 2911 ΡΑτιιοΙ..
492 2881 549 2910 Gn.
564 2880 645 2911 CVI.

1348 204 1514 231 Hammona).

1036 264 1140 292 Aurum
1158 264 1255 291 adamo
1269 263 1425 298 (Ἰλίου-οε,
1440 262 1579 290 Christum
1594 263 1641 290 sed
1653 270 1746 291 amare
1761 272 1824 298 per-

1711 309 1785 345 [oplo
1799 319 1805 337 :

1072 357 1166 392 Jungit
1177 362 1205 384 at
1217 356 1262 384 hic
1276 355 1394 389 animos,
1408 356 1561 384 distrahere
1574 355 1639 383 illud
1656 360 1730 383 amat
1747 365 1753 383 :

1037 403 1151 437 Quoque
1163 402 1262 429 talenta
1276 402 1335 429 auri
1347 406 1472 436 vergunt,
1485 401 1593 429 animus
1602 409 1712 437 quoque
1721 402 1805 437 vergit
1817 412 1824 429 :

1073 449 1119 476 Sic
1132 448 1214 475 simul
1230 449 1289 475 haec
1303 448 1444 480 adamans,
1458 448 1550 483 privor
1564 452 1681 483 utroque
1698 449 1791 476 simul.

1160 503 1245 531 XXII.
1272 503 1418 531 Tonsuram
1442 504 1614 540 multiplicem
1637 513 1703 532 esse.

1039 561 1085 589 Vis
1099 561 1249 593 hominem,
1262 560 1349 595 pudor
1363 567 1410 588 aut
1425 560 1520 593 Satan,
1537 561 1685 588 morbusve
1699 561 1828 596 totondit,

1073 608 1129 640 Lis,
1147 607 1188 634 vel
1203 607 1356 642 pauperies,
1374 611 1421 633 aut
1433 614 1510 634 amor
1524 607 1667 635 aethereus.

1038 654 1168 681 Adversis
1182 654 1264 681 rebus
1281 652 1359 680 facile
1375 653 1432 680 hzec
1447 653 1645 687 dignoscimus,
1663 657 1690 680 et
1705 653 1729 681 si

1074 699 1142 732 Quis
1157 699 1227 726 ferat
1243 705 1374 726 arumnas
1385 698 1490 733 absque
1504 698 1597 725 dolore
1612 705 1718 733 graves.

1039 754 1132 782 XXIII.
1156 755 1288 782 Indicium
1314 755 1463 790 obscquiosi
1489 763 1534 782 seu
1559 756 1712 789 popularem
1734 762 1830 783 auram

1283 791 1412 821 venantis,
1427 795 1452 816 et
1467 798 1524 816 vere
1534 790 1582 824 pii.

1001 851 1025 880 Β
1039 836 1086 864 llle
1100 835 1158 868 Dei,
1178 835 1223 863 hic
1240 836 1383 862 hominum
1401 843 1484 863 causa
1496 836 1613 871 jejunat,
1628 840 1657 864 at
1668 836 1740 865 istud

1076 881 1129 915 Qui
1145 881 1261 909 nos‘ces?
1274 882 1361 909 morbi
1377 889 1438 909 cum
1458 883 1581 909 cruciare
1593 882 1682 910 solent
1699 892 1707 910 :

1042 927 1118 955 Tunc
1134 929 1156 955 si
1172 932 1288 955 mortem
1305 932 1388 962 optet.
1399 928 1502 963 jejunia
1516 936 1579 956 vera
1594 929 1740 957 videntur:

1078 972 1106 1000 Si
1123 972 1249 1007 trepidet,
1267 972 1328 1000 ﬁcte
1340 973 1485 1007 religiosus
1505 974 1588 1002 homo
1601 978 1652 1002 est.

1113 1027 1208 1055 XXIV.
1234 1028 1400 1056 Praeclarum
1420 1037 1475 1056 esse
1490 1029 1610 1056 omnibus
1625 1030 1759 1058 inservire.

1043 1083 1176 1111 Praeditus
1189 1083 1290 1119 aligera
1307 1085 1369 1118 quis
1384 1089 1473 1111 mente
1486 1083 1638 1113 etNumine
1651 1085 1740 1120 plena,

1080 1130 1182 1165 Raptus
1200 1134 1259 1157 erat
1273 1130 1379 1164 quoties
1396 1130 1478 1158 ferret
1490 1130 1523 1158 ad
1539 1135 1613 1158 astra
1629 1139 1747 1160 manus:

1044 1175 1111 1204 Cum
1126 1175 1272 1203 charorum
1285 1181 1350 1210 ergo
1365 1174 1444 1202 vellet
1458 1175 1618 1203 meminisse
1634 1176 1784 1211 precando,

1079 1221 1214 1256 Jungebat
1228 1221 1343 1255 palmas,
1357 1220 1429 1255 juris
1444 1224 1557 1255 eratque
1567 1220 1623 1249 sui.

1213 1276 1297 1305 XXV.
1312 1277 1388 1310 Quod
1406 1279 1458 1305 tria
1473 1279 1601 1306 servanda
1612 1279 1676 1307 sint.

1046 1337 1110 1364 llaec
1124 1336 1175 1364 tria
1190 1340 1342 1368 serventur,
1362 1335 1404 1362 vir
1418 1339 1528 1363 sanctus
1542 1336 1644 1371 ubique
1659 1338 1786 1365 monebat
1803 1359 1810 1366 .

1083 1382 1223 1409 Sobrietas
1238 1381 1341 1412 animo,
1358 1381 1563 1416 luminibusque
1579 1382 1676 1416 pudor.

1048 1427 1217 1461 Vinculaque
1227 1427 1255 1454 in
1266 1426 1369 1461 lingua.
1379 1425 1445 1453 Nam
1458 1427 1503 1461 qui
1515 1427 1575 1454 tulit
1588 1427 1645 1455 haec
1656 1428 1832 1464 tria_puneta,

1083 1473 1210 1508 Principe
1227 1473 1357 1499 nimirum
1374 1476 1416 1499 est
1427 1472 1509 1500 ditior
1525 1473 1570 1500 ille
1586 1472 1701 1508 Lydum.

1008 1533 1029 1561 ο
1046 1528 1142 1557 XXVI.
1160 1528 1237 1561 Quod
1250 1529 1374 1555 indecora
1391 1529 1476 1556 oratio
1498 1528 1610 1556 dedecus
1631 1530 1767 1558 indelebile
1788 1532 1834 1559 sit.

1048 1586 1122 1614 Vana
1143 1587 1271 1621 loquente
1287 1586 1352 1619 alio,
1375 1587 1481 1614 monuit
1497 1587 1607 1622 quidam
1626 1597 1632 1615 :
1650 1588 1727 1616 llaud
1744 1590 1835 1624 gravis

1729 1634 1818 1671 [error

1084 1677 1177 1712 Usque
1192 1679 1260 1705 adeo
1276 1677 1321 1704 ille
1337 1678 1436 1713 pedum
1452 1683 1503 1711 est,
1521 1679 1614 1715 lapsus
1630 1685 1661 1708 ut
1676 1681 1777 1716 elotluii
1794 1692 1799 1708 :

1048 1722 1171 1757 Namque
1183 1723 1282 1757 pedum
1296 1723 1387 1760 lapsus
1397 1725 1468 1759 quod
1480 1724 1542 1757 fert,
1553 1726 1693 1753 tolerabile
1707 1727 1837 1755 damnum

1085 1767 1137 1795 Sed
1152 1775 1252 1802 pravus
1265 1775 1357 1796 sermo
1374 1776 1426 1796 non
1442 1770 1511 1804 perit
1525 1771 1635 1799 interitu
1649 1771 1696 1807 (8).
1754 1772 1817 1809 [ρει.

1121 1824 1230 1852 XXVII.
1249 1825 1327 1858 Quod
1342 1826 1500 1860 multiplices
1513 1828 1564 1854 sint
1582 1828 1638 1855 vitii
1653 1828 1767 1856 insidim.

1050 1880 1149 1909 Fervet
1166 1886 1274 1915 natura,
1289 1882 1360 1910 haud
1375 1884 1430 1910 urit
1445 1884 1635 1917 nihilominus,
1652 1886 1725 1913 illam

1086 1925 1238 1955 Prodiderit
1252 1927 1280 1954 ni
1296 1936 1374 1955 mens
1390 1937 1398 1962 ;
1414 1937 1460 1956 esu
1474 1938 1551 1957 amor
1566 1931 1699 1958 exoritur.

1051 1973 1190 2008 Jejunami
1207 1974 1310 2000 homini
1323 1982 1435 2008 serpens
1447 1980 1537 2002 movet
1549 1983 1644 2010 aspera
1657 1976 1739 2008 bella,

1087 2019 1207 2047 Cadmeo
1228 2023 1334 2047 tantum
1349 2025 1380 2047 ut
1392 2020 1501 2047 vincere
1518 2028 1594 2048 more
1608 2026 1700 2056 queat.

1052 2073 1171 2101 XXVIII.
1193 2073 1244 2101 Eos
1259 2075 1304 2109 qui
1319 2083 1387 2101 mmo
1396 2076 1503 2136 ἇιῇυιιηι,
1520 2077 1554 2104 ad
1573 2077 1694 2104 virtutem
1715 2087 1770 2106 esse
1787 2085 1839 2108 lar-

1417 2118 1494 2136 rores.

1117 2135 1125 2153 .
1396 2118 1494 2137 mores.

1053 2164 1165 2192 Dicebat
1178 2165 1269 2192 vetulo
1280 2165 1390 2200 juvenis
1408 2173 1414 2192 :
1429 2165 1545 2198 Quinam
1562 2167 1665 2201 absque
1678 2167 1771 2196 labore

1088 2210 1224 2238 Virtutem
1241 2219 1271 2239 es
1282 2216 1389 2244 nactus,
1407 2213 1450 2239 vix
1466 2219 1516 2247 ego
1530 2220 1591 2240 eum
1607 2214 1717 2241 studio?

1054 2256 1110 2284 lloc
1122 2265 1218 2289 unum,
1229 2257 1328 2292 inquit,
1342 2265 1410 2292 opus
1427 2258 1488 2291 fuit,
1502 2259 1572 2286 haud
1588 2260 1639 2286 alia
1654 2261 1746 2288 omnia
1757 2268 1841 2294 cura).

1057 2312 1066 2328 ι
1084 2302 1187 2338 Nempe
1200 2311 1251 2331 usu
1268 2304 1325 2331 leve
1339 2304 1391 2331 erit
1405 2305 1477 2339 quod
1494 2304 1544 2332 luit
1556 2310 1618 2332 ante
1635 2314 1726 2341 grave.
1749 2317 1759 2333 ι

1054 2372 1150 2400 XXIX.
1177 2373 1242 2405 Quae
1263 2374 1291 2399 in
1311 2374 1380 2400 mari
1395 2375 1525 2414 eveniunt,
1549 2375 1577 2401 in
1595 2375 1644 2402 hac
1665 2384 1766 2411 quoque
1790 2377 1840 2404 rita

1367 2414 1524 2442 contingere.

1058 2466 1121 2493 Vita
1137 2466 1206 2493 mari
1221 2466 1329 2499 similis,
1343 2474 1389 2494 res
1404 2475 1521 2502 namque
1534 2468 1637 2496 incerta
1651 2473 1678 2496 et
1694 2469 1791 2496 acerba

1095 2511 1226 2547 Utraque,
1240 2512 1369 2547 alensque
1380 2512 1462 2539 feras.
1477 2513 1578 2540 Littora
1591 2519 1654 2540 sunt
1665 2515 1772 2547 brevia;

1057 2558 1127 2585 Sunt
1141 2559 1225 2585 maris
1238 2565 1269 2585 ac
1286 2562 1429 2585 ventorum
1446 2558 1534 2594 ignari
1552 2560 1663 2593 plurimi
1680 2568 1686 2586 :
1701 2565 1729 2586 at
1741 2561 1799 2595 ipse

1094 2603 1151 2631 [τίοι
1167 2604 1271 2631 daemon
1285 2611 1362 2639 mage
1377 2612 1424 2639 per
1435 2609 1544 2638 pectora
1556 2613 1637 2639 quam
1654 2605 1774 2640 pelagus.

1054 2659 1138 2686 XXX.
1166 2659 1398 2693 Opportunitalem
1419 2659 1446 2685 in
1460 2660 1531 2686 omni
1546 2667 1572 2686 re
1593 2660 1763 2694 spectandam
1776 2668 1833 2688 esse

1056 2716 1227 2744 Vestibulum
1241 2720 1303 2743 ante
1315 2716 1413 2744 domus
1426 2721 1542 2744 stratum
1554 2717 1715 2752 despexerat
1726 2717 1797 2745 lrum
1806 2717 1840 2753 (9'
1873 2704 1875 2706 ι

1098 2796 1137 2832 (8)
1154 2795 1190 2832 ρ.
1205 2796 1325 2832 August.
1337 2796 1363 2822 in
1378 2795 1488 2823 Euchir.
1500 2796 1580 2832 Greg.
1595 2796 1662 2824 Naz.
1675 2797 1708 2825 de
1719 2797 1844 2826 Silentio.

1097 2831 1135 2867 (9)
1153 2831 1296 2859 Lazarum.
1316 2831 1380 2858 Luc.
1396 2839 1451 2859 χιιι.

1629 2878 1667 2909 28
