2082 3157
263 147 317 180 875
872 143 1031 174 JOANNIS
1051 143 1085 173 G]

1058 143 1267 175 3EOMETR/E
1828 145 1880 180 ετδ

297 201 385 233 Dives,
397 207 471 227 nunc
485 207 549 226 vero
570 197 683 233 suspicit
698 197 805 224 eminus
821 196 903 223 hunc.
1059 201 1082 229 Α

1059 201 1082 229 Α
1139 198 1167 224 '0
1184 196 1306 225 πλουτῶν
1317 205 1322 212 ·
1335 197 1370 224 τὰ
1387 197 1414 224 δὲ
1431 197 1478 224 νῦν
1488 197 1601 232 τηλόθεν
1617 198 1737 233 εἰσοράᾳ.

267 256 276 273 ι
296 246 362 273 Nam
379 253 421 273 res
436 246 563 273 adversas
576 242 711 277 vigilantia
728 242 814 269 suevit
826 249 937 268 amare:

1099 253 1108 270 ι
1127 244 1165 279 Τῇ
1181 244 1235 279 γὰρ
1250 243 1388 278 ἀναγκαίῃ
1402 244 1432 270 τὸ
1446 243 1583 279 γρήγορον
1597 244 1641 271 ἀεὶ
1659 244 1771 279 ὀπηδεῖ.

297 291 410 318 Noscito
425 295 541 324 tempus,
562 289 600 315 ait
617 289 688 315 tilius
711 286 822 322 Hyradii
838 286 907 322 (10).
931 296 939 311 ι

931 296 939 311 I
1131 289 1217 315 Γνῶθι
1232 288 1336 324 καιρδν,
1352 288 1403 323 ἔφη
1419 289 1554 321 Πιττακὸς
1572 289 1710 325 Ὺραδίου.
1728 298 1738 316 ι

314 345 409 373 XXXI.
429 343 505 377 Quod
522 341 669 376 majoribus
685 349 786 376 semper
801 341 859 375 quis
874 340 966 367 inltiet.

1138 343 1201 369 AA'.
1219 343 1283 369 Ὅτι
1297 341 1359 375 τοῖς
1372 341 1514 377 μεγάλοις
1529 341 1577 369 ἀεί
1588 350 1634 375 τις
1650 342 1835 371 ὲπισπεύδει.

259 400 351 428 Ardua
367 406 411 426 res
424 397 526 424 homini
538 399 580 424 est
591 395 724 423 mundum
734 394 927 430 comprendere
939 398 1022 421 totum
1035 401 1043 420 :

1035 401 1043 420 τ
1095 397 1188 424 Πάντα
1200 396 1292 423 λαϐεῖν
1305 396 1351 423 τὸν
1364 395 1466 431 κόσμον
1484 396 1624 431 ἀμήχανόν
1633 397 1690 424 ἐστ’
1702 398 1847 434 ἀνθρώπῳ,

295 443 405 480 Optauti
419 448 510 471 tamen
524 442 596 470 hunc
611 442 747 476 linquere,
764 440 892 475 perfacile
904 445 955 467 est.

929 445 955 466 il.
1129 441 1223 468 Πάντα
1239 442 1267 468 δὲ
1281 442 1354 468 τόνδε
1370 442 1468 474 λιπεῖν,
1481 442 1571 477 ῥᾴδιον
1587 443 1650 470 ὄσκε
1670 443 1751 471 θέλει.

259 490 311 517 Sed
330 490 393 525 quia
407 489 440 516 ab
457 489 570 523 antiquo
587 487 675 515 fastus
694 486 766 513 mala
781 485 884 514 sentina
900 485 1042 517 habemus,

1019 492 1042 517 s,
1102 487 1172 515 Ἀλλ’
1189 487 1378 523 ὑπερηφανίης
1388 487 1419 514 τὸ
1431 487 1560 522 ἁπαρχῆς
1576 488 1688 523 σπέρμα
1702 489 1841 523 λαϐόντες,

293 536 428 571 Perpetuo
445 535 551 562 fructus
567 533 732 561 demetimus
746 532 816 559 vitii.

1136 533 1266 568 ’Λμῶμεν
1278 534 1338 560 κατ’
1352 534 1413 566 ἔθος
1428 533 1534 569 καρπὸν
1546 534 1718 570 ἀμαρτίνοον.

254 600 361 628 XXXII.
395 600 491 628 Omnia
517 600 552 627 ad
578 598 769 635 institutionem
800 597 945 624 vicinorum
972 603 1041 629 pra:-

1092 600 1155 628 AB'.
1174 599 1239 626 "Ou
1265 598 1312 626 δεῖ
1333 600 1431 626 πάντα
1454 600 1498 632 εις
1518 599 1681 635 οἰκοδομὴν
1704 600 1758 627 τοῦ
1783 601 1877 633 πέλας

556 634 653 662 stando
676 640 741 660 esse.

713 640 741 660 εει
1430 634 1535 662 ποιεῖν.

256 703 404 730 Gustarant
417 700 542 729 monachi
559 707 606 728 sua
621 706 670 734 per
683 698 808 727 convivia
826 705 934 725 carnes.

1093 700 1171 727 Δαιτί
1187 699 1258 733 φίλοι
1272 698 1384 734 μοναχοὶ
1397 698 1481 733 κρέας
1492 698 1584 733 ἧσθιον
1595 705 1602 713 ³
1615 697 1663 734 ὀψὲ
1674 698 1695 725 δ’
1707 698 1759 734 ἔφη
1769 707 1821 731 τιςο

291 747 360 774 Tum
375 747 437 782 quis
453 746 576 774 Pastori:
589 745 654 779 Cur,
664 745 712 777 ait,
728 743 799 771 haud
815 742 951 770 comedis?

1128 745 1189 776 Πῶς
1206 744 1235 771 δὲ
1251 745 1294 777 σὺ,
1319 741 1341 770 ὦ
1353 743 1465 779 ποιμὴν,
1481 744 1511 770 οὺ
1524 744 1609 778 φάγες
1622 752 1629 777 ;
1645 744 1722 771 ’Όττι
1736 745 1805 772 πάνυ

256 793 406 821 Praesentes
421 792 560 825 liesissem,
576 791 664 826 inquit
677 799 685 818 :
702 798 762 817 nam
778 789 842 817 talia
852 788 957 816 edendo

1092 792 1161 823 Τοὺς
1177 791 1326 826 παρεόντας
1341 790 1424 818 ἄασα.
1438 791 1557 826 Ἐφαντο
1570 791 1635 826 γὰρ,
1650 790 1688 823 ὡς
1709 791 1772 818 Ἐὰν
1783 789 1857 824 οὗτος

291 839 359 867 Cum
372 838 423 866 sint
438 837 514 870 talis,
532 837 592 872 quis
609 834 919 871 temperetjngluviem?

857 834 919 862 8m?
1127 838 1205 870 Τοῖος
1217 837 1300 864 τοιάδ’
1315 836 1381 870 ἔδοι,
1400 836 1442 868 τίς
1454 836 1492 872 μὴ
1508 836 1659 872 ἁδηφαγέοι
1671 845 1679 871 ;

336 893 455 921 XXXlll.
473 892 527 920 Cur
539 891 606 919 bella
619 891 744 918 hodierna
758 890 809 917 sint
827 890 959 924 graviora.
1055 884 1078 912 Β
1127 893 1158 920 Α]

1055 884 1078 912 Β
1127 892 1189 920 AI".
1207 893 1268 920 Ὀτι
1282 894 1309 920 οι
1322 893 1449 927 πόλεμοι
1465 892 1529 926 τοῖς
1547 893 1606 920 νῦν
1625 894 1840 928 ἰσχυροτέροις.

256 949 305 976 Dic
321 948 400 976 nobis
412 955 462 975 cur
477 947 532 974 sint
548 946 619 973 mala
633 952 706 973 nunc
718 943 836 979 majora,
851 943 939 975 beate,

1092 949 1172 980 Εἰπὲ,
1187 948 1292 985 μάκαρ,
1305 949 1350 976 διὰ
1364 949 1391 976 τι
1408 949 1604 984 κρατερώτερα
1616 948 1664 976 νῦν
1677 949 1712 975 τὰ
1726 949 1788 976 κάκ’
1798 949 1875 983 Earl;

292 993 421 1027 Quotidie
432 997 461 1021 et
476 991 596 1026 patimur
610 998 692 1026 quam
705 990 829 1025 graviora
847 988 940 1024 prius?

1125 995 1181 1022 Καὶ
1196 995 1272 1029 παρὰ
1288 995 1351 1027 τοὺς
1363 995 1513 1031 προτέρους
1529 995 1644 1030 πάσχειν
1658 995 1837 1032 οἶκτρότερας

251 1039 315 1073 Quo
332 1039 443 1074 propius
461 1037 545 1065 Satan
566 1044 616 1064 sua
632 1037 706 1064 novit
722 1043 804 1070 regna
821 1036 923 1067 venire,

908 1043 923 1067 ε,
1091 1041 1147 1067 Καὶ
1163 1041 1218 1076 γὰρ
1231 1040 1270 1067 ὅτ’
1285 1040 1390 1075 ἐγγίζει
1405 1040 1453 1068 τοῦ
1466 1041 1553 1068 Σατᾶν
1567 1042 1582 1076 ἡ
1598 1034 1730 1076 (tamen,

291 1084 437 1113 Terrieolis
456 1083 525 1111 solet
539 1083 604 1110 hinc
615 1082 714 1110 saevius
722 1081 845 1111 .irruere.

1126 1086 1232 1121 Λάόρον
1249 1087 1386 1120 ἑπαιγίζει
1404 1087 1504 1121 μᾶλλον
1520 1087 1691 1122 ὲφημερῑοις.

255 1138 376 1167 XXXIV.
402 1137 536 1172 Quemque
557 1145 584 1165 se
595 1136 689 1197 ἐρείκη
720 1135 830 1162 revereri
854 1139 879 1162 et
905 1133 1040 1162 observare

614 1179 628 1197 ε
645 1179 696 1197 ere.

982 1140 1040 1160 υανε
1160 1140 1221 1168 ΛΔ’.
1238 1141 1302 1168 Ὅτι
1315 1140 1434 1174 ἑαυτοῖς
1439 1140 1563 1175 μᾶλλον
1573 1141 1803 1176 ἐπαισχυντέον.

614 1179 696 1198 πει-ε.

256 1227 308 1261 Qui
326 1234 460 1256 excussus
475 1226 593 1262 propriis
608 1225 697 1252 aliena
708 1223 816 1260 negotia
830 1222 928 1255 cernit,

1091 1229 1148 1260 Πᾶς
1160 1229 1173 1255 ὁ
1187 1227 1267 1262 ἀφεὶς
1278 1227 1313 1255 τὰ
1329 1227 1437 1260 ἑαυτοῦ,
1449 1227 1621 1254 ἐπισκοπέων
1635 1227 1663 1254 δὲ
1678 1227 1712 1254 τὰ
1724 1227 1821 1261 ἄλλων,

292 1274 414 1309 Angusta
433 1277 474 1300 est
487 1272 556 1304 acie,
575 1278 604 1299 se
619 1270 712 1306 procul
729 1275 810 1305 atque
826 1268 898 1296 videt
914 1277 922 1295 :

1125 1273 1302 1309 Στεινόκαρός
1314 1274 1355 1305 τίς
1371 1274 1441 1306 ἐστι,
1455 1273 1503 1300 καὶ
1513 1273 1557 1300 διὰ
1566 1272 1645 1299 τοῦτο
1658 1272 1751 1308 βλέπει

257 1320 304 1348 Sin
319 1320 377 1347 visu
390 1320 494 1347 intento
508 1318 637 1345 reddatur
650 1316 750 1353 pupula
766 1315 864 1350 major,

1091 1319 1219 1354 Τηλόθεν·
1233 1320 1257 1346 εί
1271 1320 1294 1346 δ’
1305 1320 1346 1351 είς
1361 1319 1509 1354 εὐρύχορον
1525 1319 1555 1346 τὸ
1570 1319 1655 1350 πάθος
1665 1327 1697 1352 γε
1708 1319 1837 1354 μετέστη,

292 1366 328 1393 Se
342 1372 458 1393 cernens
474 1371 567 1399 prope,
587 1371 641 1391 non
654 1362 788 1399 prospicit
801 1362 918 1390 ulterius
934 1360 1003 1389 (in.

892 1369 918 1390 ιε
934 1360 1003 1389 tm.
1133 1364 1262 1399 Ἐγγύθεν
1274 1365 1354 1392 αὐτὸν
1371 1365 1442 1398 ιδὼν,
1456 1364 1571 1401 ἀλλαχοῦ
1579 1365 1628 1400 οὐχ
1639 1354 1714 1400 toris.

256 1429 368 1459 XXXV.
383 1429 459 1464 Quod
476 1429 499 1457 si
514 1429 536 1457 is
549 1429 594 1463 qui
605 1428 735 1488 _metttitutr
748 1427 826 1462 perit,
848 1426 931 1453 multo
955 1425 1039 1460 magis

566 1472 610 1492 au:
624 1471 712 1492 vetera
728 1483 734 1489 .

1091 1431 1154 1458 AE'.
1170 1430 1231 1458 ’Ότι
1248 1431 1274 1458 et
1293 1431 1310 1457 ό
1329 1430 1522 1492 ψευδόέέἓέἒὲ
1536 1430 1679 1482 ’ὄλλυταθ
1692 1430 1710 1457 ό
1736 1429 1874 1463 ἐπίορκος

566 1472 610 1499 ψη
624 1471 734 1498 pejerat.

717 1471 734 1489 ι·
1424 1471 1522 1492 πόσον
1533 1471 1539 1492 .‘

258 1533 287 1561 Si
303 1532 403 1568 lyricus
419 1530 504 1558 David
522 1536 585 1558 vere
596 1529 730 1557 cecinisse
741 1532 863 1563 putatur,
1058 1562 1077 1568 _

1058 1562 1077 1568 _
1092 1531 1123 1557 Ει
1139 1531 1153 1557 ό
1166 1529 1283 1565 λυρῳδδς
1298 1529 1379 1556 Δαὸὶδ
1391 1528 1458 1564 ὁμοῦ
1476 1529 1523 1556 καὶ
1538 1528 1618 1556 τοῦτο
1632 1529 1726 1561 ἀείδει,

293 1562 438 1605 ὶίοιιάαοεε
451 1575 551 1612 perdes
565 1580 677 1610 prorsus
693 1562 866 1608 inaniloquos
881 1580 889 1598 :
1054 1562 1078 1595 C

1054 1562 1078 1595 ο
1134 1576 1177 1608 Ὡς
1185 1562 1309 1608 Ἀπολεῖς
1320 1562 1424 1608 πάντας
1437 1577 1499 1607 τοὺς
1511 1575 1657 1606 λαλέοντας
1667 1574 1764 1610 ψεῦδος
1775 1583 1781 1589 ·

257 1625 330 1659 Ergo
340 1623 387 1650 ubi
401 1622 454 1650 erit
470 1625 526 1649 tum
541 1620 589 1656 qui
602 1627 652 1648 sua
665 1627 711 1654 per
725 1618 845 1655 periuria
861 1620 975 1645 cunctos

1092 1622 1148 1649 Ποῦ
1161 1622 1194 1649 ἂν
1211 1622 1253 1657 εἴη
1268 1623 1342 1654 ὅστις
1359 1622 1405 1649 καὶ
1418 1622 1545 1657 ἐπίορκον
1558 1621 1688 1657 ὀμόσσας,
1785 1623 1798 1628 “

292 1668 420 1701 Oﬂendit,
436 1667 536 1703 quibus
552 1670 595 1694 est
607 1665 711 1700 integra
726 1669 817 1692 mente
829 1662 916 1691 ﬁdes?
951 1662 953 1667 “

871 1662 916 1690 35?
951 1662 953 1667 ”
1127 1668 1234 1700 Πάντας
1248 1668 1309 1695 ἀᾶθ*
1319 1668 1394 1695 ὅσσοι
1408 1669 1502 1695 πιστὸν
1515 1668 1607 1703 έχουσι
1619 1669 1693 1701 νόον;

294 1722 415 1750 XXXVI.
435 1721 560 1756 Cujusvis
573 1728 625 1748 non
643 1727 699 1747 esse
710 1719 742 1746 de
755 1719 851 1746 virtute
864 1717 1003 1744 disserere.
1093 1725 1115 1751 Λ

1093 1725 1164 1757 Λςι.
1180 1724 1244 1751 Ὀτι
1258 1724 1295 1751 οὺ
1307 1723 1367 1750 τῶν
1377 1724 1531 1758 τυχόντων
1540 1725 1557 1751 d
1571 1725 1638 1759 περὶ
1652 1724 1761 1759 ἀρετῆς
1772 1725 1873 1760 λόγος.

257 1777 372 1805 Pastore
383 1782 399 1802 a
413 1774 514 1802 celebri
526 1773 590 1800 dum
606 1772 668 1808 quis
688 1777 765 1807 rogat
781 1778 864 1798 aurea
879 1770 964 1802 dicta,

1092 1777 1202 1812 Ποιμὲν’
1217 1778 1334 1813 ἀνήρετο
1348 1786 1390 1810 τις
1403 1778 1449 1805 τὸν
1464 1778 1595 1814 ἀοίδιμον·
1610 1779 1678 1805 Εἰπέ
1692 1788 1720 1805 τι
1734 1780 1821 1815 ῥῆμα.

294 1822 334 1849 Ex
347 1820 400 1848 alio
416 1819 528 1855 glandes
541 1819 641 1846 robore
654 1817 763 1851 collige,
780 1816 818 1844 ait
833 1815 892 1852 (ibi)
907 1825 914 1843 :

1125 1825 1219 1860 Αὐτὰρ
1232 1824 1283 1858 ὅγ’·
1297 1823 1364 1858 Οὒκ,
1383 1824 1466 1859 ἄλλην
1481 1825 1547 1861 δρῦν
1563 1825 1699 1860 βαλάνιζε,
1715 1825 1767 1861 ἔφη
1781 1833 1787 1840 ·

259 1866 325 1894 Nam
340 1865 486 1901 pulchrum
505 1863 570 1899 quid
585 1863 618 1891 de
633 1863 733 1889 virtute
747 1862 846 1889 docere
860 1860 943 1896 pudet
961 1867 1015 1893 me,

1007 1879 1015 1893 ’
1091 1871 1220 1907 Λζδὲομαι
1235 1871 1288 1906 γὰρ
1307 1870 1362 1906 ἐγὼ
1375 1872 1441 1906 περὶ
1455 1860 1505 1905 τῆς
1522 1871 1624 1906 ἀρετῆς
1641 1880 1669 1898 τι
1680 1860 1825 1898 διδάσκειν.

293 1914 361 1939 Cum
375 1917 474 1946 magna
488 1909 630 1941 affectans,
645 1908 687 1935 vix
705 1907 817 1934 minima
832 1906 957 1934 efﬁciam.

950 1926 957 1934 ·
1134 1906 1178 1944 Ἐν
1195 1917 1307 1952 μεγάλῳ
1321 1917 1375 1952 γὰρ
1391 1917 1473 1952 ἐρῶν,
1489 1917 1551 1943 οὐδὲ
1565 1917 1617 1951 γρὺ
1640 1916 1767 1943 ἐκτελέω.

318 1963 448 1993 XXXVII.
473 1963 549 1996 Quod
562 1963 651 1998 inopia
665 1963 773 1990 minime
787 1961 918 1989 invidiosa
934 1961 978 1987 sit.

934 1961 978 1987 δίί·
1211 1970 1273 1998 AZ'.
1287 1971 1348 1998 Ὅτι
1365 1971 1398 1998 τὸ
1414 1971 1528 2005 ἄπορον
1540 1971 1753 2006 ἀνεπίφθονον.

257 2022 309 2057 Qui
321 2022 417 2054 livore,
432 2020 495 2048 odio
509 2025 536 2048 et
548 2020 624 2048 curis
635 2026 687 2046 nos
701 2018 828 2050 solveret,
845 2022 927 2053 atque

1092 2026 1124 2053 Εἰ
1139 2026 1278 2062 μερίμνας
1291 2035 1332 2058 τις
1352 2025 1423 2058 ἔλυε,
1436 2026 1483 2052 καὶ
1496 2025 1589 2060 ἔχθεα,
1605 2025 1654 2062 καὶ
1671 2025 1777 2059 φθόνον,
1791 2021 1850 2052 εἶτα

294 2067 411 2094 Duceret
427 2065 460 2093 ad
476 2071 614 2097 securam,
632 2064 833 2100 innocuamque
846 2062 930 2095 viam,

875 2069 930 2095 am:
1128 2060 1181 2102 Εἰς
1188 2060 1338 2106 ἀμέριμνον
1352 2070 1410 2097 ὁδον
1422 2068 1474 2105 ἦγε
1483 2071 1531 2096 καὶ
1547 2060 1693 2105 ἀπόλεμον,

257 2112 395 2148 Numquid
410 2119 473 2140 eum
490 2109 690 2145 sequeremur?
707 2113 734 2137 at
748 2109 805 2136 haec
824 2109 895 2136 bona
911 2107 1043 2142 pluraque

1093 2116 1150 2143 οὐκ
1156 2116 1188 2143 ἂν
1197 2116 1240 2143 ἐπ’
1250 2117 1329 2144 αὑτὸν
1340 2117 1401 2152 ἴμεν
1411 2116 1485 2148 τάδε,
1496 2116 1544 2143 καὶ
1552 2115 1633 2142 πλέον
1646 2115 1730 2142 ἐσθλὰ
1741 2115 1876 2151 προτείνει

292 2159 377 2187 Aﬂ'ert
390 2158 535 2194 pauperies
549 2165 556 2185 :
569 2160 598 2184 et
609 2159 701 2184 tamen
711 2155 784 2182 hanc
801 2153 941 2189 fugimus?
952 2152 1043 2188 [nobis

865 2153 941 2181 "W5?
952 2152 1043 2188 [ηοω⁸
1134 2162 1166 2188 Ἦ
1177 2162 1353 2198 ἀκτημοσύνη
1371 2162 1417 2189 καὶ
1435 2161 1593 2196 φεὸόμεσθα
1607 2162 1687 2196 κότῳ.

258 2211 401 2241 XXXVIII.
427 2211 505 2244 Quod
520 2211 542 2251 is
559 2211 602 2237 cui
618 2210 714 2251 bellum
729 2210 844 2244 infertur
860 2208 1040 2243 undequaque,
1053 2228 1080 2258 D
1094 2217 1158 2245 Ληι,
1176 2218 1235 2244 νοτ,
1251 2217 1284 2244 τά
1299 2217 1487 2251 πανταχόθεν
1498 2217 1724 2251 πολεμούμενον
1735 2215 1876 2250 ἄτρωτον.

503 2253 547 2272 om:
564 2246 668 2280 effugiat
681 2245 800 2271 vulnera.

258 2306 282 2330 A
294 2303 366 2330 bello
378 2301 452 2337 quod
469 2301 581 2335 linguae,
600 2299 687 2327 oculis
704 2303 786 2334 atque
799 2298 913 2326 auribus
926 2297 990 2325 imis

958 2297 990 2325 iis
1094 2304 1181 2330 Ὠτων
1195 2303 1241 2330 καὶ
1259 2302 1393 2338 γλώττης,
1410 2303 1456 2330 καὶ
1470 2303 1594 2338 ὄμματος
1609 2303 1641 2329 ἐκ
1653 2301 1780 2337 πολέμοιο

293 2349 424 2381 lnfertur,
436 2348 529 2375 nullus
544 2346 699 2374 monticolis
719 2350 808 2373 metus
823 2352 875 2373 est.

851 2352 875 2372 ιι·
1133 2349 1242 2376 Ῥύεται
1257 2349 1270 2375 ὁ
1285 2349 1393 2384 σκηνῶν
1405 2348 1515 2384 οὔρεσιν
1525 2348 1673 2384 ἠλιϐάτοις.

258 2395 356 2423 Cordis
365 2398 393 2421 at
408 2393 540 2420 infestant
555 2392 606 2419 hos
616 2391 708 2426 praelia
723 2391 791 2423 sola,
807 2389 922 2425 proinde

1098 2395 1187 2430 Ὀχλεί
1201 2395 1223 2421 δ’
1237 2396 1251 2422 ό
1262 2395 1376 2431 κραδίης
1393 2395 1510 2429 πόλεμος
1528 2394 1619 2429 μόνος,
1633 2393 1690 2420 ἀλλ’
1704 2394 1745 2420 ὅτι
1770 2391 1876 2427 μοῦνος,

294 2439 353 2467 Non
372 2438 427 2467 fera
441 2447 448 2465 :
464 2445 527 2465 nam
544 2437 571 2464 in
586 2436 764 2466 multisVMars
781 2435 943 2463 metuendus
954 2434 1041 2462 adest.

1128 2441 1165 2467 Οὐ
1183 2441 1299 2476 χαλεπός
1309 2449 1316 2456 ν
1328 2441 1445 2476 χαλεπὸς
1460 2441 1482 2467 δ’
1497 2441 1525 2467 ὲν
1543 2440 1699 2467 πλεόνεσσιν
1718 2440 1815 2474 Ἄρης.
1890 2442 1892 2459 |

258 2493 379 2523 XXXIX.
407 2493 483 2525 Quod
509 2499 723 2561 sermoggfeuq:i‘nt
741 2491 840 2525 ﬁducia
865 2489 962 2525 prolati
990 2498 1041 2516 non
1128 2497 1190 2524 Λθι,
1206 2497 1270 2523 ὀτι
1285 2497 1312 2523 οι
1322 2496 1397 2531 μετά
1410 2495 1581 2530 παρρησίας
1591 2495 1676 2529 λόγοι
1690 2492 1842 2521 ἀθάνατοι,

257 2584 432 2613 Monticolam
448 2589 536 2611 salvus
552 2582 618 2610 dum
631 2583 757 2618 princeps
771 2581 883 2614 detinet,
905 2585 988 2615 atque

1094 2582 1195 2617 ’Λνδρα
1203 2583 1318 2617 κατέσχε
1327 2582 1460 2617 τύραννος
1466 2582 1608 2617 ὀριτρόφον
1621 2591 1627 2597 ·
1639 2581 1677 2614 ὡς
1686 2581 1708 2608 δ’
1717 2582 1762 2608 ἐπὶ
1772 2581 1802 2608 τδ
1811 2580 1876 2616 σφὸν

292 2631 457 2660 Pertrahere
470 2629 636 2664 intrepidum
653 2630 681 2657 in
695 2636 744 2657 sua
755 2629 837 2657 verba
853 2628 957 2662 nequit,

1128 2628 1221 2662 Δόγμα
1237 2627 1287 2662 μὲν
1301 2628 1350 2662 οὐχ
1363 2627 1424 2663 ᾕρει
1435 2647 1443 2659 ,
1465 2627 1530 2654 υΰτι
1544 2628 1675 2660 δέδοικας,
1690 2627 1754 2663 ἔφη,
1789 2626 1857 2663 [θοις

257 2677 395 2713 Nunquid,
407 2676 457 2708 ait,
465 2675 566 2704 metuis
574 2677 709 2704 mortem?
720 2676 804 2709 Alter,
815 2674 910 2702 Nonne
920 2674 1002 2708 pudet
1012 2677 1040 2701 te

1092 2675 1137 2709 Μή
1146 2674 1169 2700 a‘
1178 2674 1279 2704 όλέσω;
1292 2690 1327 2694 -
1338 2675 1374 2701 Σὺ
1387 2674 1420 2707 δ’,
1431 2674 1494 2709 ἔφη,
1509 2674 1558 2701 οὒκ
1569 2673 1693 2710 αἰσχύνῃ,
1707 2673 1763 2700 ὅττι
1779 2682 1812 2709 με
1825 2673 1875 2709 μύ-

294 2765 349 2801 (l9)
370 2765 500 2793 Pittacus.
747 2799 767 2801 __
866 2798 880 2801 _
952 2798 967 2801 _
996 2798 1010 2801 _
1095 2764 1324 2801 querguntalioiu.

371 2801 482 2841 Pytliag.
498 2801 625 2843 Carmina
636 2808 733 2831 aureo;
747 2799 812 2826 llor.
831 2807 850 2826 ιι
864 2798 936 2832 Sen,
996 2798 1022 2826 '5.
1100 2795 1112 2832 ξ
1128 2795 1329 2838 μδλειιδςίοᾱ.
1347 2799 1365 2826 l.
1391 2806 1439 2826 vnt
1460 2797 1534 2829 Van,
1551 2797 1584 2824 10
1597 2807 1604 2825 :
1619 2796 1679 2839 Non
1692 2805 1793 2833 semper
1806 2801 1876 2826 tutu:

339 2836 348 2868 )
367 2835 500 2868 Adagium
511 2843 545 2864 ex
556 2836 645 2868 hptgr.
662 2835 748 2862 Gram.
763 2835 781 2861 l.
796 2842 826 2868 ιι,
842 2841 866 2862 c.
882 2834 899 2862 9
914 2843 921 2862 :
939 2833 1039 2862 Excute
1094 2834 1197 2867 futtqut
1214 2841 1271 2861 cum
1286 2842 1422 2861 numeroso
1437 2835 1509 2861 hoste
1524 2834 1666 2862 contemtu.

307 2835 348 2870 l2)
367 2833 500 2871 Adagium
511 2843 545 2864 ex
556 2835 645 2870 Epigr.
662 2835 748 2862 Gram.
763 2835 781 2861 l.
796 2842 826 2868 ιι,
842 2841 866 2862 c.
882 2834 899 2862 9
914 2843 921 2862 :
939 2833 1039 2862 Excute
1094 2833 1198 2867 fuitqui
1214 2841 1271 2861 cum
1286 2842 1422 2861 numeroso
1437 2835 1509 2861 hoste
1524 2834 1666 2862 contendit.
