2082 3157
249 117 303 150 8Ἰ9

287 174 362 202 Simo
377 172 433 200 ait:
453 173 516 200 Ilaec
531 173 623 200 hostes
635 171 788 199 sollicitudo
804 176 889 205 petat.

358 230 389 256 L.
410 228 487 260 Quod
501 234 722 262 supervacaneum
732 226 765 252 sit
781 226 923 252 comedere.

254 283 318 312 Pior
330 290 400 318 opus
414 282 539 310 manibus
557 281 660 307 faciens
678 284 828 315 potumque
840 279 985 314 cibumque

285 329 416 358 Sumebat
433 327 501 362 (21).
515 326 618 353 ducens
630 325 681 353 ista
697 331 874 359 supervacua,

251 376 428 409 Addebatque
442 373 514 400 idem
532 381 539 399 :
553 371 687 399 Nimirum
701 375 791 398 mente
805 370 919 398 verebar

282 421 321 449 Ne
338 420 452 448 nimium
469 419 560 446 laetum
575 425 618 445 me
634 417 712 445 cibus
726 417 853 444 ediceret.

247 477 289 504 LI.
316 474 392 507 Quod
405 472 643 501 laboriosissimum
661 471 695 499 sit
710 471 861 506 obsequium
883 469 1027 497 hominum.

244 531 285 559 Ad
298 536 402 558 comam
417 535 479 556 cum
493 527 564 555 forte
577 525 678 553 Carino
694 529 806 552 vocatus
818 525 936 556 adesset,
981 538 988 545 -

280 576 454 608 Vidissetque
467 573 570 608 anam
585 578 698 606 corpore
716 570 903 604 conspicuam,

246 621 294 650 IIei
310 621 394 648 mihi!
412 619 480 647 ﬂens
493 618 572 650 dixit,
591 624 644 644 non
658 622 712 644 tam
729 616 865 644 contendo
880 615 988 651 placere

232 688 241 694 .
277 666 368 694 Corde
378 666 444 697 Deo,
457 663 587 692 meretrix
598 670 680 698 quam
689 662 781 690 studet
795 662 845 689 ista
858 661 949 696 procis
959 660 1026 696 (2‘2).

355 719 411 747 LII.
432 717 509 752 Quod
523 717 671 752 perjurium
686 715 798 751 pessima
810 716 845 742 sit
863 723 915 742 res.

243 774 374 802 Naturam
392 774 599 807 prostraverunt
619 768 760 797 mendacia
779 769 848 801 sola,

278 862 347 889 Hinc
365 860 472 895 requies
486 859 565 894 plane
578 856 653 884 nulla
665 856 716 884 fuit
731 855 815 883 vitiis.

245 908 297 935 Sed
320 907 406 941 magis
422 906 504 939 inque
518 903 576 931 dies
594 909 671 937 mage
683 909 734 930 nos
749 901 844 936 iurare
856 900 973 936 maligne

275 952 417 984 Consueti,
433 954 538 978 mentes
553 949 636 977 exitio
650 948 776 976 dabimus
792 947 859 983 (25).

328 1005 395 1033 LIII.
414 1004 508 1032 Aliena
524 1011 575 1030 non
587 1010 642 1030 esse
656 1002 758 1029 curiose
770 1001 936 1036 inquirenda.

240 1061 365 1089 [θοι-ειπτί
387 1060 509 1095 Phrygiae
524 1065 636 1093 campos
649 1058 775 1092 Asiaeque
788 1057 915 1092 patentis,

277 1108 347 1134 Altis
363 1106 427 1141 quis
440 1106 509 1132 dixit
524 1104 664 1132 montibus
676 1103 818 1138 Eutropio,

237 1154 356 1181 (Iri-nere
368 1159 417 1178 nec
433 1150 508 1186 potui
521 1151 609 1185 prisca
625 1149 724 1176 virtute
736 1149 880 1176 decorum:

276 1197 351 1223 Talis
363 1190 435 1228 enim
454 1201 579 1229 quaerens
593 1193 674 1221 desiit
685 1201 745 1221 esse
760 1193 845 1228 prius.

239 1250 305 1278 LIV.
324 1249 390 1282 Qute
404 1253 501 1275 natura
523 1252 654 1279 constant,
682 1247 802 1282 ﬁrmiora
826 1255 880 1274 esse
906 1248 940 1275 iis
965 1255 1023 1282 qua:

446 1284 510 1319 [icta
526 1288 585 1310 sunt
602 1282 640 1310 uel
656 1283 812 1317 artiﬁciosa.

237 1341 314 1369 Mens
330 1339 440 1375 sapiens
456 1338 606 1373 sapientem
620 1338 750 1372 ostendit,
766 1337 865 1373 diaque
882 1336 954 1365 facta

274 1386 409 1420 Insignem
423 1384 526 1419 sophiae
541 1384 645 1411 lumine
662 1387 690 1411 et
708 1383 822 1418 ingenii.

236 1432 288 1466 Qui
296 1440 328 1460 ex
336 1431 440 1466 scripto
449 1430 583 1465 loquitur,
593 1429 657 1457 dum
667 1429 772 1464 prol‘ert
780 1429 892 1464 scripta,
902 1429 1022 1457 disertus

275 1479 396 1513 Apparet
409 1476 586 1512 prudensque
602 1484 610 1502 ε
626 1475 670 1503 his
683 1475 752 1508 sine,
768 1475 843 1503 solus
856 1475 923 1503 hiat.

237 1532 293 1561 LV.
314 1532 429 1567 Maiores
442 1539 497 1558 esse
517 1530 671 1558 tentationes
684 1537 774 1557 eorum
785 1528 869 1564 quiin
891 1528 1022 1557 montibus

567 1567 674 1600 (legunt.

236 1621 272 1650 Ut
287 1623 348 1650 vitae
362 1622 460 1649 Iluctus
473 1620 599 1648 evaderet
611 1619 644 1646 ad
655 1619 719 1654 juga
736 1623 864 1654 tanquam

271 1669 311 1696 Ad
328 1673 435 1703 portum
455 1666 578 1697 tendens,
591 1665 688 1700 prmlia
705 1665 797 1699 ibique
808 1664 905 1692 videns

235 1715 301 1743 Orta
316 1722 330 1740 a
345 1713 515 1741 dacuwuibus
528 1711 670 1738 :Miscrum
684 1717 738 1743 me,
755 1711 802 1737 ait.
818 1710 892 1737 Alter
903 1714 932 1736 at
942 1709 1019 1736 iniit:

271 1761 314 1787 Nil
328 1759 455 1787 monachi
470 1757 571 1784 Iucrint
590 1757 613 1784 si
630 1756 688 1784 haec
704 1756 774 1783 mala
793 1755 948 1784 sustuleris.

341 1813 409 1841 LVI.
439 1813 515 1846 Quod
528 1813 584 1839 lalu
600 1820 650 1839 non
665 1812 700 1839 sit
715 1812 757 1838 uia
772 1811 806 1838 ad
824 1811 913 1839 vitam.

233 1871 314 1897 Arcta
328 1869 370 1895 vin
385 1862 438 1900 est,
456 1867 553 1902 aliquis
566 1866 645 1900 dixit,
661 1874 743 1902 quam
763 1870 791 1893 tu
805 1866 868 1901 pius
881 1866 971 1896 audis,

269 1915 372 1951 Nempe
384 1915 466 1942 animi
483 1919 576 1942 motus
590 1922 725 1949 sensaque
735 1914 915 1948 comprimere
931 1922 937 1940 :

232 1962 320 1997 Atque
335 1962 376 1988 his
388 1961 548 1996 perdomitis
567 1960 686 1987 clamare
707 1969 713 1987 ε
731 1959 769 1986 En
786 1966 836 1986 nos
853 1966 963 1994 quoque
980 1963 1016 1993 te,

268 2008 344 2036 Ultro
364 2008 518 2042 linquentes
532 2006 635 2038 omnia,
651 2005 856 2040 consequimur.
916 2005 995 2040 [ch,

309 2061 388 2089 LVII.
404 2061 480 2094 Quod
496 2060 621 2095 religiosa
633 2060 687 2086 vita
702 2068 718 2086 a
732 2058 787 2086 Deo
797 2059 874 2086 docta
888 2059 933 2085 sit.

231 2118 301 2146 Dum
319 2117 418 2152 quaerit
431 2122 549 2150 quanam
565 2115 672 2142 ratione
687 2114 822 2142 Antonius
837 2119 910 2142 esset

268 2162 378 2194 Salvus,
393 2162 416 2189 ei
435 2161 508 2188 visus
523 2160 591 2187 lenis
610 2159 702 2192 homo,
719 2167 770 2187 nec
782 2160 866 2187 iners.

232 2208 258 2236 Is
276 2216 338 2236 mox
363 2207 470 2239 orabat,
483 2207 565 2233 modo
576 2213 646 2240 opus
659 2206 774 2233 Iaciebal
790 2215 796 2232 :
811 2210 838 2233 et
853 2206 891 2232 illi

270 2251 340 2279 Tum
358 2252 437 2285 dixit,
451 2251 496 2278 Sic
515 2255 542 2277 tu
555 2250 648 2280 vivito,
661 2251 752 2278 salvus
766 2251 831 2278 eris.

285 2306 378 2334 LVIII.
391 2307 603 2341 Desperationem
618 2307 741 2333 ultimum
752 2315 807 2333 esse
822 2306 965 2333 malorum.

187 2384 198 2391 ς
233 2361 335 2389 Sancte
349 2361 439 2394 Pater,
452 2361 548 2393 cecidi,
560 2361 626 2396 quid
644 2369 721 2396 agam
734 2360 826 2388 nunc?
837 2361 957 2396 Surgite,
971 2362 1019 2390 Iili.

268 2406 303 2433 At
321 2413 418 2433 rursus
433 2405 530 2433 cecidi.
546 2404 656 2439 Surgito
671 2405 832 2437 rursus,ait.

232 2450 326 2486 Usque
338 2455 429 2478 tamen
444 2450 519 2485 quo?
533 2450 631 2485 Aliqua
644 2456 733 2483 tenus,
750 2455 796 2478 aut
819 2451 884 2478 dum
905 2452 1016 2485 vixeris,

874 2497 973 2533 [inquit
989 2507 996 2525 :

266 2541 390 2576 Namque
411 2541 456 2569 ubi
476 2541 569 2577 lapsus
583 2542 651 2575 eris,
664 2547 690 2570 te
713 2550 821 2577 quoque
837 2543 995 2578 corripiam.

230 2594 298 2622 LIX.
322 2594 506 2622 Paenilenliam
540 2604 591 2622 non
619 2604 673 2636 esse
697 2597 906 2631 prwstantiorem
939 2596 1016 2623 inno-

572 2636 667 2658 centra.

231 2685 290 2718 Dic,
309 2685 382 2713 bone
394 2686 446 2719 vir,
459 2685 554 2712 melior
565 2685 637 2718 quis,
650 2692 714 2711 num
731 2684 777 2719 qui
792 2692 877 2720 purus
890 2685 924 2713 ab
936 2685 1016 2712 annis

264 2772 320 2806 (Ἡ)
339 2773 416 2800 Socr.
433 2773 467 2800 Η.
486 2772 519 2800 Ε.
534 2772 552 2799 I.
567 2780 604 2803 iv.
619 2780 643 2799 c.
659 2772 704 2799 25.

266 2808 321 2842 (22)
343 2808 414 2836 Idem
431 2809 495 2836 ibid.
517 2808 550 2836 de
561 2807 672 2835 Paxnbo.

852 117 1012 148 JOANNIS
1029 117 1245 149 GEOMETRZE

1044 174 1069 203 Δ
1119 174 1164 205 Εἰς
1181 173 1286 210 ἐχθρῶν
1302 173 1423 209 κεφαλὰς
1438 174 1516 201 τοῦτο
1530 174 1561 201 τὸ
1576 175 1655 210 κῆδος
1671 176 1716 202 τοι.

1815 123 1868 155 880

1235 229 1277 255 N'.
1294 229 1358 256 ὀτι
1375 229 1408 255 τὸ
1428 229 1541 256 ἐσθίειν
1556 229 1715 265 πάρεργον.

1085 282 1172 316 Ἔργα
1187 281 1311 317 χέρεσσιν
1327 282 1408 318 ἔχων,
1423 283 1477 310 τότ’
1491 283 1626 319 ἄρ’·ἧσθιε
1646 284 1709 311 πῖνέ
1733 292 1764 311 τε
1780 285 1865 321 Πῖωρ.

1117 327 1299 363 Πευθομένοις
1309 328 1331 355 δ’
1345 329 1445 362 ἐλάλει,
1461 329 1498 361 ὡς
1514 328 1551 355 Τὸ
1561 330 1700 366 πάρεργον
1713 330 1778 365 ἔχω.

1082 373 1136 400 Καὶ
1149 373 1236 405 ἄλλως
1248 382 1255 389 '
1271 372 1324 400 Ἦν
1338 374 1369 408 δὴ
1387 374 1599 409 καταδαιόμενός
1615 383 1659 409 μοι
1673 375 1689 401 ὁ
1705 375 1802 410 Θυμδς,

1117 419 1163 453 Μὴ
1177 418 1251 453 μάλα
1263 419 1412 454 πολλοστῆς
1423 419 1546 446 αίσθεται
1559 420 1686 455 ἡδυμίης.

1108 474 1171 501 NA’.
1187 473 1249 501 Ὅτι
1263 474 1297 501 τὸ
1312 474 1564 509 ἀνθρωπάρεσκοι·
1579 476 1832 510 φιλοπονώτατον.

1079 529 1157 556 Δαιτὶ
1169 528 1245 564 παρά
1259 528 1332 563 ξενίῃ
1349 528 1458 563 κληθεὶς
1475 529 1619 556 κατέϐαινε
1631 530 1768 565 Καρίνων,

1115 573 1240 600 Μαινάδα
1254 572 1282 599 δὲ
1298 573 1429 607 στιλπνὴν
1442 574 1574 609 δάκρυσιν
1585 575 1713 610 εἰσορόων
1723 583 1730 591 ·

1082 619 1179 654 ’Ὤμοιι
1200 619 1281 654 ἐρῶν,
1292 619 1323 646 οὐ
1339 619 1433 646 τόσσον
1448 619 1596 655 ἐπείγομαι
1608 620 1688 652 αὐτὸς
1703 620 1833 656 ἀρέσκειν

1122 664 1305 700 ’Υψιμέδοντι,
1322 665 1384 691 ὅσον
1395 665 1437 700 ἥδ’
1452 664 1687 701 ἀκολαστοτέρως.

1206 720 1270 747 NB’.
1288 720 1352 747 ’Ὅτι
1369 720 1403 747 τὸ
1415 720 1566 755 ἐπιορκεῖν
1582 723 1728 756 χαλεπόν.

1079 774 1183 807 Ψεῦδος
1207 773 1310 802 ἁπλοῦν
1335 774 1500 802 κατέϐαλλεν
1527 775 1592 812 ὃλην
1612 777 1708 812 φύσινξ,
1734 776 1798 804 ὥστ’
1819 777 1861 804 ἔτι

1706 822 1767 858 [καὶ
1787 822 1845 857 νῦν,

1113 868 1179 895 οὔτι
1195 868 1343 904 ἀνάϐλησις
1359 869 1409 905 τῆς
1424 869 1523 905 κακίης
1534 869 1658 897 πέλεται.

1077 915 1196 942 Σύνθετα
1212 916 1236 942 δ’
1250 916 1331 951 ἡμεῖς
1344 916 1391 942 καὶ
1403 915 1596 951 παρασύνθετα
1607 916 1700 951 ἤματα
1712 916 1801 942 πάντα

1120 961 1295 996 Ὀμνύμενοι,
1312 961 1430 994 καύτοὺς
1444 962 1507 993 τοὺς
1522 961 1585 993 νόας
1601 961 1785 995 ὲκσπάσομεν.

1110 1014 1174 1041 NF’.
1190 1014 1254 1041 Ὅτι
1265 1013 1314 1041 δεῖ
1323 1014 1366 1049 μὴ
1382 1015 1646 1053 πολυειραγμονεῖν
1658 1015 1693 1042 τὰ
1706 1014 1825 1048 ἐτέρων.

1076 1069 1132 1096 Καὶ
1145 1069 1266 1104 Φρυγίην
1278 1068 1382 1104 διέϐην,
1399 1069 1444 1096 καὶ
1455 1068 1503 1104 τῆς
1520 1069 1612 1104 Ἀσίης
1628 1068 1663 1095 τὰ
1680 1067 1810 1103 ὕπαιθρα,

1110 1112 1253 1148 Εὐτρεπίῳ
1271 1113 1339 1148 πρὸς
1357 1114 1419 1148 ὄρος
1434 1111 1494 1140 εἷπε
1508 1113 1584 1147 φίλος
1598 1113 1718 1145 πελάσας
1729 1121 1735 1128 ·

1077 1156 1114 1184 Οὐ
1127 1156 1243 1193 δύναμαι
1259 1157 1282 1184 δ’
1295 1157 1375 1185 ἰδέειν
1387 1157 1519 1194 πρότερον
1535 1157 1615 1192 λόγου
1629 1158 1704 1191 ἀξιον
1718 1158 1803 1194 ἄνδρα
1817 1167 1824 1175 ·

1111 1203 1212 1239 Πρῶτα
1223 1204 1277 1239 γὰρ
1292 1204 1306 1231 ό
1322 1204 1412 1239 ζητῶν
1422 1204 1520 1231 ἔκϐαλε
1535 1206 1604 1236 τοῖος
1618 1204 1694 1239 ἔμεν.

1129 1259 1191 1286 NA’.
1208 1259 1272 1286 Ὅτι
1286 1259 1323 1287 τὰ
1336 1259 1427 1294 φύσει
1446 1259 1505 1286 τῶν
1521 1259 1602 1287 θέσει
1620 1260 1806 1295 βεϐαιότερα.

1075 1345 1147 1377 Νοῦς
1163 1345 1243 1380 σοφὸς
1254 1346 1339 1382 ἄνδρα
1350 1346 1431 1381 σοφὸν
1446 1346 1669 1383 παραδείκνυται,
1679 1347 1748 1383 ἔργα
1757 1347 1785 1374 δὲ
1799 1347 1858 1374 θεῖα

1110 1392 1250 1426 Πάνσοφον
1260 1391 1408 1426 ἀγλαόνουν
1421 1401 1428 1408 ·
1444 1392 1473 1423 ὃς
1485 1392 1514 1419 δέ
1530 1401 1561 1419 κε
1577 1394 1688 1427 γραπτὰ
1704 1394 1781 1429 λέγῃ,

1078 1435 1158 1471 Ἀχρι
1176 1435 1225 1470 μὲν
1239 1435 1309 1462 αὐτὰ
1327 1436 1394 1471 ῥέει,
1411 1437 1543 1472 φράδμων
1563 1437 1643 1472 σοφὸς
1658 1438 1758 1465 εἴδεται
1779 1436 1858 1473 εἶναι,

1116 1481 1212 1509 Ἠνίκα
1225 1482 1248 1508 δ’
1260 1482 1381 1509 ἐκλείπει
1391 1482 1486 1515 ταῦτα,
1499 1483 1597 1518 κέχηνε
1614 1483 1704 1518 μόνος.

1074 1537 1139 1564 ΝΕ¹.
1156 1537 1218 1564 ’Ὁτι
1231 1536 1367 1572 μείζονες
1388 1538 1416 1564 οι
1435 1539 1593 1573 πειρασμοὶ
1615 1538 1675 1566 τῶν
1692 1539 1728 1566 ἐν
1745 1539 1857 1574 ὄρεσιν.

1073 1623 1184 1658 Φεύγων
1199 1633 1241 1655 τις
1254 1624 1287 1651 τά
1298 1624 1356 1658 βίον
1372 1624 1493 1659 κύματα,
1510 1624 1604 1660 ὥσπερ
1619 1625 1649 1657 ἐς
1669 1626 1754 1662 ὅρμον

1108 1667 1188 1696 Ἦλθ’
1201 1670 1231 1696 έν
1243 1669 1312 1704 ὄρει,
1329 1670 1376 1696 καὶ
1392 1669 1453 1696 ἰδὼν
1466 1670 1621 1704 δαιμονίους
1633 1671 1778 1706 πολέμους,

1075 1715 1157 1750 ’ῼμοι
1171 1715 1176 1741 l
1190 1714 1255 1750 ἔφη,
1270 1715 1296 1741 τί
1312 1715 1408 1748 ﬁdem;
1421 1713 1504 1741 Εἶπεν
1521 1715 1549 1742 δέ
1563 1723 1614 1747 τις·
1628 1716 1658 1742 Εἰ
1670 1717 1840 1752 πειρασμοὺς

1108 1760 1168 1786 Τῶν
1183 1760 1308 1795 μοναχῶν
1323 1760 1444 1795 ἀφέλοις,
1460 1761 1565 1792 οὐδενός
1580 1762 1632 1787 είσι
1645 1762 1736 1796 λόγου.

1119 1815 1191 1849 Νςη
1210 1815 1272 1842 ’Ότι
1287 1816 1306 1849 ἡ
1319 1815 1394 1849 πρὸς
1409 1816 1466 1850 τὴν
1481 1815 1556 1850 ζωὴν
1572 1816 1640 1849 όὸὸς
1658 1817 1805 1850 ἀπλατής.

1078 1870 1108 1896 'II
1124 1870 1226 1905 στεινὴ,
1244 1870 1286 1901 τὶς
1299 1870 1408 1905 ἔφησεν,
1421 1870 1581 1905 ἀταρπιτὸς,
1598 1871 1687 1905 ἤνπερ
1699 1871 1819 1904 ἀκούεις,

1106 1916 1143 1943 Τὸ
1156 1916 1268 1951 σφίγξαι
1284 1916 1385 1943 τελέθει
1399 1916 1447 1947 τὰς
1461 1917 1569 1951 ἐφέσεις
1583 1925 1589 1930 ·
1607 1918 1621 1943 ὁ
1633 1916 1660 1943 δέ
1677 1925 1708 1950 γε

1070 1963 1125 1990 Καὶ
1137 1963 1275 1998 διαμήσας
1288 1963 1380 1994 τάσδε,
1394 1963 1468 1996 λέγοι
1483 1963 1515 1990 ἄν
1528 1971 1536 1979 ·
1555 1963 1619 1990 Ὶόοὺ
1639 1963 1685 1990 καὶ
1697 1964 1777 1998 ἡμεῖς

1105 2008 1151 2035 Σοὶ
1169 2008 1371 2043 ἀκολουθοῦμεν
1386 2009 1475 2035 πάντα
1493 2009 1618 2042 ἀφέντες,
1638 2009 1732 2042 Ἀναξ.

1175 2062 1237 2089 NZ'.
1255 2064 1320 2089 ’Ὅτι
1338 2064 1357 2097 ἡ
1378 2063 1528 2097 ἁσκητικὴ
1547 2063 1747 2096 θεοδίδακτος.

1071 2118 1132 2150 Πῶς
1149 2118 1182 2145 ἂν
1199 2118 1337 2153 σωςοίμην
1351 2126 1358 2150 ς
1381 2118 1521 2149 Ἀντώνιος
1536 2116 1612 2145 εἶπεν
1626 2119 1748 2153 ἀθυμῶν.

1034 2167 1057 2195 D
1106 2164 1151 2199 Τῷ
1163 2164 1191 2190 δέ
1205 2165 1228 2190 ot
1243 2164 1320 2198 ὤφθη
1335 2163 1404 2199 ἀνὴρ
1415 2164 1528 2199 ἥμερος,
1546 2164 1625 2199 ἔργον
1637 2165 1717 2199 ἔχων.

1074 2210 1122 2236 Ἂν
1132 2209 1160 2236 δὲ
1177 2210 1240 2241 στὰς
1256 2210 1336 2236 πάλιν
1351 2209 1450 2243 εῠχετ“,
1465 2210 1535 2244 ἀτὰρ
1549 2209 1629 2236 πάλιν
1640 2210 1710 2241 ἕζετ’
1720 2209 1764 2236 ἐπ’
1774 2210 1853 2246 ἔργα.

1091 2254 1159 2280 ιΚαί
1174 2254 1199 2280 οί
1212 2253 1263 2289 ἔφη
1278 2261 1285 2269 '
1300 2253 1379 2280 Οὕτω
1393 2253 1464 2288 ζῆθι,
1479 2255 1524 2280 καὶ
1536 2254 1685 2289 εὖμενέοις.

1099 2308 1165 2334 NII'.
1187 2308 1251 2334 ὀτι
1266 2303 1401 2342 ’ἔσχατον
1417 2307 1476 2334 τῶν
1491 2308 1592 2335 κακῶν
1606 2309 1625 2342 ’ἡ
1644 2309 1826 2344 ἀπόγνωσις.

1072 2363 1199 2397 Ἦριπον,
1208 2359 1229 2388 ὦ
1237 2362 1341 2397 μάκαρ,
1350 2362 1410 2388 εἰπὲ
1417 2362 1444 2388 τί
1452 2362 1566 2397 ῥέξομεν
1573 2371 1618 2396 ;-
1630 2363 1740 2399 Ἔγρεο,
1748 2364 1853 2393 τέκνον,

1070 2423 1104 2427 -
1113 2408 1182 2434 Ἀλλ’
1195 2406 1273 2439 αὖθις
1287 2408 1426 2435 πίπτω.-
1434 2408 1516 2440 Αὖθις
1528 2408 1642 2444 ἀνέγρεὸ
1657 2418 1712 2444 μοι.

1070 2454 1205 2489 -Μέχρι
1222 2454 1305 2480 πόσου
1316 2463 1323 2488 ;
1335 2470 1368 2475 -
1383 2454 1478 2485 Τινός·
1490 2455 1514 2480 εἰ
1526 2454 1548 2480 δ’
1562 2455 1603 2486 οὔ,
1622 2455 1674 2486 ἕως
1692 2454 1788 2490 χρόνου
1806 2463 1812 2470 ·
1830 2455 1854 2480 εί

1604 2500 1638 2536 [δ’
1652 2501 1694 2533 οὓ,
1712 2501 1763 2532 ἕως
1773 2500 1832 2535 ζῇς.

1101 2545 1170 2579 Φησὶ
1187 2545 1240 2579 γάρ
1257 2553 1264 2560 ⁸
1280 2545 1364 2571 Ἔνθα
1379 2545 1402 2571 σ’
1418 2545 1481 2578 ἕλω,
1494 2546 1565 2572 κεῖθί
1580 2554 1609 2572 σε
1628 2547 1675 2572 καὶ
1686 2546 1795 2580 κρινέω.

1102 2599 1164 2626 Νθ¹.
1181 2600 1245 2625 Ὅτι
1260 2601 1296 2627 οὐ
1311 2600 1417 2635 μείζων
1432 2601 1657 2635 ἀναμαρτησίας
1668 2601 1821 2636 μετάνοια.

1068 2687 1148 2719 Εἰπὲ,
1168 2687 1272 2722 μάκαρ,
1287 2688 1329 2719 τίς
1343 2688 1475 2722 ἀμείνων.
1491 2689 1504 2715 ὁ
1520 2687 1549 2721 ἐξ
1560 2688 1663 2723 ὀνύχων
1689 2688 1852 2724 ἀμόλυντος,

1108 2773 1164 2809 (‘23)
1185 2773 1253 2811 lien.
1269 2775 1296 2802 in
1311 2775 1429 2811 Agesila.
