2082 3157
294 313 317 339 II
332 313 346 339 ὁ
362 314 457 345 κακοῖς
472 313 599 346 καταδὺς,
615 312 664 341 εἶτ’
679 315 900 352 ἀνανηξάμενος;

244 358 296 385 Τὸν
311 359 464 394 πρώτιστον
480 360 568 395 ἔγωγε
582 362 728 396 ἐπείγομαι
741 362 901 398 ἐξερεείνειν
915 371 922 378 ·

287 405 358 431 Ἀλλ’
378 406 394 440 ὴ
408 406 482 432 πᾶσα
500 405 603 441 βροτῶν
619 406 705 434 ὤλετο
719 408 879 444 προσδοκίῃ.

269 459 306 486 Ξ’.
326 460 391 486 ὀτι
407 460 596 494 πολύτροπος
615 462 634 495 ἠ
649 461 710 492 τῶν
725 462 862 497 δακρύων
875 463 1001 497 ,βλύσις-

243 514 353 549 Δάκρυα
367 514 455 550 λύπης
470 513 540 547 οῖδα,
557 516 605 542 καὶ
617 516 798 553 εὐφροσύνης,
813 519 859 545 καὶ
875 518 984 554 ἔρωτος.

284 559 448 594 Ἐλπομὲνου
464 569 495 587 τε
507 561 594 594 δέους,
611 562 762 598 ὲλπομένου
775 572 804 590 τε
819 564 925 596 κλέους.

242 605 298 631 Καὶ
310 605 428 640 φύσεως,
445 607 493 633 καὶ
507 608 636 641 θεῖα,’καὶ
651 608 805 644 ὀλλυμένων
817 610 940 646 ἀρετάων
949 620 956 627 ·

278 651 370 678 Ταῦτα
384 652 407 678 δ’
422 653 573 689 ἐπιγνοίης,
593 654 693 690 ἡδυμίῃ
710 656 757 682 καὶ
768 656 838 691 ἄχει.

346 705 407 734 ΞΜ.
424 707 490 735 Ὀτι
505 709 561 743 οὐχ
577 709 681 743 ἁπλῶς
693 710 725 736 τὸ
740 712 919 744 sedatae-or.

244 760 341 787 ’Υπνοι
356 762 412 793 τοῖς
424 762 539 794 ἀΰπνοις
559 763 742 799 πουλύτροποι
757 774 764 781 υ
779 764 819 797 οἷς
839 767 889 802 μὲν
912 768 1024 804 ἐδωδῆς,

278 806 326 839 Οἷς
342 807 380 841 δὲ,
394 808 466 843 φυῆς
481 808 529 836 καὶ
541 808 634 841 ἔθους·
649 808 690 842 οἷς
706 810 738 844 δ’,
752 812 833 839 ὁσίων
849 814 989 848 καμάτων.

241 852 273 879 Oi
289 853 312 879 δ’
329 853 533 881 ὲπαναήτῶνται
549 855 627 889 λιμοῦ
645 856 746 891 δέμας·
765 858 788 884 οἱ
799 857 832 890 δ’,
849 859 955 894 ἑχθροῖο

276 898 417 934 Δαίμονος,
433 899 496 936 ὄφρ’
511 901 584 936 ἡμᾶς
598 901 696 937 ὄρθρου
711 903 867 938 ἐρυκακέοι.

239 948 298 977 EB‘.
315 950 375 977 Ὀτι
394 952 540 986 πολυειδῆ
551 953 587 994 τὰ
600 954 740 994 σχήματα
759 955 818 982 τῶν
835 958 943 992 χειρῶν
961 957 1024 994 τοῖς

533 989 720 1023 εὐχομένοις.

240 1039 389 1074 Εὑχόμενοι
403 1041 530 1069 τανύουσι
548 1043 625 1078 σοφοὶ
640 1044 724 1079 χέρας
735 1046 758 1072 ol
773 1046 822 1081 μὲν
839 1047 881 1081 ἐφ*
895 1047 979 1083 ὕψους

281 1086 374 1120 ’Υψόό
389 1088 565 1124 ἐπαιρόμενοι
579 1098 586 1104 ·
602 1090 626 1115 οἱ
641 1090 668 1116 δὲ
684 1092 805 1118 κάτωθεν
819 1093 883 1120 ὅταν

240 1132 303 1158 Οὐδ’
320 1133 382 1159 ὅποι
403 1134 456 1160 alat
468 1134 566 1161 νοῶσιν
576 1142 583 1150 ·
599 1135 653 1162 οἱδ¹
666 1136 773 1170 ὕπτιον,
785 1138 822 1169 ὥς
834 1147 860 1165 τι
874 1139 1005 1168 λαϐέσθαι
1015 1150 1022 1158 ·

275 1178 306 1205 οι
321 1178 350 1204 δὲ
363 1180 558 1214 σταυροτύπως
568 1189 575 1196 ·
590 1182 654 1217 ἄγχι
667 1182 720 1217 γάρ
734 1184 788 1210 ἐστ’
810 1185 940 1220 ’Δμαλέκ.

309 1232 350 1260 ΞΓ
351 1233 369 1261 ’.
382 1234 510 1262 Γελοῖον
531 1235 564 1263 τὸ
581 1236 628 1264 ἐπ’
639 1237 730 1273 ἀρετῇ
752 1240 950 1274 προσωπεῖον.

239 1319 354 1346 Εἴδωλον
370 1321 416 1347 καὶ
428 1321 498 1357 ἀνὴρ
513 1321 695 1355 ὲπιδεικτικὸς
714 1324 754 1355 εἰς
769 1325 798 1352 ἓν
814 1325 880 1352 ἰᾶσι.

274 1365 356 1392 Κεῖνο
371 1367 553 1402 πολυχρύσοις
572 1369 694 1404 σχήμασι
712 1370 814 1405 κόσμον
825 1371 896 1406 ἔχον,

239 1410 342 1446 Πὶσσης
355 1412 401 1451 καὶ
417 1413 504 1448 πηλοῦ
516 1414 597 1450 γέμει
614 1416 679 1442 ετσω
690 1424 696 1432 ⁸
712 1413 763 1444 ὧδε
777 1417 824 1444 καὶ
842 1415 919 1450 οὗτος

280 1501 372 1533 Ἐκτὺς
385 1501 437 1528 ἐὼν
452 1503 533 1538 ἱερὸς,
550 1504 580 1531 οὐ
592 1505 662 1537 τοῖός
678 1505 754 1532 ἐστιν
765 1506 829 1534 ἔσω.

237 1553 295 1582 ΞΔ’.
312 1555 375 1582 Ὅτι
389 1556 440 1583 καὶ
456 1557 542 1591 μέχρι
566 1558 641 1600 (iride
656 1559 715 1592 τοῖς
740 1560 865 1593 τελείοις
884 1561 904 1595 ἡ
929 1569 1022 1596 παρα-

559 1601 694 1627 τηρησις.

946 263 1042 294 PARA
1047 263 1167 295 DISUS.

1041 322 1065 350 Δ
1114 320 1162 349 Est
1178 321 1289 356 teneris,
1308 322 1350 350 vel
1368 322 1414 358 qui
1430 322 1532 350 labitur
1544 328 1570 351 ct
1584 324 1698 360 rcsipit?

1813 273 1867 305 882

1081 365 1117 393 Ut
1139 367 1258 402 primum
1274 368 1425 396 anteferam
1438 377 1533 397 verum
1549 378 1592 397 me
1605 372 1677 406 cogit
1695 375 1721 399 et
1733 379 1841 408 mquum
1855 384 1863 402 :

1114 411 1166 439 Sed
1180 412 1202 440 si
1221 413 1283 447 hoc,
1302 421 1364 449 spes
1380 414 1522 442 hominum
1537 423 1605 442 vana
1618 420 1645 443 et
1658 415 1750 444 inanis
1767 418 1828 445 erit.

1126 465 1182 492 LX.
1205 466 1282 498 Quod
1299 468 1437 503 multiplex
1450 469 1485 495 sit
1499 469 1676 504 lacrymarum
1689 471 1819 504 profusio.

1078 518 1198 548 Eﬂ‘undit
1211 521 1345 556 Iacrymas
1358 522 1449 555 dolor,
1465 524 1624 556 exsultatio,
1640 531 1784 559 amorque,

1113 565 1227 597 Quando
1241 567 1305 593 mali
1321 571 1409 595 metus
1422 572 1473 600 est,
1490 576 1551 603 spes
1563 570 1605 597 vel
1621 570 1736 599 honoris
1751 572 1800 600 alit
1815 581 1824 600 :

1078 609 1126 637 Vel
1139 613 1250 643 natura,
1265 615 1313 638 aut
1325 611 1455 639 virtutum
1468 613 1588 647 jactura,
1603 615 1740 652 Deosque.

1113 655 1175 684 Haec
1191 661 1218 684 tu
1233 657 1326 684 lxetitia
1340 659 1530 694 moestitiaque
1548 661 1631 690 scies.

1182 710 1252 737 LXI.
1273 710 1349 743 Quod
1364 711 1502 747 multiplex
1516 715 1552 741 sit
1568 716 1752 745 wnmolentiu.

1078 761 1241 791 Somnorum
1251 772 1332 792 causa
1342 771 1383 793 est
1393 766 1499 795 diversa
1508 768 1680 797 insomnibus
1692 771 1765 807 (24):
1778 772 1858 808 Esus,

1112 809 1266 843 Ingenium,
1283 815 1310 838 et
1326 819 1429 843 mores.
1449 818 1530 846 atque
1547 815 1649 843 laboris
1662 824 1750 845 amor.

1076 852 1109 880 Ili
1122 862 1246 882 recreant
1257 857 1438 892 minuuntque
1454 859 1553 887 famem
1568 870 1575 888 :
1589 861 1650 889 illos
1665 863 1861 894 excitathostis

1112 899 1271 934 Tartareus,
1291 903 1439 937 prohibens
1455 905 1598 941 invigilare
1612 908 1684 941 pios.

1112 955 1192 983 LXII.
1212 956 1325 985 Oranles
1339 959 1413 986 varia
1430 968 1556 989 manuum
1577 965 1764 998 compositione
1774 967 1824 994 uti.

1074 1040 1231 1071 Extendunt
1248 1044 1353 1079 palmas
1370 1047 1517 1081 sapientes,
1536 1049 1645 1083 quando
1660 1055 1807 1085 precantur
1820 1059 1830 1079 ι

1110 1087 1142 1114 1Ιί
1160 1088 1187 1115 ἱιι
1203 1090 1319 1117 sublime
1333 1091 1433 1123 levant,
1453 1093 1642 1130 dejiciuntque
1658 1096 1715 1129 alii,

1074 1132 1126 1167 Qui
1136 1139 1211 1170 rapta
1224 1140 1288 1164 sunt
1298 1142 1408 1164 mente:
1421 1138 1505 1166 hiceu
1518 1140 1584 1174 quid
1601 1142 1733 1175 prendere
1747 1143 1857 1176 vellent,

1046 1209 1052 1213 _
1108 1179 1290 1215 Protendunt,
1305 1183 1394 1210 crucis
1409 1188 1456 1211 aut
1469 1184 1549 1220 signo
1561 1186 1709 1214 Amalecha
1727 1187 1831 1223 fugant.

1073 1234 1165 1262 LXIII.
1185 1235 1337 1264 Ridiculum
1357 1246 1414 1275 esse
1435 1239 1468 1275 in
1496 1239 1593 1268 uirtute
1615 1241 1729 1275 larvam,
1755 1243 1803 1270 hoc
1818 1248 1858 1270 est

1358 1273 1564 1301 simulationem.

1073 1323 1177 1351 Idolum
1192 1329 1220 1352 et
1233 1325 1279 1360 qui
1295 1333 1356 1354 sese
1369 1331 1489 1355 ostentat
1504 1327 1629 1361 inaniter,
1647 1337 1730 1357 unum

1109 1369 1233 1397 Eﬂiciunt
1248 1379 1256 1398 :
1271 1379 1339 1399 auro
1351 1379 1412 1398 nam
1431 1373 1706 1408 simulacratmica-nt,

1072 1413 1140 1442 Cum
1162 1415 1224 1450 pice
1246 1416 1301 1444 sint
1328 1421 1355 1444 et
1375 1417 1454 1452 plena
1480 1418 1540 1446 luto
1551 1419 1626 1448 intus
1645 1429 1653 1447 :
1686 1421 1727 1448 sic
1748 1428 1857 1455 quoque

1754 1465 1792 1501 [et
1806 1467 1857 1494 isle

1107 1504 1174 1532 Cum
1192 1513 1270 1533 sacer
1288 1511 1364 1534 extra
1377 1507 1422 1539 sit,
1437 1515 1491 1534 non
1506 1512 1596 1536 tamen
1609 1510 1682 1538 intus
1695 1510 1719 1538 is
1733 1515 1775 1539 est
1786 1511 1854 1546 (25).

1142 1559 1234 1588 LXIV.
1252 1559 1387 1587 Bonorum
1406 1561 1445 1588 vel
1464 1562 1490 1588 in
1504 1563 1569 1589 salis
1585 1565 1654 1591 mica
1674 1565 1777 1600 religio.

238 1634 314 1660 Δεῦτ*
330 1635 416 1670 ἄγετ’,
431 1636 498 1663 ἴδετε
511 1637 580 1673 ἔργα
592 1639 649 1666 τάδ’
664 1639 777 1675 ἄσχετα,
790 1638 866 1668 εἶπεν
885 1640 1019 1676 Ἀχιλλᾶς.

1073 1634 1132 1663 Huc
1144 1643 1267 1671 propere,
1278 1643 1392 1673 actaque
1408 1639 1477 1667 mira
1496 1640 1634 1675 videbitis,
1648 1643 1746 1677 inquit.
1764 1643 1856 1671 Achil-

273 1723 376 1758 Ψωμὸν
391 1724 458 1751 ἔδων
472 1725 570 1760 βάπτει
584 1727 625 1758 εὶς
637 1727 705 1759 ἅλας
721 1728 844 1761 Ἡσαΐας.

238 1768 269 1794 ΕΞ
286 1769 318 1808 σς)
332 1769 423 1804 ζωμία
433 1771 519 1798 ταῦτα
531 1773 700 1808 παραρτύειν
711 1774 862 1808 ἐθέλοισθα,

272 1814 353 1849 Δεῦρ¹
371 1815 404 1841 ἴθ’
419 1816 448 1842 ἐν
461 1817 602 1853 Αἰγύπτῳ,
615 1818 696 1854 οὔρεα
710 1819 732 1845 δ’
747 1820 913 1855 ὲγκρατέων.

237 1866 296 1904 ΞΗ.
314 1869 374 1896 ’Ότι
392 1870 485 1897 αἰτεῖν
498 1871 544 1898 δεῖ
560 1872 677 1934 35:11:07
692 1873 750 1909 τὴν
768 1875 821 1902 τοῦ
837 1875 912 1903 Θεοῦ
927 1876 1020 1909 βασι-

628 1917 675 1934 αν.

628 1917 675 1936 αν.

237 1958 327 1985 Πολλὰ
342 1959 410 1986 Θεοῦ
424 1960 529 1995 δέομαι,
545 1961 647 1989 τούτων
664 1963 693 1990 δὲ
710 1964 737 1990 τι
753 1965 893 2000 κραίνεται
904 1975 911 1999 ;
924 1965 1019 1994 υὺδέν.

274 2006 335 2037 Πῶς
347 2006 400 2033 τόδ’
412 2007 510 2041 ἔνεστι,
522 2009 610 2042 Θέων;
629 2009 686 2041 πῶς
701 2010 759 2037 δέον
773 2011 831 2038 ἐστὶ
847 2014 927 2047 τυχόν
940 2021 948 2046 ;

238 2052 339 2086 Πρῶτα
354 2054 384 2079 τὺ
397 2054 425 2080 ἓν
437 2054 460 2080 δ’
473 2055 570 2088 αἰτεῖν,
587 2057 633 2082 καὶ
648 2056 742 2090 ἕψεται
755 2058 853 2084 αὐτίκα
870 2060 918 2085 καὶ
930 2061 965 2087 τά
976 2070 982 2077 ·

273 2097 304 2123 Εἰ
318 2098 346 2124 δὲ
361 2099 393 2126 τὰ
408 2100 493 2126 πολλὰ
503 2100 600 2135 θέλεις,
617 2102 664 2129 καὶ
687 2102 716 2129 τὸ
732 2102 761 2129 ἓν
777 2103 859 2138 οἴχεθ’
875 2104 943 2140 ἅμα.

359 2153 425 2188 sq’.
441 2156 626 2188 Προσεκτέον
634 2156 755 2191 μᾶλλον
771 2158 897 2192 ἑαυτοῖς.

237 2207 353 2242 Κρίνετό
365 2216 406 2239 τις
419 2208 531 2244 φθορίης
545 2218 553 2225 ·
567 2210 677 2245 κληθεὶς
693 2211 721 2237 δὲ
735 2212 809 2248 [Iin
825 2213 871 2239 ἐπὶ
886 2214 983 2249 τούτῳ,

272 2250 351 2279 Ἦλθ“
367 2254 414 2280 ἐπὶ
430 2255 501 2281 νῶτα
515 2256 606 2291 φέρων
620 2256 732 2292 ψάμμον
747 2258 795 2294 ὅλῃ
810 2259 929 2294 απυρίδι.

238 2299 343 2333 Πρόσθε
354 2299 377 2325 δ’
390 2299 435 2334 ἔχε
448 2301 535 2335 δράκα
547 2302 637 2336 τῆσδε,
649 2302 696 2328 καὶ
710 2303 769 2338 ἴαχε
782 2311 788 2318 ·
806 2305 887 2339 me
899 2305 1018 2333 τοσαῦτα

278 2345 352 2372 Ἐστὶ
364 2347 410 2373 καὶ
426 2347 474 2381 οὐχ
488 2347 558 2381 ὁρόω
570 2356 577 2364 ο
592 2348 626 2375 τὰ
639 2348 701 2380 ξένα
716 2349 738 2375 δ’
751 2350 870 2383 ἐξετάσω
881 2359 889 2384 ;

272 2400 329 2428 ΞΖ¹.
346 2401 473 2436 Συζυγία
487 2403 591 2437 ψυχῆς
606 2403 655 2430 καὶ
676 2403 813 2439 σώματος
835 2405 981 2440 ἄληπτος.

237 2488 269 2514 EI
279 2487 329 2524 τὴν
346 2488 435 2524 σάρκα
450 2489 529 2524 φιλῶ,
537 2491 724 2526 ’πολεμίζομαι
738 2499 744 2506 ·
758 2493 783 2518 εἰ
799 2492 949 2528 πολεμίζω,

236 2580 389 2616 Τρύχομαι·
405 2581 484 2616 εἴπερ
496 2585 578 2617 τιμῶ,
590 2582 753 2618 σφάλλομαι,
769 2582 839 2618 ᾦμοι
849 2583 936 2618 ἔγωγε
949 2585 956 2611 1

272 2671 319 2703 Τίς
332 2671 457 2707 γένομαι,
469 2671 516 2698 καὶ
529 2673 574 2698 ποῖ
588 2672 705 2707 τράπομ’
720 2673 858 2700 ἅστατέων
872 2673 962 2705 ἄθλιος
974 2682 982 2707 ;

597 2725 661 2754 EH’.

241 2781 439 2816 Συγκατέσαινε
452 2782 541 2818 γέρων
551 2782 659 2817 ἑτάροις
670 2781 746 2816 σφίσι
759 2790 765 2796 ·
780 2782 825 2808 τὸν
837 2782 866 2808 δέ
877 2790 919 2814 τις
935 2782 1019 2818 ἀρχὸς

346 2860 467 2899 IIoc_est,
479 2860 516 2899 iis
529 2860 574 2894 qui
588 2867 617 2899 se
631 2859 732 2899 vigiliis
744 2863 900 2899 exercent.“
937 2894 942 2899 ι

272 2893 328 2928 (‘25)
350 2895 381 2921 Ι).
397 2896 465 2928 Aug.
479 2895 515 2921 De
530 2893 627 2921 morih.
644 2893 745 2922 Ecclcs.
761 2895 833 2922 cath.
853 2904 860 2922 :
877 2893 968 2921 Facile
980 2897 1019 2921 est

236 2930 374 2961 simulare,
391 2934 414 2956 et
431 2929 542 2963 difﬁcile
557 2929 651 2956 habere
661 2930 793 2956 virtutem.

273 2965 330 3000 (26)
348 2966 408 2992 lsut
419 2963 822 3000 sacerdossubscripsitsynodo
832 2963 909 2991 Alex.
924 2963 1017 2991 adver-

1714 1688 1767 1725 [Ias
1784 1689 1853 1725 (ιϐ).

1107 1727 1191 1755 Isaias
1208 1730 1325 1757 comedit
1343 1730 1460 1759 I'rustula
1477 1740 1570 1768 sparsa
1589 1734 1655 1761 sale.

1072 1771 1110 1800 Ac
1124 1773 1146 1800 si
1160 1778 1186 1800 tu
1203 1775 1297 1808 cupias
1313 1777 1398 1812 magis
1417 1777 1473 1805 haec
1486 1779 1608 1811 condire,
1624 1779 1716 1807 venito

1107 1819 1254 1855 Promptus
1272 1822 1299 1849 in
1313 1823 1473 1858 Egyptum,
1487 1825 1705 1860 monticolasquc
1720 1826 1792 1853 vide.

1124 1873 1205 1903 LXV.
1235 1875 1353 1903 Primum
1366 1880 1533 1912 quaerendum
1552 1887 1607 1906 esse
1623 1888 1729 1915 regnum
1742 1880 1802 1908 Dei.

1072 1929 1154 1958 Multa
1172 1929 1257 1958 Deum
1282 1939 1377 1965 posco.
1389 1933 1436 1960 sed
1450 1934 1487 1960 nil
1503 1934 1663 1961 conceditur
1678 1935 1775 1962 horum
1793 1943 1801 1961 :

1108 1976 1173 2008 Qui,
1191 1976 1276 2008 Theo,
1289 1978 1400 2012 contigit
1417 1978 1486 2005 hoc?
1503 1979 1567 2013 quid
1582 1980 1658 2006 decet
1673 1980 1717 2006 hic
1733 1980 1844 2007 faccrc’

1074 2020 1162 2048 Unum
1183 2022 1350 2056 poscendum
1364 2027 1406 2049 est
1421 2023 1518 2056 primol
1538 2031 1599 2050 mox
1613 2028 1708 2050 extera
1722 2023 1834 2051 habebis
1846 2032 1853 2050 :

1109 2064 1137 2092 Si
1155 2065 1195 2092 vis
1207 2065 1303 2099 multa,
1321 2073 1405 2093 unum
1422 2066 1478 2099 jam
1495 2074 1604 2101 quoque
1619 2071 1646 2094 et
1665 2067 1732 2094 illud
1746 2067 1814 2095 abit.

1193 2161 1285 2188 LXVI.
1302 2161 1358 2189 Sibi
1367 2163 1453 2196 potius
1463 2164 1648 2190 attendendum
1663 2171 1730 2191 esse.

1070 2203 1206 2232 Iudicium
1220 2205 1252 2231 ad
1267 2206 1353 2239 stupri
1366 2205 1499 2233 damnatae
1518 2205 1586 2233 forte
1602 2211 1715 2234 vocatus

1106 2248 1180 2281 Pior,
1196 2254 1315 2284 sportam
1333 2254 1428 2276 onerat
1449 2258 1518 2284 pone
1533 2251 1609 2284 gravi
1627 2251 1734 2278 sabulo.

1070 2294 1140 2322 Ante
1151 2303 1234 2322 manu
1249 2295 1379 2323 claudens
1392 2300 1508 2330 partem,
1522 2297 1609 2330 inquit
1624 2305 1631 2323 :
1645 2296 1714 2324 Cum
1728 2304 1787 2324 mea
1799 2297 1855 2324 sint

1105 2339 1163 2368 Non
1181 2348 1275 2373 cerno,
1291 2349 1411 2375 quaeram
1427 2350 1476 2369 cur
1495 2343 1636 2377 peregrina
1651 2343 1740 2370 mala?
1771 2342 1852 2378 [hacc,

1069 2404 1174 2432 LXVII.
1186 2405 1346 2440 Coniugium
1361 2405 1444 2431 animi
1459 2413 1517 2432 cum
1533 2413 1651 2440 corpore,
1674 2405 1779 2441 difﬁcile
1793 2414 1853 2441 per-

1351 2445 1425 2474 ceptu
1441 2448 1495 2467 esse
1514 2441 1581 2475 (Ἦ).

1070 2493 1158 2528 Diligo
1169 2493 1192 2521 si
1208 2478 1445 2526 carnem,,bcllum
1459 2498 1501 2521 est
1517 2494 1583 2520 mihi
1603 2494 1645 2522 :si
1657 2501 1722 2528 gero
1738 2494 1819 2527 bella,

1107 2539 1197 2567 Vexor
1213 2548 1220 2567 ς
1238 2539 1260 2567 si
1275 2544 1377 2572 temno,
1395 2540 1436 2567 sic
1447 2547 1557 2575 quoque
1571 2540 1717 2575 despiciar.

1073 2584 1101 2612 Si
1121 2585 1191 2618 colo,
1212 2585 1344 2620 decipior,
1362 2585 1492 2612 miserum
1508 2593 1552 2612 me
1565 2586 1571 2612 ι
1584 2585 1713 2620 quidnam
1727 2591 1776 2613 ero
1791 2590 1852 2612 tan-.

1738 2630 1811 2666 [dem
1821 2631 1833 2658 2

1104 2674 1227 2707 Quonam
1245 2683 1288 2703 me
1300 2676 1422 2704 vertam?
1440 2683 1556 2711 quemve
1572 2675 1670 2703 tenebo
1683 2675 1794 2702 modum
1803 2675 1819 2701 Ῡ

1405 2730 1521 2757 LXVIII.

1068 2782 1147 2816 Quod
1165 2785 1271 2813 vetulus
1288 2785 1372 2813 sociis
1382 2792 1443 2813 sese
1458 2784 1644 2816 submitteret,
1658 2784 1748 2819 ipsum

1072 2868 1119 2888 sus
1137 2862 1241 2889 Arium.

1109 2896 1164 2931 (27)
1184 2896 1212 2923 In
1227 2896 1577 2936 hoc_tctrasticlio,_Grzcco
1592 2895 1721 2936 interciso
1732 2900 1760 2936 e_t
1769 2896 1855 2926 altero

1072 2939 1152 2959 versu
1168 2932 1273 2965 motito,
1283 2931 1461 2959 divinandum
1475 2931 1534 2964 fuit,
1549 2935 1579 2958 ut
1593 2931 1620 2959 in
1629 2932 1764 2967 sequenti.
