2082 3157
267 181 320 213 885

301 239 357 267 Καὶ
369 239 441 275 μάλα
458 239 638 274 κοπτομένου,
654 236 715 266 εἷπε
731 239 828 275 παρὼν
851 239 947 268 Ἀσίων
962 248 968 255 ⁵

268 287 300 313 El
313 286 345 313 σὺ
363 286 542 321 περικτιόνων
557 285 608 318 τὰς
622 286 767 321 δυστυχίας
782 286 918 321 λογίσαιο,

303 331 447 366 Βράσσονα
460 331 506 358 τὸν
524 330 623 366 θρῆνον
637 331 710 367 λήψῃ
724 332 771 358 ἐπὶ
791 332 942 368 σφετέροις.

391 385 453 412 08'.
471 385 532 412 ’Ὁτι
549 386 568 420 ἡ
584 386 670 422 ἀργία
686 386 931 422 φιλαμαρτῆμων.

270 440 390 475 Ἦρχετο
405 439 480 466 πέντ’
493 439 541 466 ἐπὶ
556 439 623 474 μησὶ
637 440 746 475 γέροντι
760 448 814 472 τις,
841 439 914 475 ὖφρα
926 448 953 466 τι
969 441 1034 476 εῐπῃ
1048 448 1055 456 ’

305 485 430 519 Τύγχανε
443 484 466 511 δ’
480 484 511 510 οὐ
527 483 635 520 καιροῖν
651 484 720 519 ἔργα.
730 484 784 520 γὰρ
801 483 938 519 ἐνδελεχῆ.

276 531 339 565 Ὀψὲ
350 530 373 557 δ’
392 531 436 566 ἄρ’
451 530 586 566 ἀλγήσας,
602 530 697 563 Σύνες,
719 530 804 566 ίαχεν,
821 530 847 557 εἴ
859 531 890 564 γέ
900 538 926 556 τι
943 530 1040 565 μικρὸν

305 575 434 612 ”Δσχολος
446 574 480 603 εϊ.
503 576 532 602 '0
546 576 568 603 δ’
584 575 667 612 ἀπρὶξ
680 576 769 611 εἴχετο
785 576 838 603 τῶν
856 575 1008 612 προτέρων.

445 631 488 658 Π’.
508 630 671 665 Διάγνωσις
690 630 880 665 ἐλλάμψεων.

271 718 368 752 ’Δνδρε
379 717 427 744 δύο
443 717 514 744 κατά
524 717 642 753 Χριστὸν
654 718 781 753 ὲνήθλεον
794 726 802 734 ·
818 715 858 750 εἷς
873 718 933 753 μὲν,
947 717 1058 752 ἀγῶνας

305 763 494 798 Θερμοτέρους
504 771 512 778 ·
527 764 541 789 ό
553 763 581 790 δὲ
598 763 630 798 δὴ
644 763 779 798 δεύτερος,
795 764 974 799 ἀργοτέρους.

269 809 368 845 Πρῶτα
381 809 410 836 δέ
419 809 445 836 οι
459 810 581 844 σκήνωσε
595 809 671 841 Θεός.
693 810 771 841 Τίνος
788 810 894 842 silvam;
908 810 1004 844 λέξον,-

303 854 392 891 Ἶὶτορ
407 855 511 883 ἁπλοῦν
524 855 616 882 ποθέει
634 855 745 891 Κύριος,
760 856 776 891 ἢ
791 857 940 890 καμάτους.

420 911 484 938 IIA'.
505 911 571 938 Ὅτι
584 910 722 944 διάϐολος
736 913 752 938 ὁ
771 911 902 945 φθονῶν.

272 965 384 1002 ’Δρκιος
394 965 409 991 ὁ
421 965 553 1000 φθονέσας
571 966 698 1000 μερόπων
711 965 785 998 γένει
795 973 801 980 ·
819 966 843 992 ει
866 966 895 992 δὲ
909 968 956 993 καὶ
977 966 1057 1002 ἡμεῖς

311 1011 461 1046 ’Δλλήλοισι
482 1010 569 1046 μύλας
586 1010 706 1046 θήγομεν
720 1011 894 1044 ἀλλοκότους,

270 1057 338 1084 Οὐδὲ
351 1057 387 1083 τὰ
398 1057 443 1083 τοῦ
459 1056 561 1092 δρυμοῦ
576 1056 623 1089 ζῷ’
639 1056 748 1083 ἔσσεται
763 1057 841 1089 ἐκτὸς
862 1057 986 1093 ὀλέθρου,

306 1102 360 1129 Kal
371 1102 427 1129 τόθ’
440 1103 454 1128 ὁ
467 1102 607 1137 βασκήνας
618 1101 704 1128 οὕτιν⁵
717 1102 805 1137 ἔχοιτο
816 1103 908 1131 πόνον.

342 1155 404 1184 IIB’.
417 1156 477 1183 Ὅτι
488 1158 504 1184 ό
515 1156 588 1190 ἔρως
603 1156 664 1189 Θεῷ
679 1158 880 1185 καταπαύεται
893 1159 986 1192 μόνῳ.

304 1211 366 1244 Τόξ*
378 1211 511 1238 ἐνέτεινεν
521 1211 603 1247 ἔρως,
618 1211 665 1238 καὶ
680 1211 764 1238 δείδια
778 1211 841 1244 ὀξὺν
858 1212 946 1239 ὀϊστόν
958 1221 965 1228 ·

304 1257 338 1284 Τί
349 1257 445 1292 πράξω
458 1266 465 1290 ;
484 1258 511 1284 τί
523 1265 530 1289 ;
549 1257 617 1288 τέως
633 1257 713 1284 ὅπλον
729 1257 805 1293 ἄειρέ
818 1258 844 1284 τι
857 1266 909 1286 σοι.

270 1302 337 1330 Εἶτα
352 1303 421 1337 φύγε
434 1302 545 1338 Χριστῷ
557 1309 565 1318 ⁸
578 1303 593 1328 ὁ
606 1302 628 1329 δ’
643 1303 688 1338 ἄρ’
703 1302 819 1338 ἄλκιμός
838 1303 897 1330 ἔστι
911 1304 959 1331 καὶ
977 1300 1032 1336 οἶος

306 1349 412 1381 Πάσαις
427 1349 547 1376 ἀντιέναι
563 1348 716 1384 δυσμενέων
733 1349 884 1384 παλάμαις.

336 1404 398 1432 IlI".
415 1405 478 1432 Ὅτι
493 1405 521 1432 al
536 1405 692 1440 ἀσπασμοί
705 1405 764 1432 τῶν
781 1405 874 1440 ἁγίων
892 1406 1000 1437 ἔνθεοι.

270 1490 311 1517 Τὰ
318 1490 380 1525 τρία
390 1490 467 1517 ταῦτ’
475 1491 624 1530 ἀπόφευγε,
634 1491 763 1525 γυναῖκα,
771 1492 818 1518 καὶ
824 1492 937 1526 ἀσπίδα,
948 1493 997 1520 καὶ
1005 1492 1058 1521 λίνο

306 1536 362 1572 Τὴν
380 1535 409 1562 δὲ
418 1536 520 1568 πλεῖον,
535 1536 599 1563 ὅσον
611 1537 773 1571 πικρότερον
788 1537 819 1564 τὸ
832 1537 922 1568 δάκος.

277 1583 306 1609 'A
312 1582 414 1614 ππάζου
427 1583 576 1618 μονιιιχούς⁸
587 1584 628 1610 ὅτι
642 1583 681 1618 τῷ
699 1585 805 1619 συνεχεί
819 1583 874 1611 τῶν
887 1584 986 1621 εὐχῶν,

305 1629 405 1657 Χείλεα
422 1630 470 1656 καὶ
481 1629 608 1663 γλῶσσαν
625 1629 684 1657 θεῖα
699 1630 827 1665 φέρουσιν
842 1630 922 1666 ἄγαν.

269 1695 331 1723 IIA'.
347 1695 408 1722 Ὅτι
423 1695 498 1730 πρὸς
515 1694 570 1729 τῆς
589 1695 732 1757 ἀμὲιρτίας
756 1695 921 1730 ἐπίπληεις
942 1697 1057 1725 ἀνώλε-

639 1739 702 1757 nec.
969 1751 971 1754 ι

636 1739 702 1764 ρος-
969 1751 971 1754 ‹

269 1784 342 1819 Πρὸς
358 1785 404 1811 τὸν
416 1784 616 1819 ἀμαρτήσαντα
628 1784 676 1811 καὶ
691 1785 842 1819 οἰμώζοντα
856 1786 995 1820 κραταιῶς

305 1831 421 1857 Ἕννεπε
438 1830 580 1865 Βησαρίων
591 1838 598 1845 ·
616 1829 647 1856 Εἰ
661 1830 713 1862 ὅτι,
728 1830 839 1864 φίλτατε
857 1839 914 1865 μοι,

268 1876 353 1904 Ταῦτ’
367 1875 551 1911 ἐνεθυμήθης,
563 1873 608 1903 ὧδ’
623 1876 730 1908 ἔστενες
743 1874 812 1912 ἦτορ
825 1877 926 1910 ἀλύων,

304 1920 362 1947 Οὐκ
375 1920 410 1947 ἂν
423 1920 472 1947 νῦν
485 1920 560 1946 ἐδέου
574 1920 724 1948 τοσσατίων
737 1920 836 1955 ἀχέων.

306 1985 368 2011 HE’.
386 1985 450 2012 Ὅτι
472 1984 506 2011 τὸ
522 1985 745 2018 ἀνεκπόρευτον
767 1984 1019 2019 φιλοπονώτερον.

269 2069 304 2098 Ὦ
323 2072 415 2107 μάκαρ
430 2070 598 2105 ἀγλαόουμε,
615 2069 642 2097 τί
656 2070 781 2106 ῥέξομεν,
797 2070 857 2097 είπὲ
873 2071 920 2097 καὶ
933 2071 1009 2105 ἡμῖν.

305 2119 428 2154 ὐμματ’
442 2117 511 2153 ἔχων
527 2117 615 2152 ἐρέεις
627 2126 635 2150 ;
648 2117 714 2151 δῆλα
728 2116 785 2143 τάδ’
798 2116 893 2152 ἄχθοσί
907 2125 960 2143 σοι.

267 2160 340 2190 Ἦσό
350 2172 394 2198 μοι
409 2163 438 2189 ὲν
454 2162 576 2197 μεγάρῳ,
595 2161 676 2196 μόνον
690 2158 745 2196 ἧσο
755 2170 762 2178 ·
779 2161 809 2188 τὸ
823 2161 844 2187 δ’
860 2160 955 2196 ἄρκιόν
972 2161 1031 2187 ἐστι

305 2209 393 2244 Ἔργα
408 2208 580 2242 διδασκῆσαι,
591 2207 624 2242 ἠέ
638 2215 680 2238 τις
694 2207 845 2242 ὑψαγόρης.

287 2275 360 2308 uq'.
377 2274 443 2301 "Ott
460 2273 625 2308 κεφάλαιον
637 2273 783 2308 μοναχοῖς
803 2273 836 2300 τὸ
850 2273 1023 2307 φιλόξενον.

268 2360 385 2387 Λύουσιν
398 2359 510 2395 μοναχοὶ¹
524 2359 644 2389 κανόνων
657 2359 754 2391 τύπον,
765 2359 875 2386 εἴποθεν
886 2359 959 2387 ἔλθοι

269 2429 274 2434 .
303 2406 469 2440 Ξεῖνος,·καί
482 2415 550 2440 φασι
561 2414 569 2422 ·
584 2406 721 2441 Φάρμακα
731 2406 818 2432 ταῦτα
834 2405 919 2433 πέλει.

268 2452 387 2488 Χριστοῦ
402 2453 431 2479 δὲ
447 2452 533 2486 ξεῖνος
548 2453 641 2488 φορέει
655 2453 739 2479 τύπον
749 2461 757 2468 ·
773 2452 854 2484 αὐτὸς
873 2452 916 2488 ἄρ’
933 2453 1019 2486 ἐστὶν,

303 2495 340 2524 Οὗ
352 2497 413 2532 δίχα
428 2498 483 2524 πᾶν
495 2497 583 2532 ἄλκαρ
600 2498 630 2523 οὺ
644 2497 733 2527 δύνατ’
748 2497 890 2532 ὠφελέειν.

268 2561 330 2590 ΠΖ’.
342 2563 401 2589 ’Ὁτι
411 2562 459 2590 δεῖ
475 2562 546 2595 τοὺς
561 2562 726 2623 πίπὲοντας
742 2562 785 2596 μὴ
796 2562 859 2595 τοῖς
874 2563 976 2597 κακοῖς
991 2563 1055 2590 ἐπι-

605 2606 625 2623 ιι
643 2605 717 2623 νειν.

603 2605 717 2631 μενειν.

269 2650 300 2677 Εἰ
313 2650 404 2682 ἄλλοις
419 2650 565 2677 ἐκέλευσεν
581 2650 594 2676 ὁ
614 2650 717 2685 Κύριος
732 2651 847 2685 ἑπτάκις
860 2651 930 2678 ἑπτὰ

304 2696 360 2722 Kal
375 2696 485 2727 δεκάκις
501 2695 592 2730 ἀφίειν
609 2695 769 2730 πταίσματα
782 2696 836 2723 τῶν
850 2696 963 2730 ἐτέρων,

269 2742 327 2769 Οὐκ
340 2742 373 2769 ἂν
390 2742 496 2777 πρῶτος
509 2742 613 2773 ἐκεῖνος
625 2741 714 2776 ἀφῆκε
729 2741 798 2768 πλε“·
818 2742 888 2769 ὥστε
911 2742 948 2777 μὴ
969 2743 1053 2774 εῐκοις

308 2787 354 2823 Τῷ
368 2787 435 2823 μετὰ
449 2787 497 2823 τὴν
514 2787 615 2823 πρᾶξιν
629 2787 731 2822 μνῶντί
745 2796 775 2814 σε
790 2788 843 2815 τῶν
860 2789 1008 2824 προτέρων.

311 2874 367 2910 (50)
386 2875 489 2903 Pallad.
503 2875 530 2904 in
545 2875 615 2904 llist.
631 2875 691 2903 tto.

979 181 1203 212 PARADISUS.

1067 243 1091 272 Α
1141 240 1284 275 Plangeret
1297 240 1441 272 immenso,
1461 239 1502 268 sic
1515 238 1581 267 Asio
1596 238 1655 266 infit
1669 238 1710 266 ei:
1744 259 1756 273 ,

1836 179 1889 211 886

1106 286 1133 314 Si
1152 287 1304 314 vicinorum
1318 293 1454 314 mrumnas
1469 293 1531 313 cum
1548 289 1638 312 mente
1649 284 1766 316 volntes,

1142 331 1184 360 0b
1197 331 1329 359 damnum
1344 331 1434 359 minor
1450 331 1515 358 hinc
1530 331 1621 357 luctus
1635 330 1686 357 crit
1702 328 1854 364 proprium.

1182 386 1301 414 LXXIX.
1331 385 1408 419 Quod
1424 386 1508 412 otium
1527 384 1628 419 peccati
1649 384 1730 418 fomes
1746 384 1793 410 sit.

1107 441 1212 468 Menses
1229 440 1350 475 quinque
1365 440 1423 468 seni
1441 439 1529 467 voluit
1542 439 1605 474 quis
1616 438 1710 466 dicere
1721 437 1861 472 quiddam,

1142 486 1202 514 Non
1222 486 1273 513 fuit
1287 490 1314 513 at
1328 486 1369 514 las
1384 493 1447 514 eum
1466 493 1575 520 semper
1589 489 1687 520 agente
1702 484 1788 519 loqui.

1107 531 1178 559 Audi
1193 538 1236 559 me
1253 531 1374 563 tandem,
1393 531 1539 564 exclamat,
1560 530 1582 558 si
1599 530 1664 565 quid
1683 529 1732 556 tibi
1748 532 1834 556 restat

1143 576 1199 604 Otii
1217 585 1222 603 :
1237 582 1264 604 at
1282 576 1407 604 incubuit
1420 581 1478 604 tum
1496 576 1584 611 magis
1599 576 1644 603 ille
1654 575 1740 610 operi.

1110 631 1215 659 LXXX.
1238 630 1317 658 Ratio
1333 630 1503 691 dignosczndi
1518 630 1708 657 illustrations
1722 637 1767 656 seu
1787 629 1896 656 virtutes

1461 673 1556 691 tvutas.

1461 673 1556 692 muas.

1109 721 1137 748 In
1150 720 1261 749 Christo
1276 720 1331 747 duo
1349 720 1502 751 certabant,
1519 719 1562 747 hic
1577 719 1691 754 gnavior
1707 722 1791 753 atque

1142 766 1302 795 Fervidiore
1316 766 1409 794 animo
1425 787 1432 799 ,
1448 766 1561 801 segnior
1579 766 1648 793 alter
1660 769 1731 793 erat.

1109 813 1212 840 Annuit
1229 812 1292 840 huic
1305 812 1423 847 primum
1451 812 1594 839 Dominus.
1604 811 1679 839 Cur?
1689 811 1782 839 dicito.
1793 810 1893 846 Nempe

1146 858 1216 886 Pura
1232 858 1303 886 Deus
1319 857 1428 892 praefert
1441 858 1523 885 corda
1537 856 1701 885 laboriferis.

1231 911 1350 940 LXXXI.
1369 912 1444 945 Quod
1459 911 1580 939 diabolus
1599 912 1633 938 sit
1650 911 1767 939 invidus.

1108 967 1219 995 Invidus
1230 972 1274 994 est
1285 967 1428 994 hominum
1441 967 1532 1001 generi
1548 971 1590 994 sat
1604 967 1703 994 noxius
1718 975 1725 993 :
1742 971 1769 994 at
1785 966 1810 994 si

1144 1012 1199 1040 Nos
1212 1013 1282 1040 duro
1294 1020 1347 1040 non
1361 1017 1402 1040 est
1418 1012 1553 1047 stringere
1565 1013 1646 1039 dente
1663 1011 1740 1040 nefas
1758 1020 1765 1038 :

1108 1057 1237 1091 Quantam
1253 1057 1347 1091 erit/in
1361 1057 1445 1093 sylvis
1461 1057 1517 1084 fera
1531 1056 1578 1084 leti
1594 1061 1720 1091 exempla
1736 1055 1858 1091 periclo?

1139 1103 1252 1131 Lividus
1271 1103 1335 1130 hinc
1349 1111 1445 1138 expers
1462 1103 1507 1131 ille
1523 1103 1625 1130 laboris
1640 1102 1702 1130 erit.

1214 1155 1345 1182 LXXXII.
1365 1155 1485 1183 Amorem
1502 1164 1518 1182 a
1533 1155 1588 1183 Deo
1609 1155 1666 1183 solo
1679 1155 1779 1183 sedari.

1112 1211 1211 1238 Arcum
1230 1211 1315 1239 tendit
1323 1218 1412 1244 amor,
1428 1212 1530 1239 celeres
1541 1211 1659 1239 formido
1670 1211 1794 1246 sagittas.

1141 1256 1246 1291 Ecquid
1263 1258 1362 1292 agam?
1379 1257 1408 1284 Si
1424 1266 1484 1292 quae
1502 1257 1557 1285 sint
1573 1257 1621 1284 tibi
1641 1257 1692 1284 tela
1707 1264 1773 1291 cape
1789 1265 1797 1284 :

1110 1299 1178 1328 Dein
1193 1300 1281 1336 fugito
1292 1301 1325 1329 ad
1336 1302 1475 1330 Christum
1490 1311 1496 1328 :
1511 1301 1588 1329 fortis
1599 1301 1666 1329 satis
1676 1301 1719 1328 ille
1732 1306 1895 1337 potensque,

1146 1345 1299 1375 Immensas
1316 1347 1389 1374 vires
1406 1347 1494 1375 hostis
1508 1351 1536 1374 ut
1553 1347 1707 1374 imminuat.

1110 1399 1252 1428 LXXXIII.
1271 1401 1453 1428 Salutationes
1467 1405 1621 1462 Zanctorum
1634 1400 1718 1428 diuini
1731 1384 1833 1434 aliquid
1849 1400 1896 1426 Im-

1483 1444 1536 1462 ere.

1483 1444 1536 1462 81⁵8.

1110 1487 1173 1515 Iliae
1190 1488 1240 1515 tria
1257 1493 1321 1515 sunt
1336 1487 1463 1523 fugienda
1477 1489 1536 1521 tibi,
1550 1488 1604 1519 lco.
1617 1487 1728 1519 femina.
1750 1495 1877 1523 serpens,

1146 1532 1257 1567 IIocque
1277 1534 1363 1567 magis
1379 1533 1478 1560 mulier
1492 1541 1546 1568 quo
1558 1533 1646 1568 magis
1661 1534 1706 1560 illa
1722 1534 1797 1560 furit.

1072 1581 1095 1613 ο
1110 1579 1276 1612 Amplexare
1291 1579 1353 1613 pios
1364 1579 1527 1610 monachos,
1546 1580 1593 1613 qui
1608 1587 1679 1613 δεῦρο
1695 1580 1831 1614 precando

1145 1625 1177 1651 Et
1195 1625 1286 1660 lingua
1303 1628 1330 1651 et
1344 1624 1425 1652 labiis
1436 1625 1530 1652 onmia
1545 1630 1640 1652 sancta
1654 1624 1756 1652 ferunt.

1109 1689 1253 1717 LXXXIV.
1280 1689 1490 1726 Increpationem
1508 1696 1569 1718 ante
1592 1696 1728 1726 peccatum
1750 1691 1897 1719 salutarent

1465 1734 1532 1754 esse.

1107 1780 1176 1807 Cum
1192 1781 1239 1816 qni
1252 1786 1380 1816 pecearat
1392 1782 1500 1816 culpam
1516 1781 1669 1814 damnaret,
1685 1781 1783 1809 acerbe

1143 1825 1179 1854 Se
1195 1827 1380 1859 crucians,sie
1396 1827 1467 1854 hunc
1481 1827 1592 1855 Besario
1608 1826 1663 1862 (50)
1681 1827 1834 1862 increpuit:

1109 1872 1136 1900 Si
1150 1878 1179 1900 tu
1196 1873 1326 1905 luxisses,
1347 1874 1403 1901 lucc
1419 1881 1503 1908 pravo
1518 1874 1602 1901 corde
1617 1873 1756 1906 volutans,

1143 1918 1202 1946 Non
1216 1919 1277 1948 istis
1292 1920 1341 1947 tibi
1355 1927 1428 1950 nunc
1443 1919 1564 1948 luctibus
1578 1924 1650 1947 esset
1662 1927 1742 1954 opus.

1108 1981 1237 2009 LXXXV.
1264 1983 1305 2009 Ad
1320 1983 1423 2016 labores
1439 1983 1555 2009 alacrius
1571 1982 1751 2015 suscipiendas
1767 1982 1892 2016 tranquill

1135 2017 1189 2043 tam
1202 2018 1230 2043 in
1243 2018 1333 2044 eodem
1349 2012 1407 2044 loco
1416 2018 1630 2051 permansioncm
1643 2012 1758 2043 inultum
1770 2012 1871 2043 valere.

1109 2070 1221 2099 Summe
1232 2071 1272 2099 vir
1287 2075 1368 2106 atque
1384 2071 1462 2098 beate
1477 2071 1568 2103 Pater,
1582 2070 1636 2103 die,
1650 2070 1746 2105 ecquid
1765 2070 1896 2105 agemus?

1143 2116 1220 2144 Tunc
1235 2117 1343 2144 oculata
1356 2123 1437 2152 rogas
1448 2117 1460 2143 ?
1471 2124 1514 2144 res
1529 2116 1555 2143 id
1571 2120 1668 2151 aperta
1687 2116 1775 2143 docet.

1108 2161 1179 2190 Siste
1196 2162 1270 2189 domi
1290 2162 1366 2190 solus
1379 2161 1484 2196 placide
1501 2170 1507 2188 :
1524 2161 1697 2189 manifestius
1712 2161 1796 2192 istud,

1144 2207 1274 2235 Ostendet
1288 2207 1354 2242 quid
1369 2214 1445 2242 agas.
1460 2215 1542 2242 quam
1557 2207 1652 2234 rabula
1665 2206 1824 2241 altiloquus.

1107 2271 1249 2300 LXXXVI.
1270 2272 1488 2313 Hospitalitatem
1509 2273 1672 2334 praecipuam
1694 2279 1751 2298 esse
1772 2270 1896 2297 virtutem

1403 2316 1429 2334 ιη
1444 2316 1536 2334 monac
1557 2315 1590 2334 ts.

1403 2316 1429 2335 ιη
1444 2315 1590 2335 manuatus.

1105 2361 1164 2390 Non
1173 2367 1284 2391 servant
1299 2363 1423 2390 monachi
1433 2370 1544 2391 normas
1553 2370 1616 2390 cum
1626 2362 1687 2397 quis
1697 2361 1772 2389 venit
1782 2360 1881 2396 hospes

1141 2409 1232 2444 Atque
1247 2409 1305 2437 haec
1319 2417 1381 2437 esse
1397 2410 1489 2436 ferunt
1507 2409 1624 2437 exitiosa
1638 2408 1702 2437 sibi.

1107 2454 1208 2482 Verum
1225 2455 1324 2490 hospes
1334 2454 1438 2482 Christi
1453 2455 1572 2490 speciem
1583 2455 1661 2490 gerit,
1677 2459 1704 2483 et
1714 2455 1773 2483 sine
1782 2454 1891 2483 Christo

1137 2498 1266 2526 Praesidia
1281 2499 1413 2526 humanos
1431 2499 1503 2526 nulla
1516 2499 1611 2535 juvare
1626 2499 1726 2526 valent.

1103 2562 1258 2591 LXXXVII.
1277 2564 1352 2596 Quod
1365 2573 1415 2591 non
1435 2569 1553 2599 oporteat
1567 2572 1611 2591 eos
1625 2565 1671 2599 qui
1683 2564 1751 2599 lapsi
1771 2568 1843 2597 sunt,
1862 2563 1890 2590 in

1321 2626 1326 2630 ,
1368 2600 1446 2626 malis
1458 2607 1635 2634 perseverare.

1107 2651 1135 2680 Si
1153 2652 1377 2688 Dominusjussit
1390 2658 1494 2688 septem
1510 2658 1620 2688 septena
1636 2652 1786 2687 decemque

1138 2699 1212 2726 Dena
1227 2700 1364 2726 remittere
1379 2699 1413 2727 iis
1428 2700 1474 2734 qui
1488 2699 1558 2726 mula
1575 2699 1762 2734 praestiterint.

1108 2743 1167 2771 Non
1183 2743 1244 2771 ideo
1260 2744 1307 2771 tibi
1319 2748 1358 2771 tot
1375 2745 1521 2777 condonet,
1538 2748 1567 2771 ut
1583 2744 1641 2779 ipse
1652 2743 1772 2771 monenti

1146 2788 1184 2818 Te
1197 2790 1284 2825 culpae
1299 2790 1371 2818 haud
1384 2790 1474 2823 cedas,
1491 2795 1518 2818 et
1537 2790 1643 2818 recidas
1658 2790 1748 2818 toties.
