2082 3157
294 207 347 240 89!
931 206 1091 238 JOANNIS
1106 207 1321 238 GEOMETR/E
1863 208 1917 242 892

297 265 354 293 Sibi
369 265 498 293 traditum
513 264 700 293 admirabilem
716 263 963 297 adolescentulum.

296 313 324 340 In
341 314 447 342 actione
463 313 541 340 sitam
559 313 652 340 docuit
665 316 762 343 artem.
778 312 850 339 haud
864 320 973 345 novam,

295 357 422 386 PlauSum
445 357 566 390 ferendo,
577 357 712 390 emendat,
724 361 812 392 urget,
826 358 963 386 admonet.

296 403 410 429 Doctorc
424 409 495 437 smpe
509 402 622 437 gradum
638 407 764 430 movente
777 403 808 430 ad
824 403 937 438 regiam,

293 447 440 475 Pantaleon
453 455 469 475 a
479 452 556 483 tergo
569 448 733 483 sequebatur
753 448 819 481 cito,

295 493 378 520 Docto
392 493 522 528 magistro
544 493 613 521 [idus
627 494 757 521 assistens
769 500 875 527 cernes;

292 538 371 571 Quod
388 546 450 566 cum
467 539 589 566 viderent
599 540 738 574 principes
750 539 858 574 quidem
875 539 937 572 viri,

293 584 361 616 Quis
377 587 449 612 esset.
465 585 624 618 anquirunt,
641 585 739 619 quibus
752 585 910 620 parentibus

293 630 401 663 Cretus,
417 637 514 665 rogare
526 631 646 665 aggressi
662 631 822 665 magistrum
835 631 966 665 puberum
982 639 988 658 :

293 675 396 710 Nempe
413 676 539 709 alterum,
551 677 593 704 cui
608 681 662 704 tam
678 681 792 704 venusta
809 676 895 704 forma
911 677 956 708 sit,

294 720 389 748 Facies
403 725 459 748 tam
474 721 600 752 honesta,
612 725 704 749 tantus
717 721 743 748 in
761 722 836 749 vuitu
853 722 955 754 decor.‘

295 764 354 792 Non
368 766 490 793 invenire
505 770 660 800 promptum
675 770 732 793 erat
747 774 840 801 regum
858 766 885 793 in
899 767 993 794 domo.

331 809 379 837 His
396 810 590 845 Euphrosynus
604 811 654 839 rite
667 819 827 846 responsum
841 812 932 839 dedit:

295 855 345 883 llic
364 860 444 883 natus
460 860 501 883 est
515 855 661 891 Eustorgii,
678 861 765 884 matre
782 857 903 889 Eubola;

295 901 361 934 Qua:
373 905 459 928 morte
475 900 548 928 fatali
564 906 713 936 perempta,
726 902 783 936 jam
799 902 921 929 omnium

294 945 445 973 Commune
458 945 539 977 solvit
555 945 676 973 debitum
693 946 860 974 mortalium.

293 990 344 1018 Ast
357 991 439 1024 hunc,
461 991 609 1026 peritorum
625 992 779 1019 medentum
790 1000 845 1026 quo
862 993 947 1020 libros

292 1035 460 1068 Addisceret,
475 1035 637 1063 solutionem
653 1036 686 1063 ad
699 1036 827 1070 cladium,

295 1079 331 1107 Ut
347 1080 502 1114 pertinaces
514 1081 576 1107 hinc
593 1081 700 1108 doleres
715 1082 835 1109 ulcerum

294 1125 495 1160 Compesceret,
512 1126 577 1152 mihi
593 1127 764 1154 tradiderunt
778 1127 883 1154 sedulo.

331 1169 370 1196 llli
386 1170 442 1196 haec
457 1170 578 1197 vicissim
596 1171 677 1198 verba
688 1171 840 1198 retulerunt
852 1172 910 1199 viro
923 1180 930 1198 :

297 1215 346 1242 Vir
360 1216 471 1249 optime,
488 1215 587 1243 almam
605 1224 652 1251 per
671 1217 787 1244 salutem
804 1217 970 1252 principum,

294 1259 442 1288 Formosus
458 1260 512 1290 hic.
528 1265 610 1295 atque
626 1261 724 1289 indolis
739 1261 848 1296 juvenis
863 1262 963 1296 probae,

294 1303 447 1339 Perdignus
462 1309 513 1337 est,
527 1306 574 1339 qui
589 1305 622 1332 ad
635 1305 812 1340 imperantem
828 1306 951 1341 prodeat.

331 1355 395 1381 Post
408 1355 451 1382 illa
468 1355 589 1383 referunt
602 1356 760 1391 imperatori
773 1357 854 1388 truci,

294 1400 333 1427 De
350 1401 459 1435 juvenis
476 1401 558 1436 hujus
573 1402 649 1429 vultu
662 1403 777 1430 honesto
788 1408 814 1429 et
824 1401 954 1432 ,dotibus.

295 1447 368 1482 Ergo
383 1448 487 1476 vocatis
505 1453 561 1475 tum
575 1449 707 1476 ministris
720 1449 823 1477 sedulis

294 1492 408 1520 Curavit
421 1497 543 1529 optatum
561 1493 612 1521 sibi
632 1493 692 1521 dari
713 1493 855 1529 puberem,

293 1537 416 1570 Clarum,
433 1538 563 1566 nitentem
581 1539 712 1574 gemmeis
722 1538 883 1567 virtutibus.

296 1583 333 1610 Ut
348 1583 415 1610 vidit
428 1583 488 1618 ejus
500 1583 556 1611 oris
573 1585 711 1619 egregium
730 1585 825 1617 decus.

296 1626 473 1662 Splendorem
490 1632 517 1655 et
535 1628 624 1655 oculis
634 1629 796 1656 emicantem
812 1628 920 1662 lucidis,

295 1672 438 1708 lnstarque
451 1673 555 1701 vultum
575 1673 689 1709 fulguris
704 1683 710 1701 ;
727 1680 783 1702 tum
801 1675 902 1710 gaudio

297 1718 412 1746 Suran
425 1719 557 1753 superbus
572 1719 720 1754 imperator
735 1720 838 1753 exsilit,
974 1748 977 1750 .

297 1763 565 1798 Euphrosynuurque
577 1764 703 1791 irortatur
718 1769 802 1791 artem
818 1765 893 1792 illum
908 1773 985 1793 suam

296 1808 401 1836 Docere
416 1809 503 1836 multo
516 1817 598 1843 quam
611 1815 691 1836 antea
702 1810 871 1844 accuratius,

298 1853 332 1880 Et
345 1854 462 1881 maxime
481 1855 683 1889 compendiaria
699 1856 742 1882 via
759 1865 766 1883 :

297 1899 366 1926 Cum
381 1904 493 1933 cuperet
508 1899 572 1926 huic
583 1900 676 1934 juveni
689 1901 773 1935 probo
788 1901 857 1929 bene
876 1902 995 1936 consuli,

301 1943 336 1970 Ut
351 1943 419 1971 forte
433 1944 456 1971 si
472 1944 668 1980 Euphrosynus
682 1949 785 1973 exacta:
797 1953 881 1974 senex

298 1989 367 2016 Viue
379 1984 511 2024 peregerit
524 1990 605 2017 breve
621 1988 742 2018 stadium'
757 1999 824 2023 suae,

299 2034 365 2062 l‘ost
380 2035 439 2067 ejus
454 2034 558 2062 obitum
577 2042 673 2062 rursus
687 2035 715 2062 in
729 2036 832 2070 palatio

299 2080 350 2108 llic
366 2085 439 2108 esset
454 2088 550 2108 omnes
569 2081 690 2108 allevans
706 2081 803 2108 morbo
819 2083 908 2117 gravi.

333 2131 368 2158 At
385 2130 546 2159 Hermolaus
563 2131 667 2158 vetulus
683 2131 790 2159 occulto
803 2132 829 2159 in
850 2133 910 2160 loco

297 2175 416 2211 Degehat
431 2175 602 2210 amplexatus
617 2177 689 2203 haud
704 2177 764 2204 [lete
777 2177 872 2209 Deum,

298 2220 348 2247 llic
366 2221 555 2247 l’antelemona
569 2221 676 2248 intuens
697 2226 736 2248 tcr
746 2226 792 2248 aut
805 2227 913 2256 quater,

297 2265 333 2292 Et
345 2265 398 2292 huc
411 2269 438 2291 et
451 2265 514 2292 illuc
532 2266 707 2292 ver-titantem
725 2265 798 2293 ultro
810 2267 892 2298 citro,

297 2309 379 2336 Juxta
391 2317 481 2336 casam
494 2310 655 2344 pernicitate
670 2311 775 2343 sedula,

298 2354 437 2389 Pergendo
453 2355 559 2389 publica
575 2355 618 2382 via
634 2355 755 2390 quotidie

298 2397 436 2434 Vultuque
447 2404 594 2434 conspecto
606 2401 720 2428 decente
739 2401 870 2436 maxime,

298 2443 425 2471 Plaeente
441 2451 545 2479 gressu,
558 2449 586 2472 et
599 2452 647 2472 ore
659 2445 737 2472 valde
752 2446 865 2479 ati’abili,

299 2490 333 2517 Et
346 2490 468 2518 moribus
483 2491 601 2523 blandis,
617 2491 790 2526 benignaque
808 2492 909 2524 indole,

299 2534 378 2563 llunc
390 2541 482 2564 mento
496 2536 569 2563 videt
583 2537 725 2564 electionis
740 2545 788 2565 vas
809 2537 868 2565 fore
884 2547 891 2565 :

299 2580 339 2608 Ac
356 2581 484 2614 puberem
497 2581 599 2609 veritus
615 2589 698 2609 senex
713 2583 786 2610 lento
800 2583 867 2617 pede

300 2626 430 2653 Adoritur
444 2633 460 2653 a
475 2626 536 2654 loco
553 2627 693 2662 improbos
710 2629 767 2660 ubi.
786 2628 947 2660 lucubrans,

301 2669 420 2705 Lugens,
437 2671 556 2706 labores,
570 2677 597 2700 et
613 2673 768 2708 quiescens,
782 2674 919 2706 hauserat,

302 2715 332 2742 ln
349 2716 496 2744 solitudine
506 2717 542 2744 ob
558 2723 660 2745 metum
677 2720 831 2754 gentilium.

303 2760 339 2787 Ut
353 2762 438 2788 movit
453 2762 506 2790 huc
520 2770 551 2790 se
561 2763 670 2798 juvenis
684 2769 766 2799 atque
781 2764 902 2792 transilit

303 2806 396 2833 Limen
409 2807 518 2840 domus,
533 2809 607 2836 hunc
623 2810 763 2837 osculatus
777 2810 884 2837 vetulus
899 2814 952 2844 est,

340 2850 468 2880 Formose
484 2853 520 2881 mi
536 2854 695 2882 adolescens
711 2862 770 2887 ave,
784 2862 801 2881 o
820 2855 908 2889 proles
923 2855 1006 2890 proba
1019 2863 1026 2882 :

304 2896 338 2923 Et
356 2901 393 2930 tu,
411 2905 493 2926 senex
509 2900 671 2932 venerande,
689 2900 763 2928 salve
782 2900 939 2935 plurimum,

1093 268 1116 296 A

1182 263 1267 298 οὗτος
1279 267 1310 293 τὸ
1325 265 1539 301 πανθαύμαστον
1552 265 1676 293 ἐκλαϐὼν
1689 265 1774 301 κτέαρ

1183 311 1241 346 Τὴν
1253 311 1408 347 πρακτικὴν
1424 311 1554 346 μάθησιν,
1568 312 1599 338 οὐ
1615 311 1664 347 τὴν
1677 311 1785 347 ἀρτίαν,

1184 357 1288 392 Κρότον
1300 356 1355 393 [ισ.
1370 358 1498 393 κροτῶνι,
1519 357 1663 391 διδάσκων,
1685 357 1822 384 συλλαϐὼν
1841 349 1917 385 ἑνου-

1183 399 1222 429 Ob
1233 402 1364 434 πολλάκις
1375 402 1536 435 σπεύδοντος
1550 403 1579 430 ὲν
1592 403 1725 438 παλατίῳ,
1794 402 1890 438 metu,

1190 446 1220 473 '0
1237 446 1410 474 Πανταλείων
1425 447 1455 479 ἐξ
1464 447 1595 474 ὀπισθίων
1606 447 1721 482 τρέχων.

1184 493 1332 520 Συνειπετο
1344 493 1488 528 προῦχοντι
1498 492 1538 530 τῷ
1552 492 1715 527 διδασκάλῳ.

1185 539 1274 574 Ὅπερ
1289 538 1432 573 βλέποντες
1445 539 1468 565 οἱ
1485 539 1647 573 μεγιστᾶνες
1662 538 1754 570 πάλιν,

1183 584 1232 614 Τίς
1246 584 1316 617 ἐστι,
1330 584 1377 610 καὶ
1390 583 1449 616 πῶς
1462 584 1531 616 ἐστι,
1551 584 1597 610 καὶ
1612 584 1682 615 τινος
1699 583 1786 616 πέλει,

1185 629 1326 664 Ἐφθασαν
1341 630 1428 656 εἰπεῖν
1442 629 1496 656 τῶν
1507 629 1575 656 νέων
1587 629 1746 664 διδασκάλῳ.

1186 674 1282 701 Ἀλλον
1298 674 1363 710 γὰρ,
1378 675 1415 706 ὥς
1428 674 1525 706 ἔοικεν,
1541 674 1712 710 ὡραῖσμένον

1183 719 1310 747 Τοιοῦτον
1321 720 1511 755 εὐπρόσωπον,
1528 720 1618 754 εὐειδῆ
1636 720 1706 752 νέον,

1183 764 1241 792 Οὐχ
1256 763 1290 800 ἦν
1302 766 1428 799 ὲφευρεῖν
1444 765 1473 791 ὲν
1486 764 1578 799 δόμοις
1591 764 1760 800 ἀνακτόρων.

1219 810 1289 844 Πρὸς
1305 808 1351 841 οὒς
1366 810 1380 836 ό
1393 810 1565 844 Εὐφρόσυνος
1576 810 1712 844 εὐστόχως
1731 809 1799 845 ἔφη’

1181 855 1347 889 Εὐστοργίου
1363 855 1428 886 παὶς
1442 856 1512 887 ἐστι,
1529 855 1633 890 μητρὸς
1647 855 1779 890 Εὐϐόλης,

1183 901 1262 932 Ἧτις
1279 900 1397 928 θανοῦσα
1408 900 1454 928 τὸν
1470 900 1651 936 πεπρωμένον
1667 901 1752 936 μόρον

1180 947 1218 973 Τὸ
1230 946 1318 973 κοινδν
1334 944 1436 978 ἐξέτισε
1448 946 1496 973 καὶ
1509 946 1617 973 πάντων
1630 946 1720 981 χρέος.
1793 945 1905 982 [βίϐλων

1189 992 1234 1022 Ἐς
1259 991 1334 1018 τόνδε
1346 990 1401 1027 [Im
1419 992 1496 1026 Ἐμοὶ
1510 991 1550 1027 δὲ]
1565 990 1659 1018 τοῦτον
1689 991 1744 1018 τῶν
1761 991 1916 1026 ἀκεστόρων

1182 1034 1265 1068 Δύοις
1281 1036 1407 1070 γενέσθαι
1421 1036 1479 1071 [τῃ.
1491 1036 1615 1072 ἀνέσθαι]
1627 1037 1760 1071 πημάτων
1775 1036 1916 1072 λυτήριον,

1186 1081 1279 1112 Ὅπως
1295 1081 1436 1112 δυσαλθεῖς
1451 1081 1586 1116 πημάτων
1603 1080 1752 1115 ἀλγηδόνας

1183 1125 1261 1161 Παύῃ
1273 1125 1411 1161 παρέσχον
1429 1125 1458 1159 ἐξ
1472 1125 1582 1160 ἑτοίμου
1599 1125 1758 1160 μανθάνειν.

1219 1172 1249 1198 0t
1262 1171 1290 1198 δὲ
1306 1171 1373 1206 πρὸς
1386 1171 1467 1198 αὐτὸν
1481 1171 1636 1206 ἀντι-ἔφησαν
1646 1171 1760 1197 αὐτίκαλ·

1183 1216 1230 1243 Μὰ
1244 1217 1297 1243 τῶν
1311 1216 1391 1247 θεῶν.
1405 1216 1537 1251 βέλτιστε,
1551 1217 1600 1251 τὴν
1619 1216 1770 1252 σωτηρίαν,

1189 1262 1219 1289 '0
1230 1262 1415 1298 καλλίμορφος
1429 1259 1506 1294 οὗτος
1522 1263 1663 1297 εὐπρεπὴς
1678 1262 1747 1294 νέος,

1199 1310 1235 1341 Ως
1251 1309 1327 1342 ἄξιος
1345 1310 1452 1344 μέδοντι
1463 1309 1510 1337 τοῦ
1525 1309 1706 1344 παρεστάναι.

1184 1355 1239 1381 Καὶ
1254 1355 1394 1390 συντόμως
1409 1354 1538 1390 τρανοῦσι
1552 1354 1591 1390 τῷ
1603 1354 1762 1391 κακεργάτῃ

1188 1400 1303 1427 Ἀναχτι
1317 1400 1407 1427 πάντα
1421 1399 1468 1428 τοῦ
1483 1400 1544 1426 νέου
1559 1399 1654 1426 τούτου
1666 1399 1742 1434 πέρι.

1189 1445 1220 1472 '0
1233 1446 1256 1472 δ’
1267 1446 1300 1472 αὐ
1318 1445 1454 1477 καλέσσας
1471 1445 1611 1476 εὐσταλεῖς
1627 1445 1767 1480 ὑπηρέτας

1187 1488 1275 1526 Ἦγεν
1293 1491 1361 1527 πρὸς
1375 1491 1457 1518 αὐτὸν
1469 1491 1514 1518 τὸν
1529 1490 1695 1526 ποθούμενον
1709 1490 1779 1524 νέον,

1186 1537 1346 1572 Λάμποντα,
1361 1536 1553 1572 μαρμαίροντα
1564 1536 1690 1572 λυχνίτου
1705 1536 1794 1570 δίκην.

1188 1578 1227 1609 Οὐ
1242 1582 1288 1608 καὶ
1298 1581 1396 1616 διαυγῆ
1406 1581 1453 1608 τοῦ
1469 1581 1616 1616 προσώπου
1631 1581 1680 1616 τὴν
1689 1581 1763 1607 θέσιν
1776 1579 1832 1616 [ισ.
1845 1579 1921 1615 θέαν]

1188 1627 1245 1655 Kal.
1257 1627 1307 1663 τὴν
1319 1627 1535 1654 ἀποστίλϐουσαν
1553 1627 1585 1653 ὲκ
1598 1626 1653 1654 τῶν
1667 1626 1799 1662 ὀμμάτων

1184 1673 1240 1700 Καὶ
1264 1673 1315 1708 τὴν
1343 1673 1604 1708 ἁπαστράπτουσαν,
1631 1673 1726 1707 ὥσπερ
1749 1672 1804 1708 [ῖσ.
1829 1669 1922 1707 eidem]

1184 1717 1274 1754 Ἠσθη
1289 1719 1348 1745 κατ’
1359 1718 1447 1753 ἄκραν
1458 1718 1472 1744 ὁ
1487 1717 1590 1753 θρασὺς
1602 1717 1783 1753 στεφηφόρος.
1796 1716 1921 1752 [εὐθέως.

1185 1764 1240 1792 Καὶ
1252 1765 1301 1799 τὴν
1317 1763 1471 1799 προσοῦσαν
1488 1763 1617 1798 ἀσφαλῶς
1638 1762 1804 1798 Bospori/rp

1187 1809 1357 1844 Προῧτρεψιν
1374 1810 1390 1845 ἢ
1404 1810 1457 1845 πρὸ
1471 1809 1562 1844 τοῦγε,
1579 1809 1627 1836 καὶ
1642 1809 1731 1844 πολλῷ
1746 1808 1838 1839 πλέον,

1187 1855 1293 1889 Τέχνην
1303 1855 1440 1882 διδάσκειν
1451 1855 1577 1890 ἐμμελῶς
1590 1855 1758 1890 ὴπειγμένιιν
1775 1854 1830 1889 [ια’.
1845 1853 1920 1879 ἔπει-

1186 1900 1289 1935 Βουλὴν
1303 1900 1357 1936 γὰρ
1373 1900 1539 1927 εὐσύνοπτον
1552 1899 1640 1931 ἄλλως
1778 1897 1822 1934 [γέ
1837 1897 1905 1933 μινι.

1190 1946 1224 1972 Et
1236 1954 1295 1977 πως
1311 1947 1325 1972 ὁ
1338 1945 1510 1981 Εὐφρόσυνος
1524 1946 1552 1972 ὲν
1568 1945 1666 1981 μακρῷ
1678 1945 1767 1980 χρόνῳ

1189 1992 1242 2018 Τὸν
1253 1991 1300 2018 τοῦ
1318 1991 1377 2027 βίου
1393 1992 1500 2018 δίαυλον
1513 1991 1597 2023 ὅντως
1612 1991 1754 2026 ὲκδράμοι,

1191 2037 1290 2064 Κείνου
1309 2037 1436 2069 θανόντος
1451 2037 1569 2071 ἔμπαλιν
1585 2036 1720 2070 παλατίῳ,

1190 2085 1333 2115 "Ancyra;
1345 2083 1506 2110 ἀλθαίνοντα
1524 2082 1618 2109 τοῦτον
1631 2082 1668 2113 ὡς
1683 2082 1752 2116 ἔχοι.

1229 2128 1395 2164 Ἐρμούλαος
1408 2128 1437 2155 δὲ
1450 2127 1572 2161 πρέσϐυς
1584 2128 1614 2153 ἒν
1629 2126 1744 2161 κρυπτῷ
1757 2126 1834 2160 τόπῳ

1197 2175 1286 2210 ’Υπῆν
1301 2175 1409 2209 ἀληθῶς
1420 2175 1537 2210 Χριστὸν
1552 2174 1787 2210 ὲνστερνισμὲνος,

1192 2222 1241 2254 ’ος
1255 2221 1330 2248 τόνδε
1344 2220 1532 2247 Πανταλέοντα
1547 2219 1654 2250 aream;
1666 2217 1784 2253 βλέπων,

1196 2268 1301 2294 Ἐκεῖσε
1317 2267 1363 2293 καὶ
1374 2266 1412 2301 τῷ
1425 2266 1514 2300 δεῦρο,
1531 2266 1578 2291 καὶ
1592 2263 1758 2299 περαιτέρω,

1188 2312 1276 2339 Ὅπου
1294 2311 1413 2346 κατῴκει
1424 2310 1473 2345 τὴν
1489 2309 1655 2336 παλίσσυτον
1669 2309 1752 2342 τάχος

1194 2356 1330 2392 Ἀταρπδν
1342 2356 1509 2391 ὲκτρέποντα
1523 2354 1573 2389 τὴν
1586 2352 1734 2387 λεωφόρον.

1193 2402 1280 2438 Ὁρῶν
1296 2402 1325 2428 δὲ
1337 2403 1385 2428 καὶ
1400 2400 1533 2436 πρόσοψιν
1547 2399 1749 2434 ὴγλαῖσμένην,

1196 2448 1318 2484 Βᾱδισμα
1331 2447 1457 2482 τερπνὸν,
1469 2446 1674 2482 εὐπροσήγορον
1689 2444 1786 2479 στόμα,

1187 2493 1274 2526 ἮΘος
1288 2494 1426 2525 ταπεινὸν,
1442 2493 1490 2519 καὶ
1505 2492 1637 2526 γαλήνιον
1653 2491 1767 2527 τρόπον.

1189 2539 1245 2565 Καὶ
1260 2538 1396 2572 πνεύματι
1410 2538 1492 2571 γνοὺς
1509 2537 1606 2568 σκεῦος
1621 2536 1738 2569 ἐκλογῆς
1752 2535 1835 2570 μέγα,

1189 2584 1317 2618 Μάρπτει
1334 2580 1461 2613 δεδοικὼς
1474 2581 1597 2618 πρέσϐυς
1611 2581 1708 2615 ἡσύχῳ
1721 2581 1785 2606 ποδλ

1190 2628 1288 2655 Καλῶν
1304 2627 1452 2663 κρυφηδόν,
1468 2627 1532 2654 ἔνθα
1545 2627 1609 2658 τούς
1625 2626 1748 2661 μακροὺς
1763 2625 1863 2657 πόνους

1190 2673 1313 2710 Θρηνῶν,
1329 2674 1488 2709 ἀγρυπνῶν,
1503 2673 1616 2708 ἠρεμῶν
1633 2672 1788 2707 ἐκαρτέρει,

1192 2719 1315 2754 Ἔρημον
1334 2719 1374 2750 εἰς
1388 2719 1506 2754 οἴκησιν,
1528 2718 1662 2752 Ἐλλήνων
1674 2717 1761 2752 φόϐῳ.

1189 2765 1243 2790 Τὺν
1254 2765 1301 2791 καὶ
1312 2764 1452 2799 τραπέντα
1466 2765 1514 2791 καὶ
1528 2764 1668 2798 προϐάντα
1679 2764 1729 2797 τὴν
1741 2757 1827 2797 θύραν

1194 2810 1311 2836 Ἐκυσεν
1319 2809 1414 2842 εἰπὼν,
1430 2809 1656 2844 Εὐπρεπέστατον
1672 2809 1763 2840 θάλος,

1226 2854 1329 2881 Νεανία
1344 2855 1483 2889 κράτιστε,
1499 2855 1577 2890 χαῖρε
1594 2853 1679 2881 πολλά
1695 2862 1752 2888 μοι.

1193 2900 1310 2934 Καύτὺς,
1329 2900 1434 2935 γεραιὲ,
1454 2901 1543 2936 χαῖρε,
1563 2900 1697 2935 πάντιμον
1709 2900 1790 2934 κάρα,
