2082 3157
148 237 202 269 89¹ῗ

213 296 245 322 ’0
261 291 437 321 Πανταλείων
449 289 592 322 ἀπέλεξεν
606 287 720 319 εὐθέως.

207 341 264 368 Καὶ
284 339 318 374 τῇ
331 337 389 373 [γρ.
401 335 450 370 1E]!
458 334 526 370 πρὸς
538 333 620 361 αὐτὸν
631 334 645 359 ὁ
656 331 843 367 πρεσθῖύτατος
856 331 946 366 γέρων

206 386 287 421 Χειρὶ
303 383 454 419 κρατήσας,
465 381 578 412 Τέκνον,
592 379 654 405 εἰπέ
670 386 725 413 μοι,
743 377 814 408 τίνος

208 430 314 466 Πατρός
329 437 360 455 τε
377 427 479 463 μητρός
497 426 521 453 θ’
534 426 589 456 υἱὸς
600 423 624 451 εἷ
634 423 829 458 πεφιλημένος,

243 474 413 509 Εὑστοργίου
427 472 490 503 παῖς
505 471 573 505 εἰμι,
593 469 660 503 φησὶ
678 466 841 502 προφρόνως

213 524 243 549 Ὁ
258 519 440 550 Πανταλείων,
458 517 560 553 μητρὸς
577 515 724 549 Εὐϐούλης,
737 513 840 547 Πάτερ,

208 568 244 595 Ἦ
260 576 300 598 τις
314 565 452 600 παρῆλθεν
464 563 496 588 ἐκ
509 561 676 588 παλαιτάτου
691 558 800 594 χρόνου.

232 613 320 640 ΕΡΜ.
331 610 426 641 Ποίας,
437 608 527 640 τέκος,
540 605 707 642 θρησκείας;
720 602 775 637 ἆρα
788 602 858 638 πρὸς
870 601 934 636 μίαν

209 660 245 686 Ἦ
257 658 305 685 καὶ
321 656 381 684 κατ’
394 655 478 690 ἄλλην
490 654 569 684 ἄλλος
581 653 610 679 ὲν
624 651 756 685 διαιρέσει

208 705 343 734 Μένοντες
356 700 428 737 ἦσαν
441 702 474 736 τῇ
492 698 663 731 συναλλήλων
678 696 781 732 σχέσει.

245 750 352 778 ΠΔΝΤ.
361 748 462 782 Μήτηρ
470 746 518 781 μὲν
527 746 544 780 ἠ
553 743 674 779 θνήξασα
682 742 727 768 τὸν
736 739 854 776 Χριστὸν
863 738 946 773 μάλα.

214 798 243 824 '0
255 796 307 830 φὺς
321 794 411 828 πατήρ
429 801 462 828 με
474 791 538 822 τοὺς
557 790 635 821 θεοὺς
649 788 769 823 στέργει,
785 786 887 820 Πάτερ,

210 841 331 871 Σπονδάς
348 848 378 866 τε
392 837 485 868 λοιϐάς
503 836 527 863 τ’
542 834 665 870 εἰσφέρει
677 832 737 860 καθ’
756 831 874 866 ἡμέραν.

244 889 332 915 ΕΡΜ.
349 886 379 912 '0
392 884 438 916 σὸς
452 883 480 910 δὲ
492 882 576 917 θυμὸς
594 881 658 916 ἄρτι
675 878 802 914 μητρῷον
818 876 910 908 σέϐας,

211 935 246 960 ’Ἠ
260 934 307 960 καὶ
321 932 352 958 τὸ
377 930 481 965 πατρὸς
502 927 653 965 εὐλαόήσαι
677 925 734 961 [γρ.
758 920 945 957 εύλαὸήσσιςῖ,

210 979 300 1013 Τάφον
310 977 431 1004 δοκεύειν
444 974 547 1010 μητρὸς
557 964 761 1005 ἐὺκλεεστάτης
774 977 782 1002 ;
799 968 852 1004 [μὴ
863 967 947 994 θέλων

246 1026 353 1053 IMNT.
371 1022 456 1057 Κείνη
471 1019 594 1048 ποθοῦσα
610 1018 684 1053 θῦμα
697 1016 736 1052 τῷ
753 1015 813 1050 Θεῷ
831 1014 904 1050 μόνῳ

210 1072 289 1099 Ζῶσα
304 1068 452 1105 προσάξειν
466 1067 562 1102 ἢθελεν
575 1074 583 1082 ι
601 1064 693 1099 πατὴρ
706 1062 728 1089 δ’
742 1061 808 1097 ἐμὸς

206 1107 318 1146 ΔΜᾶλλον
336 1113 496 1150 στρατεύειν
511 1112 608 1147 ἤθελεν
619 1110 703 1137 πάλαι
714 1107 817 1145 [novt]

684 229 705 258 s
722 210 1052 259 'PANTELEEMONIS
1070 223 1256 256 ELOGIUM.

956 286 981 316 Α
995 284 1066 312 Dixit
1083 285 1171 312 salute
1187 282 1362 311 Pantelemon
1381 281 1499 309 reddita.

997 328 1105 357 Rursus
1117 337 1201 357 senex
1214 329 1255 356 sic
1269 328 1404 355 allocutus
1419 327 1549 362 puberem
1560 330 1611 358 est,

996 375 1128 402 Prensum
1146 381 1245 401 manu:
1257 373 1316 406 Dic,
1330 377 1401 405 nate,
1421 371 1549 406 quisnam
1564 375 1589 398 te
1605 374 1692 405 pater,

996 421 1062 454 Quae
1077 425 1104 448 te
1118 420 1221 447 creavit
1231 423 1317 447 mater
1332 419 1343 445 ?
1357 427 1374 446 ο
1384 418 1493 450 dilecte,
1509 417 1563 445 dic.

1033 470 1194 505 Eustorgius
1209 476 1252 497 me
1264 469 1368 504 genuit,
1382 469 1516 503 ingenuus
1530 474 1598 502 puer

997 515 1147 550 Respondit.
1163 515 1214 547 illi,
1230 518 1317 541 mater
1333 514 1437 541 Eubule
1452 513 1515 546 fuit,

997 563 1063 596 Quae
1076 561 1169 589 functa
1185 560 1242 588 fato
1255 564 1296 588 est
1306 560 1421 594 jamdiu,
1433 559 1512 593 iussu
1525 558 1607 585 deutn

1032 612 1151 642 BERN.
1166 613 1233 645 Quis
1246 612 1337 639 cultus
1350 611 1413 643 illis,
1429 610 1562 644 numquid
1581 609 1680 636 unicus
1695 608 1764 636 fuit?

996 659 1037 686 An
1048 659 1120 686 aliud
1136 663 1218 693 atque
1234 658 1307 685 aliud
1323 657 1473 686 reveritum
1488 656 1621 683 ambobus
1634 659 1686 686 est,

998 704 1118 731 Divertio
1134 708 1272 732 sectarum
1287 703 1430 737 diremptis
1447 700 1584 728 invicem?

1035 748 1143 776 PANT.
1154 748 1294 776 Christum
1305 755 1405 783 parens
1415 755 1477 782 qua:
1499 750 1607 773 mortua
1626 748 1679 777 est,
1703 744 1786 770 coluit

997 795 1077 822 Pater
1092 798 1231 829 superstes
1244 793 1353 821 adamat
1367 794 1528 820 innumeros
1541 791 1618 822 deos,
1700 788 1768 825 [τῆξ.

998 840 1195 872 Libaminibus,
1208 843 1235 866 et
1248 838 1374 874 plurimis
1389 842 1469 864 ornat
1483 837 1580 865 sacris.

1035 889 1150 917 IIERM.
1166 888 1319 916 Animusne
1333 892 1488 915 maternum
1502 890 1565 913 tuus
1580 885 1683 913 cultum
1697 884 1753 916 Dei,

998 936 1039 962 An
1057 935 1142 969 patris
1158 934 1240 962 etiam
1254 933 1358 961 veritus
1370 936 1423 965 est,
1439 930 1665 958 minime'volens

1000 981 1129 1017 Spectare
1145 979 1279 1008 tumulum
1297 978 1394 1006 matris
1411 975 1634 1012 augustissima?

1035 1030 1144 1057 PANT.
1158 1029 1221 1057 llaec
1237 1022 1428 1064 percupiverat
1443 1026 1498 1053 Deo
1520 1033 1616 1060 puram
1634 1024 1750 1051 hostiam

1000 1075 1069 1102 Dum
1082 1076 1186 1102 viveret
1204 1074 1355 1109 producere
1373 1082 1380 1100 :
1398 1077 1426 1099 at
1443 1078 1519 1098 meus
1539 1077 1639 1105 parens

999 1120 1094 1148 Castra
1109 1119 1194 1147 voluit
1208 1126 1315 1153 semper
1330 1116 1419 1152 sequi,
1433 1121 1459 1143 et
1474 1115 1543 1143 bella
1558 1113 1681 1148 essequi.

209 1164 305 1198 Ὅμως
319 1161 375 1198 [an
388 1161 418 1186 οὐ
433 1158 499 1194 μὴν]
514 1157 643 1192 θελούσης
659 1155 709 1190 τῆς
724 1152 950 1188 σεῦασμιωτάτης
999 1166 1031 1194 ο(

999 1165 1194 1194 Consentiente
1209 1164 1242 1200 [f.
1261 1152 1437 1190 bissentienle
1452 1161 1502 1197 m.]
1517 1164 1606 1188 matre
1617 1159 1787 1188 felicissima.

210 1207 322 1242 Μητρὸς
340 1205 433 1240 πατήρ
452 1213 486 1238 με
500 1204 557 1233 τοῖς
572 1200 669 1228 ἑαυτοῦ
689 1199 809 1230 δικτύοις

211 1254 326 1289 Σφίγγει
341 1252 443 1283 πιέζων
460 1251 497 1281 ὡς
511 1250 581 1284 κακῇ
598 1246 781 1281 ποδοστράϐῃ.

246 1298 332 1325 ΕΡΜ.
345 1297 380 1324 ’Δ
398 1295 543 1332 μανθάνεις
558 1293 605 1321 νῦν
620 1301 667 1319 σου
681 1291 834 1325 καθηγέτου
850 1289 935 1324 πάρα,

211 1344 244 1371 Τί
261 1343 317 1380 [Ῐσ.
333 1341 392 1378 καὶ]
407 1341 493 1368 ταῦτα
513 1339 598 1374 κάμοὶ
614 1339 662 1366 σὺν
677 1337 742 1373 φίλῃ
759 1335 900 1372 προθυμίᾳ

212 1388 366 1424 Ἀγγειλον,
381 1388 418 1419 ὡς
432 1386 538 1422 ἔχουσιν
557 1384 656 1411 ειδέναι
673 1383 754 1410 θέλω.

245 1436 352 1463 IMNT.
362 1434 467 1468 Τέχνην
475 1430 607 1466 Γαληνοῦ,
614 1430 664 1465 τὴν
673 1428 868 1464 Ἱπποκράτους
880 1426 947 1462 ἅμα,

218 1479 384 1514 Ἀσκληπιοῦ
401 1487 431 1504 τε
445 1477 492 1504 τοῦ
507 1475 590 1510 σοφοῦ
610 1473 774 1509 προμηθέως

211 1525 324 1556 Βίϐλους
338 1525 439 1551 ὲλίσσω
453 1522 508 1549 τῶν
522 1521 655 1548 τεθέντων
670 1519 825 1553 δογμάτων,

210 1570 359 1607 Καθηγέτῃ
375 1570 404 1597 δὲ
419 1569 549 1604 πείθομαι
559 1574 566 1582 ·
581 1567 629 1594 καὶ
643 1566 698 1600 γὰρ
708 1565 778 1592 δέον.

210 1617 292 1651 Λέγει
307 1616 372 1651 γὰρ,
390 1615 428 1647 ὡς
443 1615 553 1642 ἃπασαν
568 1612 721 1647 ἀνθρώπων
734 1611 823 1641 νόσον,

212 1663 329 1693 Τούτους
338 1662 393 1697 [ῖσ.
402 1660 514 1695 ταύτας]
523 1658 646 1691 διελθὼν,
656 1657 778 1694 εὐχερῶς
786 1656 878 1684 παύων
887 1655 947 1690 ἔσῃ.

246 1711 335 1736 ΕΡΜ.
345 1707 524 1742 Στελγίσματ¹
541 1705 601 1732 ἐστὶ
608 1703 827 1736 ταῦτα,·καπνὸς,
837 1701 946 1737 «tam.

213 1757 289 1792 Ἰχνη
301 1755 417 1790 θεούσης
434 1755 499 1789 νηὸς
514 1754 531 1789 ἢ
546 1753 626 1783 σκιᾶς
639 1752 734 1783 τύπος.

212 1802 331 1837 Γαληνὸς
346 1801 422 1828 οὐδέν
436 1801 521 1831 ἐστιν,
536 1799 589 1825 οὐδ’
611 1797 805 1833 Ἱπποκράτης.

211 1849 268 1875 Οὐκ
282 1847 363 1878 ἄλλος.
374 1846 457 1880 ἐσμὸς
469 1845 523 1871 τῶν
540 1843 619 1877 θεῶν,
632 1843 680 1874 οὓς
695 1844 743 1869 καὶ
757 1842 823 1877 σέϐῃ

211 1891 392 1927 Μαξιμιανός.
415 1890 496 1917 Ἀλλὰ
508 1889 587 1925 δεῦρό
602 1897 657 1924 μοι,
670 1888 776 1920 τέκνον,

216 1937 311 1972 Ῥίψας
326 1937 358 1963 τὸ
374 1935 473 1971 σαθρὸν
490 1934 572 1970 ἄχθος
590 1935 622 1960 ὲκ
634 1935 682 1968 σῆς
700 1933 827 1968 καρδίας,

214 1982 344 2017 Πείσθητι
357 1982 404 2008 καὶ
422 1981 567 2007 πίστευσον
582 1980 622 2010 είς
636 1978 753 2013 Χριστὸν
769 1977 861 2012 μόνον,

211 2029 250 2055 Δι’
264 2025 299 2055 οὗ
309 2029 370 2055 κατ’
386 2028 470 2062 ἄμφω
481 2026 606 2062 ψυχικῶν
619 2024 775 2060 ἀλγηδόνων

211 2075 267 2100 Καὶ
283 2074 419 2108 σωμάτων
433 2073 556 2106 τεύξειας
574 2071 607 2098 ἂν
622 2071 647 2105 γ’
662 2070 827 2105 εὐρωστίαν,

212 2121 310 2156 ΙΙόρρω
323 2120 428 2147 διώκων
439 2119 489 2154 τὴν
501 2118 590 2153 κακὴν
602 2117 743 2144 ἀπιστίαν.

213 2167 337 2202 Νεκροὺς
348 2166 403 2201 γὰρ
417 2162 494 2197 οὗτος
512 2164 693 2198 ὲξανέστησεν
709 2162 781 2196 λόγῳ
792 2169 801 2177 ι

212 2214 267 2241 Καὶ
286 2213 417 2248 δαίμονας
435 2212 500 2247 πρὶν
515 2210 688 2245 έξαπήλασεν
704 2208 779 2243 φόϐῳ
791 2215 798 2222 '

211 2258 335 2292 Τυφλοὺς
354 2257 545 2293 διομμάτωσεν
562 2255 592 2287 ἐξ
609 2254 752 2288 ἁϐλεψίας.

213 2304 335 2336 Χωλοῦς,
351 2304 500 2338 κλινήρεις,
515 2302 650 2332 ἀσθενεῖς.
666 2299 860 2335 παρειμένους,

214 2351 367 2386 Ἐῥρωσεν,
383 2348 545 2384 ὲΕώρθωσεν
562 2348 595 2374 ἐκ
610 2345 698 2373 δεινοῦ
715 2346 810 2380 μόρου.

212 2397 336 2432 Δεπροὺς
350 2395 482 2430 καθῆρεν,
499 2393 686 2428 ὐδαπόρρυτον
699 2391 778 2427 χύσιν

214 2442 350 2477 Ἥμειψεν
363 2442 402 2472 είς
418 2440 542 2474 εὔοδμον,
553 2439 669 2466 εὔποτον
682 2439 772 2465 πόσιν.

213 2489 292 2515 Οῐνου
309 2486 425 2514 παλαιοῦ
443 2486 535 2521 θαῦμα
549 2486 606 2517 τοῖς
621 2484 710 2519 φίλοις
728 2484 801 2519 μέγα

213 2533 324 2567 Νέκταρ
337 2532 507 2566 γλυκύτατον
527 2531 556 2562 ἐξ
570 2530 676 2565 ἀδήλων
692 2529 852 2565 πυθμένων.

214 2576 252 2606 OB
267 2579 316 2604 καὶ
331 2577 399 2613 γυνὴ
412 2577 535 2604 λαϐοῦσα
548 2576 621 2612 χειρὶ
634 2576 799 2611 κρασπέδου,

215 2625 349 2659 Ἔστησεν
365 2623 446 2655 εὐθὺς
459 2623 659 2658 αἱματόρρυτον
673 2621 761 2657 ῥύσιν,

213 2671 265 2697 Σὺν
282 2672 338 2702 τοῖς
351 2670 380 2697 δὲ
395 2670 482 2696 πολλὰ
499 2669 646 2703 θαυμάτων
660 2668 808 2704 ὑπέρτερα,

215 2718 249 2744 Ἃ
258 2716 321 2748 νοῦς
336 2716 457 2752 βρότειος
470 2715 631 2750 ἐξαριθμεῖν
647 2715 678 2741 ού
690 2714 791 2746 σθένει,

213 2763 269 2789 Kal
284 2763 348 2794 τοὺς
362 2763 405 2789 ἐπ’
421 2763 503 2790 αὑτὸν
517 2763 549 2789 ἐκ
566 2761 716 2796 πυριπνόου
731 2760 813 2786 πόθου

214 2809 270 2840 Τὰς
285 2809 397 2840 ἐλπίδας
413 2809 545 2840 τείνοντες
560 2808 598 2839 ὠς
613 2807 772 2842 εὐεργέτην,

214 2854 317 2881 Σκέπει
329 2855 472 2889 φυλάττων
486 2853 515 2887 ἐξ
531 2853 684 2887 ἀναγκαίας
700 2851 813 2886 βλάϐης.

216 2899 272 2926 Καὶ
289 2900 400 2935 μείζονα
414 2900 485 2935 δρῶν
500 2899 530 2931 ἐξ
543 2898 665 2925 ἀπόπτου
683 2898 732 2932 τὴν
743 2897 823 2932 χάριν

217 2945 326 2979 Δούλοις
344 2945 484 2982 βραϐεύων
496 2946 552 2977 τοῖς
567 2944 698 2981 ὑπηκόοις
712 2943 798 2979 νέμει.

1001 1211 1042 1238 Me
1059 1213 1217 1246 procreator
1229 1209 1399 1243 implicatum
1411 1207 1516 1234 retibus

1000 1255 1102 1283 Premit
1116 1254 1185 1285 Suis,
1200 1257 1329 1288 tanquam
1348 1259 1442 1280 severa
1459 1250 1598 1285 compede.

1038 1304 1150 1332 IIERM.
1161 1304 1227 1337 Qum
1241 1310 1314 1330 nunc
1322 1307 1370 1330 tuo
1382 1309 1395 1328 a
1412 1301 1524 1328 doctore
1534 1298 1628 1330 discis,
1639 1297 1707 1325 heus
1723 1304 1772 1332 age

1002 1351 1148 1378 Alacritate
1163 1348 1329 1384 perbenigna
1345 1353 1418 1374 nunc
1431 1345 1497 1373 mihi

1000 1397 1138 1425 Edissere.
1156 1400 1185 1422 ut
1199 1402 1229 1422 se
1242 1394 1354 1425 habent,
1373 1392 1435 1420 volo
1454 1390 1525 1418 istud
1541 1395 1666 1417 noscere.

1038 1445 1153 1474 ΡΑΝΤ.
1169 1445 1261 1472 Artem
1277 1442 1372 1471 Caleni
1385 1440 1613 1476 Hippocratisque
1621 1437 1702 1466 simul
1716 1436 1788 1465 senis

1000 1491 1090 1525 Atque
1104 1488 1247 1523 Aﬁsculapi
1262 1487 1368 1523 providi
1380 1491 1406 1513 et
1417 1485 1490 1513 docti
1506 1485 1570 1517 viri,

1000 1535 1101 1564 Edisco
1117 1534 1376 1563 commentariorum
1393 1539 1440 1566 per
1456 1532 1554 1564 libros,

1001 1584 1035 1612 Et
1049 1591 1134 1619 pareo
1151 1582 1256 1610 doctori
1272 1588 1345 1614 meo,
1361 1580 1443 1607 veluti
1459 1579 1546 1607 decet.

961 1627 988 1659 G
1000 1629 1124 1664 Namque
1140 1628 1238 1656 asserit
1253 1635 1308 1660 me,
1323 1626 1465 1661 quodlibet
1481 1624 1570 1652 morbi
1588 1631 1673 1659 genus

1001 1674 1105 1702 Sonare
1117 1681 1208 1708 posse.
1227 1673 1250 1700 si
1266 1672 1351 1699 libros
1370 1672 1420 1698 hos
1435 1670 1557 1697 volvero.

1036 1718 1153 1746 ΗΕΠΜ.
1167 1718 1333 1754 Strigmenta
1355 1721 1418 1744 sunt
1442 1716 1512 1748 ltmc,
1532 1714 1623 1742 fumus
1643 1720 1670 1742 ct
1696 1713 1786 1740 favilla

1000 1765 1119 1799 Vestigia
1132 1765 1251 1792 errantis
1267 1762 1377 1794 carinat,
1395 1762 1498 1789 umbra:
1513 1765 1602 1796 typus.
1681 1759 1769 1796 [sunt,

1000 1810 1121 1838 Galenus
1137 1814 1179 1838 est
1194 1809 1282 1841 nihili,
1299 1808 1423 1843 nihilque
1433 1807 1625 1843 Hippocrates.

1000 1855 1124 1882 Examen
1140 1855 1207 1881 illud
1223 1854 1261 1881 nil
1277 1853 1404 1886 deorunt,
1421 1860 1491 1887 quos
1504 1851 1571 1879 colit

1001 1900 1058 1928 llex
1074 1900 1251 1927 Maximinus.
1263 1900 1320 1927 Huc
1337 1898 1549 1932 adesdum,nate
1563 1897 1610 1930 mi,

1000 1945 1130 1979 Proiicito
1145 1950 1250 1980 putrem
1266 1944 1401 1971 sarcinam
1417 1943 1497 1970 corde
1513 1950 1527 1969 e
1542 1947 1601 1972 tuo.

1001 1990 1165 2025 Obtempera
1182 1994 1210 2016 et
1222 1988 1304 2015 crede
1319 1988 1346 2014 in
1366 1987 1448 2014 Deum
1464 1986 1602 2013 Christum
1617 1984 1709 2012 modo.

1000 2034 1042 2062 οι)
1056 2042 1136 2069 quem
1152 2033 1279 2060 dolorum
1299 2037 1354 2059 tam
1371 2032 1530 2059 intimorum
1547 2035 1699 2065 pectorum,

1001 2080 1087 2113 Quam
1103 2079 1248 2106 sanitatem
1264 2084 1408 2112 corporum
1423 2076 1531 2111 assequi
1551 2083 1649 2110 queas,

1001 2125 1175 2153 lncrcdulam
1193 2127 1310 2150 mentem
1329 2121 1427 2156 procul
1444 2121 1541 2156 fugans
1556 2120 1668 2148 malam.

1001 2169 1070 2197 Nam
1091 2173 1215 2196 mortuos
1230 2167 1410 2195 exsuscitavit
1425 2166 1562 2200 Christus,
1584 2170 1611 2194 et

1003 2214 1136 2242 Daatnonis
1154 2213 1243 2248 abegit
1255 2217 1333 2240 antea
1347 2211 1520 2240 formidinem
1534 2221 1541 2239 :

1002 2261 1089 2289 Cascis
1103 2266 1206 2288 remota
1222 2260 1310 2287 aciem
1326 2259 1400 2287 dedit
1416 2259 1543 2293 caligine.

963 2295 1132 2337 I)Claudos,
1149 2305 1265 2337 solutos,
1282 2303 1445 2334 imbecillos,
1460 2303 1573 2330 elinicos

1002 2351 1145 2382 Firmavit.
1160 2356 1242 2385 atque
1256 2349 1342 2378 erexit
1357 2357 1372 2376 e
1385 2349 1439 2376 leto
1456 2349 1542 2383 gravi.

1002 2398 1075 2425 Idem
1096 2397 1218 2432 leprosos
1238 2396 1314 2428 eluit,
1324 2395 1491 2430 ,fluxumque
1508 2401 1586 2428 aqua:

1001 2442 1116 2470 Mutavit
1130 2442 1156 2469 in
1175 2441 1308 2476 liquidum
1328 2448 1361 2467 ac
1373 2439 1490 2467 odorum
1506 2438 1632 2474 poculum

1002 2488 1083 2515 Lenis
1097 2487 1188 2514 temeti
1205 2496 1211 2514 :
1233 2487 1332 2514 mirum
1347 2485 1444 2512 amicis
1459 2485 1602 2520 gaudium.

1002 2534 1195 2562 Dulcissimum
1213 2537 1307 2561 nectar
1324 2532 1429 2567 origine
1444 2532 1477 2559 de
1494 2531 1666 2558 abscondita.

1002 2580 1070 2608 Cum
1086 2579 1187 2607 femina
1201 2579 1262 2614 ejus
1276 2578 1410 2606 fimbriam
1428 2577 1516 2612 tetigit
1528 2585 1622 2611 manu.

1002 2625 1132 2653 Cohibuit
1148 2625 1199 2652 atri
1213 2624 1356 2660 sanguinis
1372 2623 1475 2652 ﬂuxum
1494 2623 1577 2650 illico.

1002 2671 1195 2699 Miraculorum
1214 2678 1313 2706 genera
1328 2669 1414 2697 multo
1430 2670 1507 2705 plura
1526 2673 1600 2700 sunt,

1002 2716 1128 2744 Numeris
1144 2720 1238 2744 tenere
1248 2716 1369 2742 humana
1383 2722 1444 2750 qua:
1457 2721 1535 2741 mens
1553 2720 1607 2740 non
1627 2712 1707 2739 valet.

1002 2762 1135 2795 Quocirca
1154 2762 1181 2788 in
1202 2762 1290 2796 ipsum
1305 2769 1320 2788 e
1340 2759 1452 2787 fervidis
1467 2758 1622 2789 doloribus.

1003 2804 1102 2840 Speres
1116 2810 1287 2840 reponentes,
1306 2804 1453 2839 benignum
1469 2807 1497 2829 ut
1515 2802 1677 2836 principem,

1003 2850 1120 2877 Serrans
1136 2854 1227 2877 tuetur
1243 2850 1278 2876 ab
1293 2849 1454 2876 imminente
1466 2846 1650 2880 incommodo,

1004 2896 1038 2923 Et
1054 2896 1212 2931 ampliorem
1224 2896 1337 2930 gratiam
1352 2898 1485 2930 przestans
1500 2892 1592 2920 statim

1005 2941 1095 2969 Servis
1111 2941 1248 2969 ministrat
1260 2939 1435 2968 audientibus
1448 2939 1515 2966 suis.

1729 219 1784 251 894
