2082 3157
155 149 208 182 897
684 150 715 179 S.
736 146 1057 179 PANTELEEMONIS
1074 147 1263 178 ELOGIUM.

955 206 977 233 Α
994 201 1042 229 Vis
1053 202 1242 237 Pantelemon,
1258 207 1290 232 ut
1303 203 1386 231 modo
1402 203 1474 232 haud
1486 203 1561 232 finita
1576 203 1622 231 sit.

215 204 245 232 '0
259 205 382 240 Παντελὴ
387 213 445 239 μων
457 205 533 240 ἰσχὺς
547 205 577 232 οὗ
593 206 775 240 μετρουμένη.

208 251 265 279 Καὶ
282 251 346 282 στὰς
362 250 404 277 ἐπ’
419 250 504 285 ἄκρου
521 249 665 285 πτώματος
677 251 724 277 τοῦ
737 251 841 286 θηρίου,

210 296 398 332 ’Δνορταλίζον
412 296 450 328 ὼς
464 296 573 327 νεοσσὸς
586 296 680 331 ἠρέμα

206 343 289 370 Ὅλον
301 342 331 369 τὺ
347 342 437 376 σῶμα,
452 342 501 368 καὶ
513 341 559 368 τδν
573 342 672 377 αἰθέρα
687 342 803 377 βλέπων,

209 388 299 423 Εὺχὰς
318 387 499 421 διεξέπεμπεν
511 387 668 422 ἀξιόχρεως.

205 434 303 469 Τρέχει
317 433 345 460 δὲ
360 433 406 459 καὶ
420 433 528 468 γέροντι
544 433 670 467 κηρύεων
684 433 758 466 τάδε,
772 432 775 435 ’

204 478 380 512 Δὺτάγγελος
396 477 520 512 προεῖδεν
535 478 734 514 ἀγγεληφόρος.

207 524 318 550 Πίπτων
338 523 382 549 ἐπ’
393 521 473 554 οὖδας
487 531 494 538 ·
510 523 604 555 Ἴλεως
622 524 713 557 γενοῦ,
729 524 829 559 Πάτερ,

206 569 324 604 Κράζων
340 569 456 603 άληκτα,
473 569 522 604 τὴν
537 569 720 604 ἀτέκμαρτον,
736 569 833 603 λέγων,

206 616 227 642 Τ
229 616 327 650 άχιστα
342 615 386 646 δός
403 623 447 650 μοι
463 615 513 650 τὴν
528 615 769 650 παλιγγεννησίαν,

204 662 261 696 Τὴν
275 661 441 696 ψυχολαμττῆ
461 661 512 695 τῆς
526 661 685 696 καθάρσεως
699 663 789 697 χάριν.

211 707 281 741 Ἐγὼ
295 708 350 743 γὰρ
365 706 424 734 οἶδα
439 707 485 733 καὶ
498 707 571 742 σοφῷ
587 716 640 742 περ
656 707 798 743 πείσματι,

205 754 302 785 Ἄλλος
313 753 379 785 Θεὸς
393 753 549 789 κράτιστος,
569 753 691 791 ἄφθιτος,
709 754 806 788 μέγας,

204 798 261 824 Οὐκ
277 797 362 830 ἐστιν,
377 798 427 824 οὐκ
444 797 560 829 ἔνεστιν,
573 798 590 833 ἦ
607 798 724 832 Χριστὸς
739 798 828 833 μόνος,

202 844 305 879 Νεκροὶ
319 844 353 871 δι’
370 841 455 878 οὗπερ
472 843 662 876 ἐξανίστανται
679 844 772 870 πάλιν.

203 890 258 916 Καί
271 890 322 924 τὴν
337 891 465 924 φανεῖσαν
480 889 586 924 ἀθρόως
603 890 667 924 παρ’
679 890 774 917 ὲλπίδα
811 918 814 921 _

204 934 332 961 ’Δπασαν
352 935 494 969 ἐξήγγειλε
510 934 746 970 θαυματουργίαν.

239 981 293 1008 Καὶ
308 980 428 1016 πρέσϐυς
443 979 503 1006 εἷπε
514 987 521 994 ”
538 980 592 1006 Τοῦ
607 981 755 1014 φθαρέντος
772 980 867 1016 θηρίου

201 1027 238 1054 To
251 1027 351 1062 πτῶμα
366 1026 462 1059 δεῖξον,
476 1026 513 1057 ὡς
531 1026 597 1061 ἔχει,
615 1027 708 1058 κάμοὶ,
728 1029 834 1054 τέκνον.

204 1074 304 1108 ’Ἄμφω
317 1073 339 1099 δ’
356 1072 463 1098 ἔϐαινον
480 1072 545 1099 ἔνθα
562 1081 613 1098 που
632 1072 662 1099 τὸ
675 1072 769 1107 θηρίον

204 1119 368 1154 Ἀναρθρον,
384 1118 497 1150 ἄπνουν,
515 1118 631 1152 ἐκτάδην
646 1118 817 1154 ήπλωμένον,

203 1164 444 1198 Κατηλοκισμένον
459 1172 488 1189 τε
505 1163 553 1190 καὶ
567 1163 740 1198 πεφυρμένον

204 1210 340 1245 Ἐρῤιπτο
355 1208 436 1243 δεῖμα
450 1209 506 1239 τοῖς
518 1208 613 1243 ὁρῶσι,
628 1210 674 1235 καὶ
686 1209 780 1241 γέλως.

237 1254 294 1281 Καὶ
308 1253 481 1281 Πανταλείων
493 1253 557 1288 ἄγχι
571 1262 629 1285 πως
642 1253 680 1288 τῷ
694 1253 836 1291 πρεσϐύτῃ

204 1300 242 1326 Τὸ
255 1299 356 1334 πτῶμα
368 1299 416 1325 τοῦ
432 1299 581 1334 φθαρέντος
599 1298 675 1326 ἐνθεν
690 1299 786 1335 θηρίου

205 1344 337 1378 Ἐδειξεν,
354 1345 517 1380 ἐσκίρτησεν
531 1345 627 1380 ἡδονῆς
642 1345 705 1373 imo.

203 1391 326 1426 Πρέσϐυς
339 1391 370 1417 τό
380 1390 406 1425 γ’
421 1390 498 1426 δμμα
511 1391 558 1417 τοῦ
573 1391 632 1422 νοὸς
642 1392 732 1427 πολλῷ
743 1391 822 1420 πλέον

202 1438 249 1468 Εἰς
262 1436 330 1471 θψος
344 1437 413 1472 ἄρας
429 1436 544 1472 οὐρανοῦ
559 1437 627 1472 πρὸς
644 1438 747 1471 ἑστίαν,

208 1482 429 1518 ’Δπευχαριστῶν
442 1482 568 1517 ἀσμένως
584 1482 624 1518 τῷ
638 1483 743 1518 Κυρίῳ,

206 1530 264 1556 Ὠδὶ
280 1530 438 1564 προσεῖπεν,
451 1529 483 1554 ἐκ
497 1528 602 1563 φρενῶν
616 1529 776 1564 γερουσίων,

206 1576 249 1607 Ὠς
260 1575 337 1607 Δόξα,
350 1574 423 1608 δόξα,
444 1574 506 1606 δόξα
521 1575 562 1601 σοὶ
574 1574 647 1609 μόνῳ
663 1575 774 1608 πρέπει,

202 1620 247 1655 Τῷ
263 1619 460 1655 τρισσολαμπεί
470 1619 520 1653 τῆς
544 1620 609 1654 μιᾶς
620 1619 761 1654 θεαρχίας,

201 1664 247 1700 Τῷ
261 1664 448 1699 παντεπόπτῃ,
465 1663 504 1698 τῷ
518 1663 642 1699 κραταιῷ
660 1664 794 1699 Δεσπότῃ,

199 1710 245 1745 Τῷ
259 1709 420 1745 δημιουργῷ
433 1709 487 1735 τῶν
500 1709 555 1735 ἄνω
568 1710 615 1735 καὶ
632 1709 686 1735 τῶν
699 1710 784 1741 κάτω,

200 1756 246 1791 Τῷ
260 1755 471 1790 πανσθενουργῷ
484 1754 537 1781 τῶν
549 1755 639 1782 καλῶν
654 1755 822 1791 πρωταιτίῳ,

199 1801 245 1836 Τῷ
258 1800 296 1835 τῷ
307 1801 386 1834 Λόγῳ
400 1801 508 1835 φέροντι
520 1800 620 1835 κόσμον
635 1801 675 1832 εἰς
689 1801 786 1835 πέρας,

199 1847 245 1881 Τῷ
259 1846 309 1881 τὴν
322 1845 408 1881 θεώδη
427 1845 475 1871 καὶ
489 1846 638 1880 φθαρεῖσαν
650 1846 745 1873 οὐσίαν

198 1891 311 1917 Φανέντι
325 1891 371 1917 καὶ
387 1889 515 1922 σώσαντι,
534 1891 643 1916 καὶτῶν
659 1891 782 1925 ἀγγέλων

208 1936 380 1972 ’Υπερτέραν
397 1935 524 1967 τεύξαντι
540 1937 573 1971 σῇ
590 1937 736 1971 παρουσίᾳ.

199 1983 256 2009 Καὶ
265 1982 319 2017 γὰρ
332 1982 441 2016 ταχεῖαν
456 1982 504 2015 τὴν
517 1982 633 2016 ἀμοιϐὴν
646 1982 695 2016 τῆς
710 1982 796 2016 πάλης

201 2027 306 2062 Ἕργῳ,
318 2027 364 2054 τὸν
380 2027 479 2062 ἐχθρὸν
492 2026 509 2053 ἃ
522 2026 612 2060 δεήσει
622 2026 774 2058 λανθάνειν,

199 2073 324 2105 Ἐδειξας
337 2074 378 2104 εις
393 2073 438 2098 σὺν
455 2072 650 2107 εὐεπίστροφον
662 2072 767 2107 λάτριν,

197 2119 330 2152 Φάλαγγα
348 2118 483 2144 διώσαντα
496 2118 546 2154 τὴν
560 2119 695 2150 ἐναντίαν,

197 2164 297 2199 Τυχεῖν
314 2163 426 2189 ἐκείνων
441 2163 496 2189 τῶν
510 2163 599 2198 μονῶν
613 2164 774 2198 ἀμεινόνων.

240 2208 322 2243 Ὁμοῦ
333 2209 361 2235 δὲ
374 2208 471 2235 θᾶττον
486 2207 562 2240 αὖθις
577 2210 616 2240 εἰς
631 2209 680 2244 τὴν
695 2209 784 2236 οἰκίαν

198 2255 422 2291 Τοῦίπρεσϐύτου
441 2255 608 2290 προῦϐησαν,
624 2253 655 2282 οὗ
671 2256 720 2290 τὴν
736 2257 878 2292 φωσφόρον

198 2300 339 2335 Σφραγῖδα
352 2301 453 2335 σεπτὴν
469 2302 508 2332 είς
522 2301 659 2336 τρισήλιον
673 2302 739 2335 φάος

201 2346 304 2380 Ἔθηκε
321 2345 476 2371 πιστεύοντι
489 2353 496 2360 ·
516 2346 562 2372 καὶ
578 2345 616 2380 τῷ
632 2346 772 2382 πρεσϐύτῃ

199 2392 328 2425 Ἔμεινεν
343 2391 413 2418 ἑπτὰ
431 2393 606 2426 συμπονήσας
623 2392 740 2427 ἡμέρας.

199 2438 254 2464 Καὶ
267 2438 300 2473 δὴ
316 2438 384 2472 μετὰ
400 2438 447 2472 τὴν
465 2437 581 2472 ἑϐδόμην
597 2437 762 2468 ὀπισθόπους

197 2483 244 2515 El;
256 2481 328 2510 οἶκον
343 2483 427 2510 ἐλθὼν
442 2483 495 2518 [ἵσ.
508 2481 585 2519 ἦλθε]
603 2483 735 2518 πατρικὸν
750 2483 928 2519 κεχαρμένος.

233 2529 328 2565 Πατὴρ
346 2529 414 2564 πρὸς
431 2529 513 2555 αὐτὸν
524 2527 586 2555 εἷπε
604 2529 702 2564 μεστὸς
714 2530 838 2565 δακρύων
851 2538 858 2546 ο

197 2575 299 2603 Τέκνον
314 2575 446 2607 ποθεινὸν,
462 2575 511 2606 τὰς
524 2575 658 2607 τοσαύτας
674 2575 781 2610 ἡμέρας

198 2620 253 2647 Ποῦ
271 2621 317 2647 καὶ
331 2621 420 2656 παρῆς
441 2629 497 2656 μοι,
515 2621 561 2646 καὶ
576 2621 678 2647 στένων
693 2621 874 2656 ὲδυσφόρουν;

201 2667 231 2693 ’0
248 2666 351 2702 δεύτερ’
363 2667 444 2693 αἰνῶν
461 2667 507 2693 καὶ
539 2666 679 2701 μεριμνῶν
699 2667 745 2693 καὶ
770 2667 851 2694 πέλον
873 2668 927 2704 [ἵσ.

195 2711 335 2746 Θρήνοισι,
349 2711 455 2743 τέκνον,
469 2709 514 2737 οἷα
525 2710 663 2745 πείσομαι,
677 2711 763 2743 τάλας

196 2757 271 2788 Υῑδς,
287 2757 318 2783 τὸ
331 2757 425 2792 μέλλον
439 2757 477 2786 ὡς
489 2757 607 2791 ἀγαστὸν
626 2757 654 2783 ἐν
667 2757 739 2790 φάει,

198 2803 337 2834 ’Δποινον,
352 2802 516 2830 ἀστένακτον
529 2803 559 2829 οὐ
573 2802 664 2838 βλέπω
676 2802 742 2837 βίον.

195 2847 245 2874 Σοῦ
265 2849 314 2884 μὲν
329 2849 462 2884 παρόντος
475 2849 521 2876 καὶ
533 2849 624 2877 θανεῖν
638 2849 793 2886 ἱμειρόμην.

810 2711 912 2747 [ποθῶν

994 250 1027 277 Et
1039 255 1116 279 stans
1128 252 1156 279 in
1169 252 1224 279 alto
1237 252 1334 280 bellua;
1348 253 1492 285 cadavere,

994 295 1030 323 Ut
1043 296 1135 331 pullus
1150 296 1218 328 alas,
1231 297 1331 325 leniter
1346 302 1432 325 totum
1449 297 1559 325 elevans

992 340 1109 375 Corpus,
1124 341 1272 376 oculosque
1285 341 1318 369 ad
1333 342 1435 369 aethera
1450 341 1585 369 extollens
1595 349 1673 373 suos,

992 386 1091 413 Preces
1110 386 1170 420 pias
1187 386 1333 421 purissimo
1347 385 1403 414 edit
1418 390 1537 421 pectore.

992 429 1062 457 Hinc
1075 432 1162 458 currit
1176 431 1208 459 ad
1221 438 1314 459 senem
1330 431 1381 459 ista
1395 439 1484 466 pra‘co
1500 432 1641 464 nuntians,

992 475 1058 508 Quae
1072 480 1162 503 certus
1179 476 1237 511 ipse
1252 476 1366 504 nuntius
1381 482 1558 511 prospexerat
1574 489 1581 504 ;

992 520 1061 548 Tum
1077 522 1221 556 procidcns
1235 522 1311 549 humi
1330 531 1336 548 :
1350 521 1442 555 Pater,
1457 530 1575 557 praesens
1591 524 1667 556 ades,

992 565 1136 594 Clamabat
1149 567 1275 600 assidue;
1292 567 1359 594 mihi
1376 572 1503 602 augusta,
1523 568 1661 603 inquiens,

993 610 1078 638 Ortus
1097 611 1210 638 secundi
1227 619 1326 638 arcana
1341 612 1438 639 confer
1451 613 1576 647 protinus
1594 622 1601 640 :

993 657 1186 691 Purgalionem
1202 657 1400 685 illuminantem
1418 663 1539 692 pectora,

992 701 1061 729 Nam
1075 702 1138 729 novi
1151 709 1202 737 ego
1215 702 1394 737 persuasione
1411 703 1557 735 acerrima,

994 747 1127 775 Eternus
1142 753 1170 775 ut
1181 748 1216 776 sit
1229 753 1382 783 prapotens
1397 756 1521 777 summus
1536 749 1619 783 Deus,

991 793 1128 825 Christus,
1143 801 1194 821 nec
1207 794 1280 821 ullus
1292 798 1389 828 prater
1403 794 1486 827 hunc,
1499 795 1546 830 qui
1561 795 1636 824 solus
1647 801 1697 825 est.

991 838 1044 866 Per
1060 846 1141 874 quem
1157 839 1247 866 redire
1260 840 1361 866 mortui
1377 839 1410 866 ad
1425 840 1507 867 vitam
1521 841 1622 874 solent,

951 875 976 906 Β
991 882 1142 918 Visumque
1157 887 1257 919 praeter
1268 891 1343 918 spem
1358 884 1440 912 modo
1452 892 1534 912 omne
1549 893 1564 912 a
1579 893 1609 914 se
1625 886 1713 921 palam

988 928 1163 957 Renuntiavit
1179 929 1282 956 editum
1296 929 1471 957 miraculum.

1027 979 1096 1007 Tum
1113 979 1206 1007 senior
1222 988 1230 1006 :
1244 979 1317 1006 Heus
1334 983 1373 1011 tu,
1392 979 1490 1013 inquit,
1503 983 1649 1015 perempta:
1663 980 1759 1008 belluzc

994 1026 1117 1054 Cadaver
1127 1026 1218 1053 indica
1233 1029 1263 1053 ut
1278 1032 1307 1053 se
1323 1025 1414 1057 habet,
1428 1025 1465 1052 ﬁli
1477 1026 1589 1060 optime.

988 1071 1048 1099 Mox
1062 1079 1127 1107 ergo
1145 1076 1259 1107 uterque
1272 1072 1389 1099 contulit
1404 1079 1433 1099 se
1449 1072 1496 1099 ubi
1513 1072 1600 1100 bestia

988 1118 1143 1151 Exanimis,
1159 1118 1272 1146 immota
1289 1122 1372 1152 atque
1385 1118 1459 1146 iners
1473 1123 1585 1146 extensa
1600 1123 1670 1152 erat,

989 1165 1126 1200 Sulcoque
1142 1165 1206 1192 trita
1218 1169 1245 1192 et
1256 1164 1400 1199 inquinata
1417 1164 1558 1195 sordibus,

988 1209 1088 1237 Terror
1100 1209 1210 1244 iacebat
1223 1214 1250 1237 et
1262 1210 1342 1244 iocus
1357 1210 1556 1245 spectantibus.

1025 1254 1077 1282 Hic
1094 1254 1268 1282 Pantelemon
1285 1255 1441 1283 comminus
1456 1259 1551 1282 sancto
1566 1255 1625 1282 scni

987 1298 1062 1326 Ferae
1072 1299 1189 1326 cadaver
1201 1303 1337 1326 monstrat
1354 1299 1501 1327 instratum
1518 1300 1587 1332 solo,

987 1344 1095 1372 Exsiliit
1106 1345 1239 1372 immenso
1251 1352 1334 1373 senex
1351 1353 1406 1380 prae
1419 1345 1520 1380 gaudio
1534 1353 1542 1372 :

987 1390 1119 1424 Puraeque
1134 1390 1234 1417 mentis
1252 1389 1354 1417 lumine
1366 1389 1438 1417 elato
1453 1389 1546 1422 altius,

987 1436 1113 1464 Convexa
1129 1435 1273 1467 caelorum,
1288 1435 1425 1470 adytaque
1439 1435 1546 1462 intrans
1560 1434 1626 1470 poli,

987 1479 1086 1508 Grates
1103 1480 1229 1507 lubenter
1244 1481 1300 1514 egit
1319 1480 1445 1515 ingentes
1461 1479 1527 1512 Deo,

988 1526 1036 1554 Sic
1047 1531 1210 1562 apprecatus
1226 1530 1316 1553 mente
1331 1533 1416 1554 canus
1432 1525 1548 1553 candida
1566 1533 1573 1551 :

1023 1576 1121 1607 Decus.
1138 1576 1222 1604 decus
1237 1575 1286 1603 tibi
1299 1575 1346 1607 sit,
1363 1576 1441 1603 decet
1455 1580 1481 1602 te
1496 1582 1581 1602 unum
1598 1575 1695 1609 decus,

986 1621 1041 1649 Ter
1052 1621 1131 1656 cujus
1146 1621 1292 1656 imperium
1305 1621 1419 1648 unicum
1432 1623 1577 1654 augustum
1590 1619 1686 1652 micat,

985 1665 1090 1694 Cuncta
1106 1666 1234 1698 intuenti,
1250 1665 1367 1700 principi
1380 1664 1532 1692 fortissimo
1545 1673 1551 1690 :

986 1712 1039 1746 Qui
1054 1713 1144 1747 opifex
1156 1720 1338 1747 supernorum
1354 1711 1561 1746 inferorumque
1572 1710 1707 1742 omnium,

986 1757 1038 1790 Qui
1050 1761 1204 1791 praepotens
1221 1757 1400 1791 pulchrorum
1416 1763 1446 1783 es
1462 1759 1558 1783 auctor
1570 1759 1652 1789 atque
1664 1754 1736 1788 fons,

985 1801 1173 1836 Mundumque
1188 1801 1277 1829 Verbo
1289 1802 1322 1829 ad
1339 1802 1441 1829 exitum
1456 1801 1534 1828 ducis
1546 1800 1647 1827 bonum

985 1847 1032 1875 Dei
1048 1847 1174 1874 aemulam
1191 1848 1237 1882 qui
1257 1847 1420 1882 Iabilemque
1431 1845 1578 1874 essentiam

984 1893 1129 1926 Lustrasti,
1146 1897 1173 1920 et
1185 1897 1329 1924 assertam.
1342 1893 1446 1927 angelis
1453 1892 1587 1920 excellere

986 1937 1092 1966 Virtute
1108 1938 1197 1966 fecisti
1213 1940 1365 1973 prmsentiaa
1377 1943 1441 1966 tum.

983 1983 1075 2011 Luetae
1092 1983 1340 2011 remunerationem
1354 1990 1382 2011 tu
1400 1985 1480 2011 citam

983 2028 1070 2063 Opere
1084 2028 1167 2063 (quod
1184 2029 1291 2056 hostem
1305 2037 1358 2056 non
1372 2029 1479 2063 juvabit
1494 2029 1630 2065 invidum)

984 2075 1069 2102 Servo
1084 2074 1214 2102 indicasti
1229 2079 1283 2101 tam
1299 2075 1459 2108 obsequenti
1478 2079 1504 2101 et
1521 2075 1625 2102 sedulo.

982 2119 1098 2152 Quando
1117 2119 1238 2147 hostium
1251 2120 1331 2146 turba
1348 2119 1459 2153 repulsa
1473 2123 1515 2147 est
1530 2120 1665 2154 integrum

982 2167 1129 2194 Feliciores
1146 2167 1303 2194 mansiones
1317 2166 1438 2200 assequi.

947 2204 970 2231 Ῐ)
1017 2211 1086 2239 llinc
1103 2212 1192 2240 denuo
1209 2219 1294 2247 ocyus
1306 2211 1416 2238 domum
1430 2214 1551 2238 remeant
1564 2210 1645 2238 simul

981 2258 1108 2293 Longazvi
1125 2257 1244 2284 hominis
1261 2265 1268 2283 :
1285 2257 1328 2284 ubi
1341 2256 1488 2291 praeferens
1503 2258 1591 2284 lucem
1608 2263 1714 2284 sacram

982 2302 1095 2337 Signum
1110 2302 1270 2333 verendum,
1289 2301 1355 2328 solis
1369 2305 1399 2328 ut
1412 2304 1453 2328 ter
1469 2301 1561 2333 lucidi,

982 2348 1075 2376 Posuit
1086 2348 1138 2375 fide
1155 2348 1260 2376 imbuto
1277 2357 1284 2375 :
1300 2348 1413 2383 senique
1428 2353 1522 2375 astans
1539 2347 1611 2374 bono

980 2393 1093 2421 iuvenis
1107 2393 1227 2421 laborem
1245 2401 1293 2428 per
1307 2394 1364 2420 dies
1380 2397 1480 2427 septem
1499 2393 1606 2427 accipit.

981 2438 1101 2466 Tandem
1117 2447 1260 2467 remensus
1273 2439 1333 2466 lucc
1349 2439 1463 2473 septima
1481 2438 1564 2470 viam,

981 2485 1095 2513 Domum
1110 2494 1176 2520 puer
1192 2486 1300 2513 revertit
1312 2486 1345 2512 ad
1363 2485 1447 2519 patris
1465 2485 1568 2512 hilaris.

980 2532 1070 2566 Ipsum
1083 2540 1181 2567 parens
1195 2540 1256 2559 cum
1273 2531 1398 2567 lacrymis
1412 2530 1507 2558 allatus
1524 2535 1566 2558 est

1017 2577 1117 2605 Dilecte
1134 2577 1171 2604 lili
1189 2578 1237 2609 mi,
1251 2577 1309 2604 dies
1326 2584 1372 2611 per
1385 2581 1434 2608 t0t,
1449 2584 1526 2614 rogo,

983 2623 1096 2651 Ubinam
1115 2623 1235 2650 locorum
1252 2630 1312 2650 eras
1327 2622 1338 2648 ?
1352 2622 1492 2657 gemebant
1508 2628 1568 2655 ego,
1585 2621 1610 2648 id
1622 2620 1712 2648 ferens

972 2665 1073 2703 ᾯΈετε,
1088 2669 1140 2695 hoc
1154 2673 1181 2695 et
1193 2668 1258 2695 illud
1275 2668 1409 2703 cogitans,
1422 2667 1581 2694 desiderans

979 2714 1027 2746 'l‘e,
1041 2718 1113 2745 nate,
1130 2713 1241 2748 lugens;
1257 2717 1358 2747 quanta
1375 2712 1475 2740 sull'ero
1493 2711 1592 2739 miser!

980 2757 1031 2786 Ubi
1050 2759 1142 2786 filius?
1158 2760 1204 2794 qui
1220 2759 1396 2792 imposterum
1411 2759 1455 2785 lux
1469 2758 1552 2785 chara
1568 2757 1640 2784 erit?

980 2804 1114 2839 Suspiriis
1131 2804 1190 2832 sine
1205 2810 1230 2831 te
1246 2808 1382 2831 carentem
1400 2803 1471 2830 haud
1491 2803 1570 2830 vitam
1587 2810 1638 2837 ago
1655 2811 1662 2829 :

978 2851 1115 2880 Praescnte
1129 2851 1176 2879 sed
1192 2855 1228 2885 te,
1242 2850 1284 2879 vel
1300 2850 1369 2878 mori
1383 2854 1536 2886 cxpetorcm
1555 2849 1645 2877 modo.
