2082 3157
313 115 368 148 399
957 111 1118 141 JOANNIS
1134 111 1350 142 GEOMETREE
1743 130 1753 133 π
1889 112 1945 144 900

349 172 482 199 Sermone
498 169 628 197 Pantaleo
643 167 721 196 brevi
735 166 805 194 dixit
820 165 907 200 patri:

312 217 406 245 Morbo
421 216 584 252 gravissimo
599 214 761 249 optimatum
776 212 944 247 quempiam,

313 262 347 289 Et
362 262 514 297 principem
534 260 668 287 illustrem
681 259 819 285 dolentem
836 258 964 290 maxime,

314 308 372 344 Ego
387 311 412 335 et
426 314 504 334 meus
515 306 612 333 doctor
626 303 686 331 dies
698 308 801 338 septem
815 303 911 330 ordine

311 356 342 383 In
356 353 432 389 regio
446 350 602 378 curavimus
617 348 730 384 palatio,

311 400 381 427 Dum
394 403 506 433 prorsus
525 403 541 422 a
554 394 721 423 cruciatibus
737 392 895 421 saevissimis

310 443 502 478 Commitigata
517 440 665 468 acerbitate
674 438 817 474 quieverit.

345 494 395 521 His
411 491 549 527 acquievit
561 490 690 526 lacrymis
702 489 773 517 fusis
783 492 873 523 pater.

310 540 357 568 Ille
370 539 434 566 hinc
448 541 560 572 repente
576 536 694 571 patrium
709 535 838 569 linquens
859 534 942 561 larem

310 586 394 613 Recta
407 583 508 615 evolat,
525 582 624 609 timore
635 581 710 608 nullo
724 579 854 614 percitus,

309 631 351 658 Ad
365 629 575 664 Euphrosynum
591 633 621 654 se
633 625 794 660 magistrum
805 623 960 656 conferens,

311 676 427 703 Ridente
441 673 555 710 jam.die
570 672 673 700 coloris
685 671 762 699 aurei
779 679 786 698 :

310 721 347 749 Ut
360 721 438 749 stella
452 719 568 747 Veneris
583 718 655 745 alma
670 717 760 744 clarus
776 716 896 744 Lucifer.

342 765 522 800 Interrogavit
537 764 632 792 doctor
646 763 785 790 hominem
802 761 944 796 pr0vidunt
959 769 966 788 :

309 812 333 840 0
348 811 488 844 Pantaleo,
502 810 657 839 curriculus
671 817 706 837 en
721 809 827 836 dierum
842 808 900 836 abit

310 859 432 896 Septem,
446 858 547 886 scholae
558 865 590 885 ex
601 863 658 892 quo
673 859 748 891 septa
763 858 864 882 nostrae
880 854 986 882 deseris
1002 863 1008 881 :

312 906 383 939 Quid
397 913 489 933 rerum
506 903 628 939 agebas?
643 910 676 929 ne
687 901 756 929 mihi
776 901 802 928 id
818 900 886 933 cela,
901 900 1032 935 obsecro;

308 950 376 978 Nam
393 950 477 977 libera
490 953 542 981 est,
559 948 635 980 novi,
652 947 703 974 tibi
716 946 777 973 vitae
793 945 875 973 actio.

343 999 447 1034 Agrum
463 1004 559 1025 recens
573 1000 712 1024 mercatus
725 999 767 1022 est
779 990 890 1029 (inquit)
907 1001 995 1022 novus

309 1044 390 1072 Paler
404 1045 538 1080 optimus,
549 1042 595 1071 cui
614 1041 742 1070 assiduus
759 1040 824 1068 haesi
841 1047 943 1072 comes,

308 1091 459 1126 Adjunctus
474 1088 536 1124 ipsi,
551 1096 586 1115 ne
599 1091 681 1114 ruant
695 1086 850 1118 conamina,
876 1087 885 1091 '

309 1136 339 1163 In
352 1136 457 1163 aedibus
471 1134 551 1161 sedes
568 1133 614 1160 ubi
631 1131 732 1160 stabilii
744 1138 836 1162 meas;

307 1184 405 1210 Aratra
422 1185 449 1208 et
465 1180 584 1212 aculeos,
602 1179 749 1214 magistros
762 1183 790 1205 et
801 1178 896 1210 boum,

309 1228 441 1256 Scrutans
456 1231 482 1254 et
494 1234 599 1254 ornans
610 1225 712 1261 praedia
726 1228 789 1252 ante
805 1225 900 1252 urbem
916 1224 979 1252 sita.

300 1267 359 1304 ‘llic
375 1274 480 1310 perstiti
493 1278 594 1308 septem
611 1272 741 1299 laborans
759 1278 806 1306 per
820 1270 881 1298 dies
896 1279 904 1298 :

307 1321 376 1348 Nam
391 1319 517 1355 plurimis
534 1319 607 1353 agris
621 1322 649 1344 et
665 1317 763 1351 amplis
774 1315 893 1351 praediis.

307 1368 488 1402 Omnique‘re
502 1373 552 1394 nec
567 1364 685 1399 mancipi
703 1363 885 1398 praestantius,

307 1414 357 1441 Est
368 1413 502 1447 optimum
520 1411 598 1442 illud,
615 1409 774 1444 comparavi
790 1408 864 1443 quod
880 1407 971 1435 modo.

342 1458 542 1495 Euplirosynus
561 1455 638 1483 audit
652 1455 722 1488 haec,
736 1458 764 1482 et
779 1453 917 1481 obturavit
930 1460 972 1480 os.

1123 173 1142 199 Δ

1250 168 1322 202 Ἔφη
1338 167 1366 194 δὲ
1378 175 1461 202 πατρι
1480 167 1619 200 συντόμως
1632 166 1798 193 Παντωλέων
1808 173 1817 183 ⁸

1207 215 1309 249 Λυμῶν
1323 214 1419 249 βαρεῖα
1429 213 1482 240 τῶν
1496 213 1666 249 μεγιστάνων
1679 212 1741 239 τινὰ

1208 260 1241 286 Ἀ
1247 268 1344 294 ρχοντα
1358 259 1403 286 τὸν
1420 259 1573 294 προῦχοντα
1588 259 1636 285 σὺν
1649 258 1802 293 διδασκάλῳ

1214 305 1361 339 Ἀλγοῦντα
1374 304 1468 337 δεινῶς
1484 305 1533 336 τὰς
1547 304 1680 336 τοσαύτας
1695 304 1804 341 ἡμέρας

1212 351 1430 386 ’Υπηρετοῦμεν,
1448 352 1524 383 ὄντες
1539 351 1568 378 ἐν
1582 351 1717 387 παλατίῳ,

1207 397 1279 429 Ἕως
1290 398 1400 430 τελείως
1412 397 1466 424 τῶν
1481 397 1639 432 ἀναγκαίων
1654 396 1742 424 πόνων

1213 443 1244 469 Ἢ
1262 443 1410 478 σφοδρότης
1427 442 1527 476 ἔδειξεν
1542 441 1731 478 ἡμερουμένη.

1241 488 1337 522 Πατὴρ
1348 487 1487 522 δακρύσας
1499 487 1640 523 ἠρέμησεν
1657 486 1757 513 αὐτίκα

1211 534 1353 560 Ἐντεῦθεν
1367 534 1448 565 εὐθὺς
1460 535 1596 569 πατρικῆς
1611 533 1658 560 ἀπ’
1674 533 1794 569 ἐσχάρας

1206 580 1320 615 Τρανῶς
1332 581 1457 613 διαπτὰς,
1470 580 1544 606 ἔνδον
1557 581 1608 607 οὐκ
1623 579 1692 615 ἔχων
1707 580 1801 614 φόϐον,

1205 626 1278 661 Πρὸς
1290 627 1464 661 Εὑφρόσυνον
1474 627 1519 653 τὸν
1534 627 1696 654 διδάσκαλον
1712 625 1791 659 θέων,

1206 672 1277 707 Ἤδη
1290 672 1413 708 γελώσης
1426 672 1533 707 ἡμέρας
1546 673 1725 708 χρυσοχρόου,

1207 719 1345 750 ’Λπεισιν,
1360 719 1449 754 ἀστὴρ
1461 719 1539 750 ἄλλος
1553 719 1591 750 ὡς
1606 719 1754 754 ἑωσφόρος.

1247 764 1319 791 ’ἰδὼν
1331 765 1360 791 δὲ
1376 759 1470 792 τοῦτον
1486 766 1568 800 ἦρετο
1584 765 1730 800 προμηοέα
1740 772 1747 779 ·

1202 807 1239 837 Ὦ
1251 811 1435 844 Πανταλείων,
1448 811 1561 846 ἡμερῶν
1575 811 1646 837 ὲπτὰ
1665 811 1764 845 δρόμος

1205 856 1337 895 Ἔφευξεν
1356 857 1385 890 ἐξ
1396 854 1427 884 οὗ
1443 857 1523 892 τήνδε
1537 857 1586 892 τὴν
1604 856 1701 892 σχολὴν
1714 854 1812 884 λιπών.

1207 902 1275 936 Ποῦ,
1288 903 1358 936 εἰπὲ,
1377 904 1415 938 μὴ
1427 903 1536 940 κρύψῃς
1548 903 1580 930 σύ
1594 912 1641 938 με.

1211 949 1305 984 Ἔχεις
1317 949 1383 985 γὰρ,
1392 947 1461 982 οἴδα,
1472 949 1522 985 τὴν
1538 950 1626 985 φορὰν
1638 950 1795 984 ἐλευθέραν.

1247 996 1355 1031 ’Δγρὺν,
1371 997 1520 1030 προσεῖπεν
1531 1016 1538 1028 ,
1552 996 1724 1032 ὴμπολήσατ’
1738 997 1840 1032 ἀρτίως

1208 1043 1306 1075 Ἄλλος
1321 1043 1412 1078 πατὴρ
1426 1044 1565 1078 φέριστος,
1578 1039 1601 1076 ᾧ
1614 1044 1661 1070 καὶ
1678 1043 1837 1078 προσμένων

1205 1091 1327 1122 Σταλεὶς,
1344 1090 1410 1126 παρ’
1425 1090 1500 1126 αὒτῷ
1516 1091 1553 1125 μὴ
1572 1090 1666 1124 σφαλῶ
1680 1089 1859 1126 πειρώμενος,

1211 1135 1343 1168 Ἐκεῖθεν,
1354 1136 1417 1163 ὅθεν
1430 1144 1461 1170 γε
1469 1136 1520 1168 τὰς
1527 1137 1612 1171 νομὶς
1623 1135 1679 1171 [ῖσ.
1692 1134 1787 1171 μονὰς]
1798 1133 1939 1170 διατρίϐω,

1207 1181 1328 1217 Ἀροτρα
1343 1182 1390 1209 καὶ
1409 1182 1560 1218 βούκεντρα
1577 1182 1624 1209 καὶ
1638 1182 1773 1217 βοηλάτας

1205 1227 1335 1262 Κοσμῶν,
1351 1227 1480 1262 ἐρευνῶν,
1494 1228 1542 1254 τοῦ
1556 1228 1616 1254 νέου
1636 1227 1800 1262 προαστείου
1812 1234 1820 1241 ·

1207 1274 1335 1308 Ἐμεινον
1350 1274 1419 1301 ἑπτὰ
1433 1274 1610 1309 συμπονήσας
1627 1273 1745 1309 ὴμέρας.

1205 1318 1314 1346 Πολλῶν
1326 1318 1381 1353 γὰρ
1395 1319 1490 1354 ἀγρῶν
1501 1318 1650 1353 κτημάτων
1661 1317 1685 1343 θ’
1698 1317 1768 1353 ὑπὲρ
1788 1316 1869 1351 φύσιν

1204 1366 1260 1392 Καὶ
1273 1365 1373 1397 παντὸς
1388 1365 1468 1392 ἄλλου
1482 1364 1645 1400 τιμιώτερος
1662 1364 1746 1394 πέλει,
1766 1363 1938 1400 [ὠνησάμην.

1205 1411 1240 1439 Ὃ
1253 1421 1298 1447 μοι
1312 1411 1424 1447 ἄριστον
1434 1411 1465 1438 ὃν
1479 1411 1561 1438 τανῦν
1576 1411 1663 1447 [ἶσχόν
1680 1419 1724 1445 μοι
1743 1409 1790 1445 ἄρ.
1805 1410 1870 1436 ὅντα
1879 1408 1940 1446 νῦν]

1241 1458 1376 1484 Ἤκουσεν
1392 1457 1575 1493 Εὑφρόσυνος.
1593 1456 1713 1492 Ἐφραξε
1729 1456 1816 1492 στόμα

306 1595 420 1623 Pietatis
429 1593 683 1626 emendationisque
699 1591 732 1618 ad
747 1591 819 1618 viam

307 1640 459 1668 Recurrere
474 1644 596 1674 optarem
611 1642 728 1672 patrem,
745 1644 839 1664 errore
853 1635 938 1671 impio

307 1686 431 1719 Abiecto.
446 1685 474 1712 Id
488 1684 647 1718 expetebat;
664 1687 701 1716 et,
715 1683 797 1717 vulgo
811 1687 839 1709 ut
854 1681 957 1713 ferunt,

307 1731 411 1758 Funcm
425 1737 535 1757 movere
551 1729 635 1764 coepit
649 1735 770 1760 omnem,
785 1735 840 1762 quo
855 1734 953 1761 parens

306 1777 441 1804 Evaderet
456 1776 554 1808 ﬁdelis,
570 1780 653 1810 atque
665 1774 812 1801 identidem

307 1822 452 1856 Proposuit
464 1829 496 1848 ac
511 1821 621 1856 scripsit
633 1819 753 1855 patentia
769 1818 911 1853 dogmata,

307 1865 442 1900 Prmsagia
457 1869 484 1892 et
497 1869 590 1891 vatum
605 1863 769 1897 probantutn
784 1861 873 1889 lucide

307 1910 399 1937 Mundi
413 1909 629 1941 absolutionem;
643 1908 708 1934 item
724 1911 754 1934 ut
768 1906 841 1942 potis
854 1906 905 1933 fuit

309 1956 429 1991 Serpens
446 1963 580 1982 venenum
597 1955 623 1981 in
640 1961 689 1981 cor
701 1953 791 1980 virum
807 1951 1008 1980 transfundere.

306 2003 365 2031 Hoc
378 2010 502 2031 summus
518 2006 615 2028 auctor
631 2000 755 2028 omnium
771 2003 798 2027 et
814 1998 948 2026 Dominus
961 1997 1041 2030 tulit;

306 2049 427 2084 Corpore
438 2055 536 2075 carens
550 2051 647 2073 natura
658 2050 685 2073 et
697 2045 888 2076 immutabilis,

306 2094 492 2131 Sanguinibus
507 2101 522 2120 e
537 2092 702 2120 castissimis
717 2095 819 2124 cretus,
836 2091 907 2118 Deus

306 2144 385 2173 Servi
404 2144 519 2179 ﬁguram
535 2143 607 2177 cepit
619 2141 755 2175 abiectam
774 2140 934 2171 admodum,

304 2191 478 2225 Carnemque
493 2188 649 2219 mortalem,
664 2187 710 2214 sed
727 2195 741 2214 a
759 2187 818 2213 labe
833 2193 946 2213 vacuam
962 2205 968 2212 .

304 2235 390 2263 Fixus
405 2232 491 2266 cruci,
508 2232 648 2266 clavisque
663 2231 778 2258 adactus
792 2230 898 2261 ferreis,

304 2280 477 2308 Cruciatibus
489 2283 578 2305 tortus
594 2277 730 2313 (dolorum
745 2283 761 2303 0
772 2275 950 2310 remedium!)

305 2327 419 2355 Moritur
433 2326 566 2356 lubenter,
579 2327 704 2351 mortuus
719 2327 817 2357 sponte
832 2326 860 2349 et
873 2329 923 2349 sua

303 2374 345 2401 Ad
360 2373 437 2400 inferi
453 2372 526 2400 venit
541 2371 623 2404 fores,
635 2375 662 2398 et
679 2371 778 2397 robore

303 2418 429 2446 Tumulis
445 2418 556 2453 apertis.
573 2425 608 2444 eu
626 2417 747 2451 sepultos
760 2415 867 2443 saeculis

303 2465 418 2498 Priscis,
432 2465 460 2491 in
476 2465 530 2492 illis
544 2463 646 2490 excitat
659 2461 814 2489 reconditos
830 2470 838 2488 ι

303 2511 356 2539 Pro
371 2518 485 2538 munere
499 2509 619 2537 otl‘erens
635 2508 721 2543 patris
733 2515 848 2542 superas
863 2507 970 2534 domos.

303 2557 489 2585 Pulvisculum
505 2555 650 2587 extollens,
665 2559 692 2582 et
707 2554 792 2581 altum
808 2554 963 2582 snblevans.

301 2603 359 2631 lctu
373 2603 519 2630 draconem
535 2600 669 2629 sauciavit
684 2600 806 2627 horrido.

301 2647 376 2676 ldcm
393 2647 437 2675 ille
451 2654 561 2682 quoque
575 2650 707 2673 venturus
726 2650 768 2673 est
783 2646 882 2673 iterum
898 2653 930 2673 ex
947 2646 1001 2680 poli

302 2693 451 2722 Cacumine
464 2692 610 2725 accedens,
623 2692 728 2719 cruenti
744 2698 799 2726 quo
815 2691 882 2726 lupi,

304 2739 504 2773 Erroribusque
518 2738 642 2772 impliciti
655 2737 795 2764 acerbiora
805 2737 876 2772 dent;

303 2785 440 2820 Supplicia
458 2793 465 2812 :
479 2785 572 2820 justis,
588 2783 768 2818 elegantibus,
777 2783 881 2817 probis,

303 2829 417 2858 Tribuet
437 2837 581 2865 perennem
596 2828 712 2865 gloriam
725 2833 751 2858 ct
766 2836 895 2863 superum
913 2829 1013 2857 cibum.

1204 1595 1277 1630 Πρὸς
1293 1595 1446 1627 εὐσέὸειαν,
1464 1595 1533 1629 πρὸς
1549 1594 1693 1629 διόρθωσιν
1712 1593 1781 1621 θέλω

1203 1641 1425 1676 Παλινδρομῆσαι
1439 1640 1485 1667 τὸν
1500 1641 1624 1672 τεκόντα,
1639 1639 1688 1668 καὶ
1710 1639 1816 1674 πλάνην

1207 1686 1271 1721 Ἐᾷν
1281 1686 1416 1722 βαθεῖαν”⁶
1430 1686 1509 1712 τοῦτο
1527 1685 1558 1721 δὴ
1570 1685 1602 1712 τὸ
1617 1686 1664 1712 τοῦ
1682 1685 1763 1720 λόγου
1824 1685 1937 1721 [utilium

1201 1730 1303 1757 Τοῦτόν
1333 1731 1358 1765 γ’
1381 1731 1438 1767 [γιο.
1462 1730 1576 1766 ταύτην]
1601 1731 1688 1757 ἐποίει
1715 1731 1804 1757 πάντα
1822 1731 1937 1766 κινήσας

1200 1776 1300 1802 Πιστὺν
1312 1776 1451 1810 γενέσθαι,
1466 1776 1626 1808 πλειστάκις
1641 1776 1689 1803 καὶ
1702 1776 1832 1807 πολλάκις

1202 1822 1329 1857 Γράφων,
1344 1822 1506 1857 προτείνων,
1522 1823 1676 1849 εὐσύνοπτα
1691 1822 1826 1857 δόγματα,

1205 1868 1313 1903 Ῥήσεις
1331 1868 1480 1904 προφητῶν
1496 1867 1710 1904 μαρτυρούντων
1724 1868 1841 1902 εὐλόγως

1200 1914 1257 1950 Τὴν
1270 1915 1406 1950 κοσμικὴν
1421 1915 1573 1950 πλήρωσιν,
1586 1915 1623 1947 ὡς
1641 1915 1787 1950 ἐπεκράτει

1202 1961 1318 1994 Δράκων
1331 1961 1460 1995 ἀφύσσων
1468 1961 1499 1987 τὸ
1509 1961 1612 1995 βροτῶν
1622 1962 1723 1997 ἀρευ...
1734 1960 1789 1996 [Ian
1802 1955 1935 1997 ὀλέθριον]

1199 2005 1254 2032 Καὶ
1267 2005 1335 2041 δῆτα
1348 2005 1445 2032 τοῦτον
1457 2006 1506 2033 καὶ
1519 2007 1611 2041 φέρων
1625 2007 1640 2033 ὸ
1652 2007 1804 2041 Δεσπότης,

1197 2051 1264 2084 Θεός
1281 2060 1334 2086 περ
1348 2052 1396 2085 ὢν,
1413 2051 1545 2088 ἄσαρκος,
1561 2052 1695 2087 ἄτρεπτος
1707 2052 1796 2086 φύσιν.

1202 2098 1298 2132 Ὅμως
1309 2098 1419 2133 κυηθεὶς
1432 2099 1464 2124 ὲκ
1479 2098 1625 2131 πανάγνων
1638 2099 1763 2132 αἱμάτων

1196 2142 1313 2178 Μορφὴν
1331 2142 1360 2168 δὲ
1374 2142 1468 2169 δούλου
1486 2142 1649 2177 προσλαϐὼν
1669 2142 1724 2178 [ῑσ.
1747 2142 1934 2178 ἀνθρωπίνην]

1199 2188 1254 2215 Καὶ
1266 2189 1357 2223 σάρκα
1369 2188 1481 2223 θνητὴν,
1495 2188 1554 2215 ἀλλ’
1568 2188 1707 2223 ἁμαρτίας
1719 2188 1791 2224 δίχα,

1197 2233 1311 2268 Σταυρῷ
1326 2233 1424 2268 παγεὶς
1439 2234 1543 2268 ἥλοισιν
1554 2234 1760 2269 ὲμπεπαρμένψ
1772 2243 1780 2250 ·

1198 2280 1275 2314 Πάθη
1292 2279 1396 2311 παθὼν.
1413 2277 1436 2306 ὦ
1452 2279 1544 2315 θαῦμα
1558 2281 1607 2315 τὴν
1619 2280 1713 2307 παθῶν
1726 2280 1815 2312 λύσιν,

1197 2325 1316 2360 θνήσκει
1334 2325 1461 2357 ἐχόντως,
1480 2325 1527 2352 καὶ
1545 2325 1634 2352 θανὼν
1648 2326 1791 2357 ἑκουσίως,

1197 2370 1280 2405 ’ᾍδου
1297 2370 1438 2397 κατελθὼν
1452 2372 1491 2402 είς
1510 2370 1609 2403 πύλας,
1621 2371 1668 2398 καὶ
1679 2371 1717 2406 τῷ
1734 2372 1830 2407 κράτει

1197 2416 1307 2451 Τάφους
1320 2417 1430 2449 ἀνοίξας
1444 2418 1507 2448 τοὺς
1522 2417 1606 2444 πάλαι
1619 2418 1828 2452 κεκρυμμένους

1194 2462 1318 2498 Neapoli;
1330 2463 1450 2498 ἐγείρας,
1465 2464 1528 2495 τοὺς
1541 2464 1629 2499 χρόνῳ
1644 2463 1842 2498 τεθαμμένους,

1194 2508 1287 2544 Δῶρον
1298 2509 1436 2543 προτάξας
1451 2511 1602 2544 πατρικοὺς
1615 2510 1672 2536 ἄνω
1685 2509 1795 2544 δόμους.

1195 2554 1247 2581 Τὸν
1261 2554 1325 2590 χοῦν
1337 2555 1445 2589 ἁνυψῶν
1461 2555 1507 2581 καὶ
1520 2555 1666 2590 μετάρσιον
1683 2555 1785 2590 φέρων,

1195 2600 1319 2635 Ἐτρωσε
1330 2600 1376 2627 τὸν
1389 2601 1524 2635 δράκοντα
1540 2602 1630 2636 πληγῇ
1646 2602 1752 2636 καιρίᾳ.

1202 2647 1318 2678 Ἐκεῖνος
1332 2647 1412 2678 αὑτός
1425 2647 1511 2678 ἐστιν,
1526 2647 1556 2678 ὃς
1574 2647 1668 2682 μέλλει
1684 2647 1765 2674 πάλιν

1197 2686 1318 2719 ’Δνωθέν
1335 2692 1412 2728 ἥξειν
1427 2694 1483 2724 τοῖς
1501 2693 1655 2728 μιαιφόνοις
1669 2692 1762 2724 λύκοις

1193 2738 1249 2765 Καὶ
1265 2739 1322 2770 τοῖς
1339 2740 1529 2774 ἁμαρτάνουσι
1540 2739 1587 2765 τοῦ
1602 2738 1694 2765 δοῦναι
1708 2739 1786 2773 δίκην

1196 2785 1242 2815 Ὣς
1254 2785 1278 2811 δ’
1291 2785 1323 2812 αὖ
1338 2786 1452 2818 δικαίοις
1467 2786 1597 2820 κάγαθοῖς
1612 2786 1659 2812 καὶ
1671 2785 1794 2819 κοσμίοις

1194 2831 1328 2867 ’Ἀληκτον
1343 2830 1421 2868 εὖχος
1435 2834 1482 2860 καὶ
1493 2833 1597 2868 τροφὴν
1614 2833 1766 2867 ἀνωτέραν.
