2082 3157
295 191 343 217 Ἐν
356 187 494 222 συντελοίη
510 187 580 223 φωτὶ
594 185 784 224 ποικιλοχρόῳ,

292 236 437 270 Μόρφωμα
450 234 554 266 καινὸν,
574 233 635 267 ὄψιν
651 229 869 266 άστραπηόό).ον.

293 282 377 312 Μόλις
391 280 422 307 τὸ
436 279 560 314 λαμπρὸν
570 278 708 304 είκάσειαν
726 274 771 302 τοῦ
788 275 900 310 τρόπου.

293 328 349 354 Καὶ
364 327 394 353 τὺ
405 326 463 360 φῶς
481 323 529 351 τοῦ
544 322 590 350 νοῦ
604 323 695 349 πᾶσαν
707 321 848 356 ἀστράψαν
862 319 954 354 χθόνα.

299 373 369 399 Ἀλλ’
386 371 508 398 ἄσπασαι
527 368 577 404 μὲν
592 368 637 394 τὸν
649 367 793 402 σύναρχον,
806 365 959 400 φωσφόρελ

292 414 347 448 ’Ἦς
361 415 415 450 γὰρ
428 414 586 449 κατάρχεις,
603 410 686 447 ἦρξεν
695 420 702 427 ·
720 409 790 438 εἶδεν
803 412 836 446 ἣν
847 410 965 445 τρέχεις.

293 462 330 488 Σὺ
341 461 374 493 δ’,
387 459 495 495 οὺρανὲ,
517 458 634 494 τρόπαια
650 457 782 484 δεσπότου
795 456 896 490 γράφε.

293 507 379 538 Νίκας
398 506 453 541 γὰρ
465 504 559 537 αὐτοῦ,
576 504 622 530 σὺν
634 503 734 534 πλάτος
746 503 831 537 χωρεί
846 502 938 536 μόνον.

299 553 345 585 Ἐξ
359 554 482 587 ἀστέρων
495 550 580 584 στέφη
595 549 623 576 δὲ
636 549 737 581 πλέξας
755 547 875 580 ποικίλα,

293 599 350 625 Καὶ
361 597 452 631 δεξιὰν
470 597 520 631 τὴν
533 595 611 622 τοῦδε
625 595 672 621 καὶ
686 595 774 630 κάραν
789 594 881 628 στέφε.

331 665 363 701 β’.
378 666 430 698 Εἰς
453 664 507 691 τὸν
531 663 636 701 κύριον
654 662 798 701 Ἰωὰῖνην·
811 662 821 677 ⁵
842 662 896 688 τὸν
913 661 1047 694 βασιλέα

604 698 768 732 ἐπιτύμϐια.

300 771 433 800 Ἐνταῦθά
450 779 494 806 μοι
510 770 575 802 στὰς
589 769 698 805 μικρὸν,
713 765 735 796 ὦ
750 768 819 802 ξένε,
835 766 941 802 χρόνον,

295 818 350 845 Καὶ
364 817 525 852 προσϐαλὼν
539 816 676 851 φίλοικτον
692 815 769 850 δμμα
785 814 825 849 τῷ
837 813 925 848 τάφῳ,

295 862 421 890 Κλαῦσον
437 862 471 889 τὰ
483 861 578 897 θνητὰ,
596 861 645 892 τὰς
660 860 730 895 ὲμάς
748 859 853 894 βλέπων
868 859 962 894 τύχας,

295 908 352 934 Καὶ
369 907 464 933 σπένδε
477 906 577 942 θερμὸν
592 905 708 939 δάκρυόν
727 913 772 939 μοι
784 904 913 939 κειμένῳ.

303 953 373 986 Ἐγὼ
388 953 490 988 πατρὸς
504 953 555 987 φὺς
572 952 698 986 εὐγενοῦς
713 951 742 984 ἐξ
756 951 868 986 ὀσφύος,

295 997 444 1036 Βλάστημα
458 997 545 1033 ῥίζης,
562 997 678 1032 πτόρθος
697 997 788 1032 ἰσχύος
802 996 906 1031 γέμων,

295 1043 391 1078 Πολλῷ
410 1043 550 1078 παρῆλθον
566 1043 669 1078 φύντας
684 1043 724 1073 εἰς
740 1041 884 1076 εὐτολμίαν
896 1049 903 1056 ·

295 1088 379 1116 Οὔπω
392 1089 447 1124 γὰρ
459 1086 493 1124 ἦν
512 1089 586 1122 παῖς,
603 1089 651 1116 καὶ
666 1088 772 1123 φρενῶν
787 1087 916 1123 εὐανδρίᾳ

298 1135 474 1169 Ἤστραπτον
489 1134 592 1166 ὅπλοις,
611 1134 639 1160 ὲν
654 1134 725 1169 μέσῃ
738 1135 772 1168 γῇ
785 1135 796 1150 ⁵
814 1133 970 1168 βαρϐάρων.

297 1178 380 1206 Οὔπω
395 1180 445 1213 μὲν
460 1179 570 1211 ἱππεὺς,
584 1179 641 1206 ἀλλ’
653 1179 780 1215 ἀριστεὺς
790 1177 823 1215 ἦν
834 1179 904 1214 ἅμα.

297 1223 381 1250 Οὔπω
394 1224 422 1250 δὲ
437 1226 550 1259 πυρσοῖς
568 1224 696 1256 ἐσκίαζον
708 1224 757 1260 τὴν
771 1224 852 1258 γένυν

297 1268 420 1304 Πρώτοις
434 1268 542 1301 ἰούλοις,
558 1269 616 1296 ἀλλ’
635 1270 771 1305 ἐπλήρουν
785 1270 835 1305 τὴν
851 1270 934 1306 χθόνα

245 1328 249 1329 ν
304 1314 394 1350 Ἐμῶν
407 1315 557 1350 τροπαίων,
572 1316 662 1342 πᾶσαν
677 1316 765 1351 ἥνπερ
780 1317 927 1352 Εὐφράτης

297 1359 401 1394 Κύκλῳ
418 1360 535 1395 διαρρεῖ,
549 1361 597 1387 καὶ
611 1361 752 1396 περιρρέει
767 1361 874 1397 Τίγρις.

303 1403 389 1438 Ἐμὰς
404 1405 419 1431 ὸ
431 1404 540 1431 Χαὸδᾶν
553 1406 646 1440 χεῖρας
659 1404 751 1440 ἔφριξε
768 1405 863 1440 μόνας.

297 1447 353 1483 Τὴν
367 1448 449 1475 ἵππον
464 1449 628 1484 ηὐτρέπισεν
642 1451 681 1481 εἰς
699 1451 788 1486 φυγὴν
808 1451 910 1487 Ἄραψ.

304 1493 375 1528 Ἐγὼ
388 1494 508 1522 διδάσκω
522 1496 630 1530 πρῶτος
644 1496 771 1523 Αὐσόνων
783 1497 861 1531 γένος

297 1539 397 1575 Στῆναι
415 1541 484 1576 πρὸς
500 1541 710 1577 άστράπτουσαν
732 1542 821 1578 αὐγὴν
836 1543 884 1571 τοῦ
910 1544 1013 1580 ξίφους,

296 1639 358 1667 luce
372 1643 530 1667 coacervata
545 1643 571 1667 et
579 1639 687 1667 diversa
723 1641 874 1675 coloribus;
905 1646 1086 1680 compositum

297 1686 350 1713 hoc
362 1693 475 1716 novum.
494 1687 521 1713 in
548 1686 642 1713 oculos
673 1685 781 1722 fulgura
805 1689 926 1722 mittens,
951 1690 996 1717 vix
1029 1698 1088 1718 mo-

296 1737 359 1757 rum
373 1729 546 1765 splendorem
566 1730 690 1764 referret,
708 1731 834 1759 etluccm
853 1734 952 1762 mentis
978 1742 1087 1764 omnem

296 1774 392 1800 orbem
411 1774 626 1802 illuminantem.
644 1774 697 1802 Sed
714 1775 847 1811 collegam
867 1781 944 1805 tuum
965 1779 1086 1814 comple-

296 1824 382 1850 ctere.
398 1818 505 1846 Lucifer
518 1828 525 1852 ;
538 1821 671 1854 quaenim
687 1829 796 1856 regnas,
812 1828 925 1858 regnat;
937 1824 1086 1861 viditquod

296 1865 459 1899 perlustras.
492 1865 532 1893 Tu
546 1871 646 1899 autem,
675 1874 691 1894 ο
719 1868 830 1900 coelum,
861 1870 963 1898 domini
988 1876 1088 1907 tropma

296 1912 420 1939 exscribe
431 1920 438 1938 :
448 1913 508 1947 ejus
519 1913 591 1940 enim
604 1913 732 1941 victorias
740 1919 786 1942 tua
794 1915 852 1943 sola
867 1916 1037 1946 immensitas
1047 1926 1090 1946 ca-

296 1957 345 1992 pit.
361 1957 382 1984 E
397 1958 483 1986 stellis
496 1966 625 1986 coronam
649 1960 752 1987 variam
774 1961 900 1990 intexens
911 1962 1050 1991 dexteram
1063 1968 1090 1992 et

297 2008 379 2038 caput
392 2003 451 2038 ejus
470 2012 583 2032 corona.

929 127 1088 158 JOANNIS
1108 125 1323 157 GEOMETR.’E

1091 191 1113 218 Α
1128 180 1235 215 Κράνος
1246 188 1275 205 τε
1289 178 1337 205 καὶ
1354 178 1499 213 πρόσωπον
1516 176 1622 212 ἐχθρῶν
1639 175 1668 203 ἐν
1684 175 1796 210 μάχαις.

1863 121 1917 154 90L

1136 226 1205 262 Ἐμὴ
1222 226 1346 260 μάχαιρα
1357 224 1451 258 καιρὸν
1464 223 1515 250 οὐκ
1531 222 1586 258 εἶχε
1602 223 1703 258 μάχης.

1130 271 1188 298 Οὐκ
1202 269 1275 306 εἶχον
1289 270 1369 305 ἔργον
1379 271 1469 305 χεῖρες
1480 266 1560 296 αὗται
1574 269 1714 301 πολλάκις,

1130 316 1200 343 Ἀλλ’
1214 316 1350 351 ἐξαφῆκεν
1363 316 1482 350 ἔντρομα
1492 315 1560 350 πρὸς
1576 315 1629 349 γῆν
1643 315 1730 348 ξίφος.

1132 362 1245 389 Ὅπλων
1260 362 1289 390 δὲ
1306 363 1416 398 χρῆσις,
1433 362 1540 396 εὕρεσις
1554 361 1705 396 νεωτέρων,

1131 409 1186 435 Καὶ
1202 409 1295 444 σχῆμα
1312 408 1439 443 λαμπρὸν
1453 407 1507 435 τῶν
1523 407 1597 442 ἐμῶν
1608 406 1811 442 παιδευμάτων,

1131 454 1258 488 Πέφυκεν
1272 453 1353 488 ἔργον
1365 454 1420 480 τῶν
1433 453 1507 488 ὲμῶν
1521 452 1716 488 τολμημάτων.

1132 500 1169 526 Οὐ
1188 499 1268 534 σῶμα
1281 499 1378 532 Θνητδν
1389 499 1449 526 οὐδὲ
1460 499 1562 536 τρωτὸν
1577 500 1606 525 ὲν
1620 499 1721 533 μάχαις

1131 545 1287 580 Αὑτουργὸν
1302 545 1334 571 ἂν
1349 545 1461 577 δόξειεν,
1477 544 1535 571 ἀλλ’
1552 544 1632 575 εἴτις
1651 543 1732 578 φύσις

1134 590 1233 621 Ι’Δῖιλος
1243 590 1310 624 άλλη
1327 590 1374 616 καὶ
1389 590 1493 625 βροτῶν
1510 589 1660 624 ὐπερτέρα.

1132 635 1206 667 Ἕως
1221 635 1271 671 μὲν
1285 633 1331 662 οὖν
1343 633 1378 671 ἦν
1392 635 1468 669 δεξιὰ
1486 635 1626 661 σκέπουσά
1640 642 1674 669 με

1135 683 1268 716 Ἀνωθεν,
1284 683 1438 718 ὴρίστευον,
1457 682 1564 717 ἤνθουν,
1583 681 1726 716 ἐκράτουν,

1134 730 1229 756 Πᾶσαν
1244 728 1342 765 μικροῦ
1355 728 1464 755 τέθεικα
1476 727 1573 762 δούλην
1588 727 1627 761 τῷ
1642 726 1749 762 κράτει,

1137 775 1189 802 Ἢν
1206 774 1353 809 ἔξανίσχων
1368 774 1444 809 ἣλιος
1459 773 1567 808 πρῶτος
1585 773 1691 807 φλέγει.

1140 811 1218 846 Ἐπεὶ
1232 819 1255 845 δ’
1265 819 1341 854 ἔρως
1356 828 1390 854 με
1406 819 1457 853 τῆς
1472 818 1605 853 κακίστης
1622 818 1650 844 ὲν
1666 817 1715 852 βίῳ

1098 857 1121 885 Β
1135 865 1299 900 Τυραννίδος
1314 864 1439 900 κατέσχε,
1456 865 1506 899 φεῦ
1519 863 1678 895 δυσϐουλίας
1693 864 1699 889 i

1133 910 1190 936 Καὶ
1206 909 1296 941 δεξιὰν
1310 908 1402 944 ᾑμαξα
1417 909 1464 935 καὶ
1479 909 1617 944 σκῆπτρον
1632 908 1750 942 κράτους

1134 955 1278 991 Ἦρπασα,
1293 954 1397 989 πύργον
1413 955 1532 989 συγγενῆ
1545 953 1737 985 κατασπάσας.

1136 1000 1301 1032 Τὰντεῦθεν,
1317 1000 1406 1035 οἵμοιῑ
1422 1001 1496 1031 ποῖα,
1509 1001 1556 1026 καὶ
1571 999 1629 1032 πῶς
1646 1000 1679 1027 ἂν
1695 999 1790 1035 φράσω
1803 1008 1812 1032 ς

1135 1047 1247 1083 Πρῶτον
1260 1047 1308 1083 μὲν
1324 1046 1426 1082 ἕνδονή
1444 1048 1597 1083 κατήγορος
1613 1048 1695 1082 φύσις

1134 1093 1246 1128 Πικροῖς
1261 1092 1366 1119 ὲκέντει
1381 1092 1500 1128 νύγμασι
1511 1093 1561 1129 τὴν
1578 1093 1703 1129 καρδίαν.

1142 1139 1316 1174 Ἐκοπτόμην
1329 1139 1441 1171 ἔσωθεν,
1457 1139 1680 1173 ὲσπαραττὸμην,

1135 1185 1227 1210 Astva
1241 1184 1371 1219 δικαστὴν
1383 1183 1433 1219 τὴν
1447 1183 1600 1219 συνείδησιν
1613 1183 1715 1219 φέρων.

1137 1230 1255 1256 Ἔπειτα
1271 1229 1376 1261 πάντας
1390 1229 1453 1260 τοὺς
1468 1229 1606 1264 ὑπηκόους
1617 1229 1738 1265 τρέμων,

1136 1275 1253 1306 Ψευδεῖς
1268 1275 1390 1310 ὀνείρους
1402 1275 1450 1301 καὶ
1463 1275 1543 1306 σκιὰς
1558 1275 1731 1307 ὑποϐλέπων,

1137 1320 1249 1355 Πικρὺν,
1263 1320 1491 1354 πολυστένακτον,
1506 1321 1619 1356 ἤντλουν
1640 1321 1685 1348 τὸν
1702 1320 1770 1356 βίον,

1139 1366 1224 1401 Δαγὼ
1238 1367 1296 1402 βίον
1311 1367 1376 1402 ζῶν,
1394 1368 1408 1394 ὁ
1420 1367 1486 1403 πρὶν
1501 1369 1619 1403 ἄτρομος
1631 1367 1710 1395 λέων.

1138 1413 1228 1449 Ζὴσας
1241 1414 1269 1440 δὲ
1282 1414 1399 1449 πικροὺς
1418 1414 1466 1441 καὶ
1479 1414 1590 1450 βραχεῖς
1603 1414 1688 1446 τάλας
1699 1414 1822 1450 χρόνους,

1139 1457 1192 1485 Φεῦ
1207 1460 1213 1485 l
1229 1459 1268 1494 τῷ
1282 1461 1411 1495 τριπήχει
1425 1460 1473 1487 νῦν
1488 1461 1662 1496 κατῳκίσθην
1669 1461 1759 1496 τάφῳ.

1099 1521 1122 1552 C
1137 1504 1241 1540 Κεῖμαι
1255 1504 1284 1531 δὲ
1296 1506 1402 1540 νεκρὸς,
1416 1506 1431 1532 ὸ
1445 1507 1584 1542 πτερωτὸς
1597 1507 1726 1542 ἱππότης.

1147 1549 1177 1576 '0
1193 1550 1258 1586 πρὶν
1270 1550 1300 1577 δὲ
1312 1552 1426 1586 χρυσαῖς
1442 1552 1586 1587 ἐκπρεπὴς
1599 1552 1772 1587 πανοπλίαις,

1137 1651 1279 1682 gurantem
1289 1648 1370 1683 gladii
1385 1649 1511 1682 nitorem,
1529 1651 1689 1687 galeamque
1704 1657 1731 1679 et
1755 1651 1852 1680 faciem
1875 1653 1925 1680 bo-

1135 1694 1218 1720 stium
1231 1693 1258 1720 in
1273 1695 1386 1729 proeliis.
1403 1695 1462 1732 Non
1480 1697 1634 1725 habuerunt
1648 1706 1717 1734 opus
1745 1707 1843 1727 manus
1866 1699 1926 1726 ista:

1135 1737 1302 1774 frequenter,
1318 1741 1365 1768 sed
1382 1742 1557 1769 tremebunda
1573 1743 1680 1778 agmina
1697 1745 1811 1779 projecit
1825 1745 1852 1772 in
1868 1745 1920 1772 liu-

1135 1792 1209 1812 mum
1219 1785 1336 1820 gladius.
1358 1787 1504 1815 Armorum
1517 1797 1581 1816 vero
1604 1790 1711 1824 peritia,
1728 1798 1859 1818 novorum
1884 1792 1925 1818 in-

1136 1831 1237 1864 ventio,
1246 1833 1415 1867 etegregium
1429 1833 1512 1862 decus
1519 1842 1642 1862 meorum
1654 1841 1848 1871 praeceptorum
1856 1846 1925 1872 opus

1139 1874 1191 1902 fuit
1201 1883 1325 1904 meorum
1340 1877 1501 1906 facinorum.
1520 1878 1581 1907 Non
1609 1881 1724 1908 mortale
1753 1889 1854 1916 corpus
1874 1891 1926 1910 nec

1138 1921 1305 1950 vulnerabile
1316 1922 1342 1950 in
1360 1924 1466 1958 pretiis
1478 1932 1508 1952 se
1519 1933 1659 1961 exponens
1682 1928 1862 1961 putavissent,
1875 1930 1924 1956 sed

1137 1967 1212 2001 quali
1225 1972 1321 1996 natura
1337 1970 1479 2004 praditum
1503 1971 1677 2000 immateriali
1690 1977 1717 2000 et
1746 1973 1865 2002 humana
1880 1982 1926 2002 su-

1137 2014 1255 2047 periore.
1277 2013 1412 2047 Quamdiu
1447 2023 1512 2051 ergo
1525 2016 1575 2044 fuit
1607 2018 1717 2046 dextera
1744 2018 1850 2046 Excelsi
1881 2027 1925 2047 me

295 2049 324 2078 2.
341 2049 374 2076 In
387 2051 523 2078 dominum
542 2051 672 2080 Joannem
696 2054 881 2089 imperatorem
902 2055 1084 2092 Epitaphium.
1098 2059 1125 2089 D
1140 2062 1295 2094 protegens,
1311 2049 1510 2095 pra‘cellebam,
1524 2062 1665 2096 ﬂorebam,
1679 2064 1822 2092 vincebam
1841 2074 1848 2096 ;
1864 2073 1925 2092 om-

328 2097 379 2124 llic
402 2098 469 2124 mibi
488 2103 563 2125 stans
579 2107 661 2133 parvo
677 2105 808 2135 tempore,
818 2102 916 2136 viator,
928 2107 956 2131 et
965 2104 1084 2132 clemen-

295 2145 351 2169 tem
368 2142 478 2169 0culum
498 2143 524 2169 in
553 2145 686 2171 tumulum
710 2151 881 2179 convertens.
902 2148 971 2176 deﬂe
983 2154 1084 2177 morta-

295 2188 341 2219 lia,
355 2196 430 2215 meas
449 2188 572 2217 fortunas
600 2191 705 2224 videns,
720 2196 747 2218 et
768 2193 906 2221 ardentem
935 2195 1082 2230 lacrymam

295 2236 382 2262 irrel'a
396 2235 509 2270 jacenti.
526 2236 581 2270 Ego
590 2237 690 2264 nobilis
711 2239 797 2273 patris
822 2246 837 2265 e
849 2239 960 2267 renibus
989 2245 1080 2275 natus,

294 2280 396 2307 radicis
411 2281 524 2315 stirpes,
534 2282 633 2309 robore
647 2282 742 2310 valens
759 2282 855 2318 stipes,
873 2285 960 2312 multo
979 2291 1082 2313 morta—

293 2325 366 2352 libus
396 2325 552 2354 fortitudine
595 2328 720 2362 praestiti.
753 2329 878 2356 Nondum
908 2331 981 2357 enim
1006 2339 1081 2359 eram

294 2377 372 2405 puer.
387 2375 414 2398 et.
429 2372 512 2398 animi
535 2372 649 2400 audacia
679 2373 830 2401 emicabam
853 2376 948 2409 armis,
962 2384 1010 2411 per
1023 2385 1081 2406 me-

295 2415 367 2442 diam
384 2415 566 2444 Barbarorum
594 2423 707 2445 terram.
723 2419 848 2446 Nondum
864 2428 958 2454 eques,
971 2422 1016 2449 sed
1034 2423 1082 2450 mi-

297 2461 377 2488 litum
392 2463 520 2498 princeps
536 2464 591 2498 jam
613 2472 699 2491 eram.
724 2464 850 2492 Nondum
880 2465 942 2493 ﬂavi
962 2468 1010 2502 pili
1023 2469 1081 2502 pri-

294 2514 356 2534 ores
371 2508 671 2542 genasmlumbrabant,
689 2510 735 2536 sed
745 2510 878 2544 replebam
896 2516 995 2538 terram
1011 2513 1080 2541 meis

294 2553 412 2587 tropa-is,
443 2557 538 2584 lotam.
573 2561 655 2587 quam
680 2553 833 2589 Euphrates
860 2557 1026 2585 circumﬂuit
1052 2563 1079 2586 et

292 2596 383 2630 Tigris
397 2598 603 2633 circumagitur.
626 2598 697 2626 Meus
714 2601 823 2628 Cabdan
845 2602 917 2630 solas
939 2604 1082 2631 exhorruit

292 2650 403 2673 manus.
427 2650 524 2678 equam
547 2645 572 2671 in
589 2643 686 2679 Tugam
704 2647 836 2674 convertit
851 2647 949 2675 Arabs.
962 2647 1018 2683 Ego
1030 2649 1082 2676 d0-

292 2697 342 2717 ceo
360 2691 465 2725 primus
489 2691 672 2719 Ausuniorum
690 2701 775 2727 genus
792 2699 865 2721 stare
879 2694 1012 2722 adversus
1027 2695 1081 2722 ful-

1139 2112 1189 2132 nes
1206 2105 1281 2133 brevi
1297 2107 1349 2134 sub
1363 2107 1466 2135 ditione
1485 2115 1577 2137 servas
1588 2110 1690 2145 redegi,
1706 2118 1774 2145 quas
1782 2111 1924 2139 soloricus

1137 2150 1243 2185 primus
1258 2156 1352 2186 gentes
1365 2152 1510 2181 illuminat.
1525 2153 1592 2181 Cum
1611 2159 1700 2182 autem
1713 2163 1790 2182 amor
1803 2157 1925 2191 tyranni-

1137 2193 1180 2221 dis
1189 2194 1216 2221 in
1227 2195 1279 2222 vita
1289 2196 1416 2229 pessima:
1429 2205 1472 2224 me
1484 2199 1615 2232 possedit,
1629 2199 1696 2233 prob
1711 2198 1924 2228 furiestumcon-

1141 2239 1233 2267 silium
1247 2242 1254 2268 ι
1268 2241 1392 2269 dextram
1405 2244 1558 2277 cruentari,
1568 2245 1821 2280 imperiisceptrum
1832 2247 1923 2282 rapui.

1138 2285 1166 2312 in
1188 2287 1283 2314 turrim
1293 2293 1438 2322 cognatum
1453 2290 1650 2325 conjeciJnde.
1658 2291 1712 2319 heu
1726 2292 1793 2319 mihi
1805 2293 1810 2318 l
1826 2301 1886 2328 qua:
1897 2299 1924 2321 et

1140 2334 1281 2367 quomodo
1297 2335 1446 2369 loquerer?
1463 2336 1585 2364 Primum
1595 2338 1704 2372 quidem
1720 2339 1794 2366 intus
1808 2346 1924 2367 accusa-

1131 2378 1184 2405 trix
1200 2383 1301 2407 natura
1318 2381 1426 2408 acerbis
1445 2389 1493 2409 cor
1507 2382 1610 2410 aculeis
1641 2384 1788 2418 pungebat.
1804 2382 1922 2413 Interius

1131 2422 1287 2454 cruciabar,
1303 2424 1483 2458 dilacerabar,
1500 2433 1601 2454 savum
1628 2431 1756 2456 tortorem
1779 2432 1922 2458 conscien-

1131 2467 1196 2493 tiam
1212 2475 1319 2502 gerens.
1336 2469 1441 2498 Deinde
1457 2478 1553 2499 omnes
1564 2473 1687 2502 subditos
1705 2474 1813 2508 timens,
1845 2485 1923 2505 men-

1128 2512 1205 2540 dacia
1214 2515 1319 2542 somnia
1332 2521 1359 2542 et
1368 2517 1479 2544 umbras
1488 2519 1652 2553 suspiciens.
1662 2528 1795 2554 amaram,
1804 2522 1921 2551 ﬂebilem

1131 2559 1216 2586 vitam
1233 2561 1401 2589 sustinebam
1415 2583 1422 2595 ,
1433 2564 1533 2598 leporis
1545 2565 1597 2592 vita
1614 2566 1719 2599 vivens,
1731 2568 1777 2602 qui
1790 2569 1865 2603 prius
1879 2570 1920 2596 in-

1135 2606 1257 2639 trepidus
1274 2614 1348 2634 eram
1362 2608 1415 2636 leo.
1429 2609 1575 2644 Postquam
1593 2615 1684 2638 autem
1700 2613 1754 2640 vixi
1773 2621 1881 2642 amaros
1895 2620 1922 2642 et

1135 2650 1230 2679 breves
1244 2653 1326 2680 miser
1341 2662 1438 2687 annos.
1449 2655 1515 2683 lieul
1530 2665 1601 2684 nunc
1611 2658 1709 2693 triplici
1724 2659 1846 2687 inclusus
1859 2668 1921 2687 sum

1137 2697 1273 2732 sepulcro.
1289 2698 1370 2728 Jaceo
1387 2706 1521 2736 mortuus,
1540 2704 1585 2738 qui
1600 2704 1690 2733 alatus
1703 2704 1742 2732 fui
1760 2707 1921 2742 eques;qui

334 2788 344 2829 ξ
363 2788 484 2841 Ιολρηοε
500 2791 673 2825 Stauracius,
690 2791 834 2827 Nicepliori
854 2792 863 2820 ἰ
880 2792 963 2826 filius,
981 2801 1054 2822 anno
1069 2795 1121 2823 805
1132 2795 1159 2823 in
1171 2798 1263 2832 prmlio
1278 2804 1372 2828 contra
1387 2800 1518 2836 llulgaros
1530 2802 1648 2832 occisus.
1686 2805 1736 2841 ’τῇ
1749 2813 1798 2841 pro
1807 2806 1842 2840 γῇ
1857 2805 1918 2834 cod.

289 2819 301 2836 ⁸
313 2821 360 2851 Sic
373 2826 435 2854 cod.
