2082 3157
201 185 253 219 €05

207 242 326 273 Ἑλικτδς
338 242 411 277 ἄρτι,
426 241 559 275 νεκρικῶ;
573 240 740 277 ἐσταλμένος
752 249 759 257 ”

207 291 236 317 '0
251 290 314 321 δοὺς
328 289 357 315 δὲ
373 288 452 320 νίκας
465 289 515 320 τὰς
527 289 597 324 ἐμὰς
613 288 684 324 ᾠδὰς
701 288 807 324 λύραις,

199 336 257 363 Νῦν
273 335 411 369 παίγνιον,
429 335 498 369 φεῦῐ
517 334 649 369 κωμικῶν
667 334 846 370 ἀθυρμάτων.

206 382 296 417 Ἐμῶν
312 381 341 407 δὲ
358 382 458 416 χειρῶν
475 382 491 417 ή
507 381 593 416 πυρὸς
608 381 674 416 πρὶν
687 381 798 416 ὀξύτης,

200 428 322 463 Στέρνων
338 435 367 453 τε
383 428 486 453 τούτων
502 427 649 462 Θυμοειδὴς
663 427 824 462 στερῥότης,

199 471 301 506 Ψυχρά
316 471 391 502 κόνις
409 471 456 498 νῦν
471 472 519 498 καὶ
536 472 630 507 σαπρὰ
644 471 770 498 δυσωδια.

201 517 316 548 ’Λνῦους
331 517 354 542 δ’
369 517 459 545 ἐκεῖνο
473 518 520 543 καὶ
537 517 568 543 τὸ
584 516 682 548 κάλλος
699 516 797 553 ἐρρύη.

200 561 299 588 Στολαὶ
311 561 340 588 δὲ
354 561 481 596 λαμπραὶ
496 562 591 597 σχῆμα
607 561 706 596 σεμνὸν
720 561 767 588 τοῦ
781 561 909 596 κράτους,

200 608 255 634 Καὶ
269 607 409 642 σκῆπτρον
430 608 477 634 καὶ
491 607 521 634 τὸ
537 608 648 642 στέμμα
668 608 717 634 καὶ
737 607 855 643 χρυσοῦς
878 607 972 642 θρόνος
984 613 992 621 '

201 653 296 688 Ἐῥρει
309 653 343 679 τὰ
357 653 446 679 πάντα
457 660 465 667 “
480 653 513 688 σὴ
528 653 556 679 δὲ
570 653 671 688 φρικτή
687 661 732 688 μοι
750 653 818 688 μόνη

198 699 313 734 Φρικτὴ,
329 698 447 726 δικαστά
463 699 511 726 καὶ
527 699 639 734 βασιλΞῦ
653 708 715 734 μου,
731 699 818 734 μένει,

201 744 271 778 Πρὸς
287 745 354 770 πᾶσι
369 744 487 778 τούτοις,
503 745 543 780 τῷ
559 745 718 780 κατακριτῳ
730 745 833 780 κρίσις.

205 789 274 815 Ἀλλ’
287 789 367 816 ϊλεών
386 798 431 824 μοι
448 790 604 825 σπλάγχνον
618 792 647 816 ὲν
662 790 727 825 δίκῃ
741 790 849 825 vtem;-

199 835 254 861 Καὶ
267 836 322 870 γὰρ
337 835 485 870 Μανασσῆ,
503 835 553 862 κᾶν
568 836 598 861 τὸ
615 835 718 869 πλῆθος
737 835 905 869 σφαλμάτων

201 880 271 915 Νικᾷ
282 880 313 907 τὸ
330 880 431 915 πλῆθος
447 881 582 916 ἀστέρων,
598 881 650 908 κᾶν
664 881 714 916 τὴν
729 881 854 917 ψάμμον.

198 926 248 953 Σδν
264 926 376 961 πλάσμα
390 926 478 961 κάγὼ,
494 927 607 962 πλάσμα
625 928 672 954 καὶ
685 928 739 954 σῶν
750 927 902 954 δακτύλων.

579 976 614 1008 γ’.

231 1019 345 1055 Θρηνῶν
361 1019 391 1046 τὸ
407 1019 497 1046 κοινὸν
509 1019 564 1046 τῶν
578 1020 682 1054 βροτῶν
694 1020 780 1052 τέλος,
805 1020 876 1053 ξένε,

199 1065 298 1092 Καινόν
310 1074 337 1091 τι
354 1065 515 1100 δυστύχημα
529 1065 625 1101 θρήνει
641 1066 688 1092 καὶ
703 1066 802 1098 πάθος,

199 1110 327 1145 Κρύπτον
340 1111 445 1138 παλαιὰ
456 1111 674 1146 δυστυχημάτων
686 1112 760 1147 πάθη
772 1120 780 1127 ·

197 1157 296 1192 Μήτηρ
308 1157 436 1190 θανοῦσα,
448 1157 531 1184 παῖδα
548 1157 595 1184 νῦν
608 1157 760 1192 τεθνηκότα

199 1198 385 1237 ὀν’γαστρὺς
397 1202 473 1229 ἔνδον
488 1201 620 1238 ἐξέθρεψε
641 1203 707 1237 πρὶν
722 1202 832 1237 βρέφος,

200 1249 247 1275 Ὃν
260 1249 371 1284 Exponat
387 1250 452 1284 πρὶν
468 1250 618 1284 μητρικαῖς
633 1250 662 1275 ιν
675 1249 800 1282 ὠλέναις,

199 1295 278 1330 Ἔχει
292 1294 413 1322 λασοῦσα
427 1295 524 1330 νεκρὸν
539 1295 569 1322 ὲν
581 1297 641 1327 ταῖς
654 1295 800 1329 ἀγκάλαις.

198 1337 246 1371 Εἷς
259 1340 363 1375 τύμϐος
378 1341 469 1373 αὐτοῖς
490 1341 589 1373 κοινὸς⁹
603 1340 642 1372 ὡς
652 1341 761 1377 γαστὴρ
773 1342 834 1376 μίσ.

144 1423 148 1427 Ι
196 1387 283 1422 Κοινὴ
296 1386 323 1413 δὲ
337 1387 441 1422 μήτηρ.
457 1387 560 1422 μητρὸς
575 1387 592 1422 ὴ
604 1387 641 1422 γῆ
659 1386 707 1413 καὶ
721 1387 837 1414 τέκνου·

197 1431 291 1466 ’Δρκεϊ
309 1431 429 1466 μαλάξαι
441 1432 487 1458 καὶ
502 1431 586 1460 λίθων
602 1432 726 1468 σκληρὰν
738 1431 820 1466 φύσιν

197 1476 250 1503 Καὶ
263 1476 351 1503 ταῦτα
368 1477 478 1508 πάντως
492 1485 499 1492 ·
516 1476 588 1512 πλὴν
602 1476 633 1503 τὸ
647 1476 747 1511 πικρὸν
760 1476 809 1503 τοῦ
824 1475 929 1508 πάθους

196 1521 280 1549 Οὔπω
297 1522 433 1556 λέλεκται,
450 1523 503 1550 κᾶν
516 1531 558 1555 τις
577 1522 619 1558 ῐδῃ
632 1522 750 1559 δακρύῃ.

201 1569 235 1594 Ἡ
250 1568 300 1603 μὲν
314 1569 368 1604 γὰρ
381 1568 460 1604 ἀνδρὶ
471 1569 622 1602 συζυγεῐσα
636 1569 704 1604 πρὸς
717 1568 818 1604 γάμον,

196 1610 289 1650 υῦπερ
300 1614 330 1640 τὸ
346 1613 445 1646 κάλλος
465 1614 555 1641 πᾶσαν
574 1614 656 1648 ἦδυνε
667 1613 764 1649 φρένα,

866 185 1039 216 ΕΑΒΜῙΝᾹ
1058 186 1186 217 VARTA.

1008 247 1030 273 Α
1045 243 1172 278 Κράτους
1189 242 1217 269 δὲ
1229 242 1308 277 φήμη
1327 242 1418 269 πᾶσαν
1432 241 1553 277 ἐπλήρου
1569 240 1664 275 χοόνα.

1037 288 1151 322 ’Ἔργον
1166 287 1302 322 μαχαίρας
1314 285 1385 313 εἶδεν
1401 287 1482 314 αὐτὸν
1496 287 1543 313 καὶ
1557 286 1660 320 ξίφους.

1046 333 1179 360 Τοσοῦτον
1192 334 1202 349 ⁹
1217 333 1359 367 συζήσασα
1374 333 1413 367 τῷ
1428 332 1586 368 πεφιλμένῳ

1047 378 1130 405 Ὅσον
1145 378 1244 414 φυῆναι
1264 379 1489 414 πρωτογέννητον
1501 379 1608 411 κλάδον,

1046 425 1102 452 Καὶ
1120 425 1170 451 σὺν
1187 426 1351 459 στεναγμοῖς
1368 425 1597 460 προσὸλέπουσαν
1613 426 1653 461 τῷ
1665 426 1754 461 τέκνῳ

1046 472 1164 506 Μνήμην
1178 472 1283 497 ἐκείνου
1296 471 1343 498 τοῦ
1360 472 1523 507 παθήματος
1536 473 1631 508 φέρειν
1645 481 1651 487 ·

1049 517 1079 543 Ἀ
1086 526 1149 552 μφω
1163 517 1382 544 καταστένουσαν
1395 519 1427 544 ἐκ
1443 518 1626 553 θρηνημάτων
1637 527 1645 535 ⁸

1045 563 1089 597 Πῆ
1105 562 1155 597 μὲν
1168 563 1197 588 τὴ
1213 563 1308 590 τέκνον
1322 564 1426 598 πατρὸς
1438 564 1657 599 ὡρφανισμένον,

1045 609 1087 643 Πῆ
1105 609 1127 635 δ’
1143 607 1176 636 αὖ
1191 609 1216 643 γ’
1233 609 1333 644 ἑαυτὴν
1349 610 1445 644 ἀνδρὸς
1461 611 1658 645 ἐστερημένην.

1051 654 1080 679 ’0
1094 654 1117 680 δ’
1133 655 1220 688 ὲκφὺς
1232 654 1300 689 αὐτῇ
1316 656 1434 689 πρῶτος,
1447 656 1464 689 ἢ
1484 655 1584 689 μᾶλλον
1602 656 1693 690 μόνος,

1047 699 1226 734 ’Λναδραμὼν
1239 699 1276 731 ὡς
1293 700 1371 735 ἔρνος
1384 700 1485 734 ὡραῖος
1499 700 1570 733 νέος,

1052 746 1126 772 Ἐπεὶ
1142 745 1212 781 πρὸς
1226 745 1301 782 ὥραν
1314 744 1382 782 ἧκεν
1395 746 1486 780 ἀκμῆς
1499 746 1545 773 καὶ
1557 746 1659 781 γάμου,

1045 789 1116 825 Ἧψε
1131 791 1159 817 δὲ
1169 790 1300 826 λαμπρὰς
1312 790 1458 825 λαμπάδας
1472 791 1638 826 γαμηλίους,

1045 836 1132 868 Εὐθὺς
1149 836 1198 871 μὲν
1217 837 1349 871 ἐστέρητο
1360 836 1408 862 καὶ
1422 836 1469 862 τοῦ
1484 835 1603 869 συζύγου

1045 882 1114 916 Μηδ’
1130 882 1277 916 ὲκᾳυέντος
1295 882 1391 913 παιδος
1406 882 1468 908 ἀντὶ
1485 882 1613 917 μητέρος.

1011 926 1033 954 Β
1049 928 1138 961 Ζήσας
1149 927 1177 953 δὲ
1188 927 1281 953 λοιπὸν
1299 926 1397 962 μικρὸν
1411 927 1511 961 ἄζυγος
1528 928 1632 963 χρόνον,

1044 974 1122 999 Ἐπεὶ
1137 974 1195 1008 μετ’
1210 973 1315 1008 ἀνδρῶν
1328 974 1623 1009 συγκατηριομημένος

1044 1019 1166 1055 [Ιρώτοις
1181 1020 1278 1051 ἰούλοις
1295 1020 1406 1051 ἐσκίαζε
1417 1020 1466 1055 τὴν
1477 1020 1570 1055 γένυν,

1043 1065 1098 1091 Καὶ
1115 1065 1213 1096 κάλλος
1230 1066 1319 1101 ἤνθει,
1332 1066 1380 1092 καὶ
1395 1066 1542 1101 προσώπου
1557 1067 1709 1103 τερπνότης

1044 1110 1142 1144 Ἴιριζε
1157 1111 1316 1146 φαιδρότητι
1333 1112 1367 1146 τῇ
1379 1111 1433 1138 τῶν
1448 1112 1582 1147 ἀστέρων,

1045 1155 1140 1189 ’Δφνω
1157 1155 1254 1191 βαρείᾳ
1266 1157 1313 1183 καὶ
1325 1156 1483 1192 δυσαντήτῳ
1500 1157 1570 1193 νόσῳ

1044 1201 1107 1227 Ἐπὶ
1119 1201 1198 1236 ξένης
1209 1203 1261 1236 γῆς
1273 1203 1437 1230 ἐκκόπτεται
1450 1204 1508 1239 βίου
1522 1213 1530 1220 ·

1045 1248 1163 1282 Ἂωρος,
1180 1248 1271 1283 οἴμοιῑ
1289 1251 1336 1276 καὶ
1349 1250 1402 1285 πρὸ
1415 1250 1513 1286 καιροῦ
1524 1252 1574 1286 τῆς
1587 1251 1706 1288 τρύγης·

1043 1292 1100 1318 Καὶ
1118 1293 1204 1328 μητρὶ
1219 1294 1309 1322 κοινὸν
1325 1295 1527 1332 συγκατῴκησε
1539 1297 1635 1332 τάφον

1042 1338 1160 1365 Am).on
1174 1339 1205 1366 τὸ
1218 1340 1315 1373 πένθος
1332 1341 1387 1368 τῶν
1399 1343 1562 1377 στεναγμῶν
1577 1346 1624 1371 καὶ
1639 1345 1711 1379 γόων

1043 1385 1082 1420 Ἰῇ
1101 1386 1186 1421 μητρὶ
1200 1387 1303 1422 μητρὸς
1318 1389 1365 1414 καὶ
1376 1388 1473 1420 διπλᾶς
1488 1389 1574 1417 λιπὼν
1588 1391 1704 1425 φλόγας,

1043 1430 1123 1462 "Huc
1136 1431 1167 1457 τὸ
1178 1431 1273 1458 τέκνον
1287 1433 1336 1459 καὶ
1349 1433 1381 1459 τὸ
1391 1433 1439 1460 τοῦ
1452 1434 1547 1462 τέκνου
1561 1436 1658 1463 τέκνον

1049 1475 1152 1503 Ἰδοῦσα
1167 1477 1249 1512 κοινῷ
1263 1478 1311 1505 νῦν
1323 1477 1390 1514 λίθῳ
1404 1481 1597 1516 κεκρυμμένα,

1045 1521 1145 1558 Ἀλλης
1163 1523 1264 1558 Νιόϐης
1279 1524 1428 1560 δυστυχοῦς
1444 1526 1518 1553 ἕλκει
1539 1527 1607 1562 βίον,

1044 1568 1156 1602 Μικρὸν,
1170 1569 1396 1601 πολυστένακτον.
1411 1572 1545 1599 ἀντλοῦσα
1557 1574 1663 1608 χρόνον.

1050 1614 1129 1645 Ἀλλ’,
1139 1611 1162 1640 ὦ
1174 1614 1296 1642 κάτοικοι
1312 1615 1390 1642 τοῦδε
1406 1617 1454 1644 τοῦ
1471 1618 1599 1654 λαμπροῦ
1615 1621 1709 1655 δόμου,

196 1712 276 1734 ante:
305 1705 399 1734 aureis
413 1705 562 1733 decorabat
583 1704 731 1739 panopliis,
763 1712 825 1732 mox
856 1704 1027 1746 involutusc
1045 1706 1110 1733 luris
1124 1714 1188 1741 pars
1200 1707 1326 1735 acerbior
1343 1709 1464 1736 uetulum
1495 1711 1617 1745 exposita
1629 1716 1679 1744 est,
1709 1715 1835 1747 quax-ni.

196 1755 368 1777 mortuorum
383 1752 498 1776 o'rnatus
512 1757 589 1783 gero,
614 1748 735 1783 quidedi
762 1756 838 1776 meas
862 1749 992 1775 victorias

195 1796 374 1824 celebrandas
387 1797 454 1831 lyra.
472 1803 546 1823 nunc
560 1795 720 1828 ludibrium,
731 1795 783 1822 heu
795 1796 802 1822 l
815 1795 991 1822 theatralium

196 1844 336 1870 ludorum.
357 1843 481 1870 Mearum
509 1849 640 1868 manuutn
674 1841 772 1875 igneus
800 1849 889 1876 nuper
903 1841 990 1875 vigor,

195 1890 313 1925 pectoris
327 1889 407 1916 istius
421 1888 576 1916 animosum
595 1887 690 1917 robur.
707 1895 781 1915 nunc
800 1886 915 1922 frigidus
929 1887 990 1921 pul-

200 1937 243 1964 vis
259 1941 285 1963 et
297 1935 408 1971 putidus
428 1933 530 1962 fuelor':
554 1933 630 1961 ﬂoris
656 1933 833 1968 pulchritudo
859 1934 910 1960 ista
926 1941 990 1960 eva-

194 1983 265 2010 nuit.
293 1981 440 2017 Fulgentes
453 1986 532 2015 togae,
544 1980 670 2015 egregius
696 1979 803 2014 imperii
832 1983 989 2014 apparatus,

195 2034 345 2063 sceptrum,
364 2027 503 2059 diadema,
519 2033 621 2052 aureus
653 2025 781 2057 thronus,
811 2025 904 2051 omnia
924 2032 989 2051 eva-

195 2079 326 2103 nuerunt.
342 2074 433 2101 Tuum
449 2080 514 2100 vero
540 2071 712 2099 tremendum
742 2070 810 2098 mihi
831 2070 921 2098 solum
933 2076 989 2097 tre-

195 2121 335 2154 mendum,
370 2127 387 2147 ο
401 2119 486 2155 judex
501 2123 531 2146 et
547 2126 595 2146 rex
611 2126 700 2152 meus,
729 2123 833 2150 manet,
850 2121 914 2152 post
931 2110 990 2144 haec

194 2167 298 2198 munia,
312 2167 369 2202 jam
394 2165 590 2197 condemnato,
607 2164 754 2199 judicium.
775 2163 828 2191 Sed
842 2163 988 2191 miseratus

195 2213 261 2240 mihi
279 2213 381 2240 viscera
403 2212 430 2239 in
446 2211 551 2246 judicio
562 2211 661 2238 exhibe
676 2218 684 2242 ;
700 2214 729 2237 ut
758 2210 885 2237 Mauasse
910 2208 987 2243 rogi;

194 2259 257 2287 licet
268 2259 416 2287 multitudo
428 2259 562 2286 scelerum
585 2261 696 2292 superet
709 2256 850 2283 stellarum
863 2254 988 2282 multitu.‘

193 2306 285 2333 dinem
314 2310 342 2333 et
355 2313 454 2333 arenas
475 2304 571 2335 maris,
587 2308 664 2330 tuum
691 2309 760 2337 opus
786 2308 837 2336 ego
865 2307 987 2335 quoque,

193 2361 318 2389 opusque
333 2353 481 2389 digitorum
499 2356 621 2379 tuorum.

588 2397 615 2425 5.

229 2446 336 2474 Deﬂena
351 2452 525 2475 communem
536 2444 692 2472 mortalium
707 2443 801 2474 finem,
818 2441 918 2474 viator,
936 2449 985 2469 no-

193 2500 258 2520 vum
272 2492 410 2528 quoddam
429 2490 610 2518 infortunium
631 2493 658 2517 et
671 2489 795 2516 dolorem
810 2486 890 2518 defle,
910 2491 986 2515 vete-

196 2547 258 2566 rum
273 2538 488 2566 infortuniorum
503 2537 612 2564 dolores
628 2536 794 2563 vincentetn.
818 2533 902 2561 Mater
911 2541 986 2561 mor-

194 2591 252 2619 tua,
271 2587 355 2613 tilium
377 2593 451 2613 nunc
469 2588 621 2616 mortuum,
637 2590 718 2618 quem
739 2586 818 2610 antea
833 2581 904 2608 intra
925 2585 985 2608 ute-

193 2640 253 2659 rum
268 2632 399 2658 infantent
409 2631 487 2662 aluit,
502 2637 583 2665 quem
599 2634 679 2656 antea
692 2629 824 2656 maternis
838 2627 911 2654 ulnis
936 2633 983 2662 ge-

194 2678 294 2708 stabat.
309 2681 384 2705 tenct
412 2680 552 2704 mortuum
566 2674 686 2703 brachiis
712 2674 892 2709 amplectens.
908 2671 985 2699 Unus

194 2725 236 2751 his
244 2724 400 2752 communis
416 2723 551 2754 tumulus,
564 2727 594 2749 ut
611 2726 704 2749 venter
713 2728 785 2748 unus
797 2740 804 2752 ,
817 2718 986 2746 communis-

193 2779 248 2805 que
260 2776 357 2802 mater,
374 2770 470 2797 matris
486 2775 513 2796 et
529 2769 576 2796 ﬁlii
600 2773 673 2795 terra
689 2777 695 2794 :
713 2766 772 2794 lure
793 2765 885 2792 omnia
912 2764 987 2791 suni-

193 2817 400 2852 ciuntlapidum
416 2816 513 2843 duram
525 2819 652 2842 naturam
667 2812 792 2846 mollire;
805 2816 924 2839 attamen
936 2810 986 2838 do-

229 2910 240 2926 ⁶
255 2909 368 2936 τοσοῦτο
382 2908 444 2935 cod.

354 2957 491 2986 Parum"
509 2955 568 2985 Gn.
587 2952 661 2982 CVI.

1041 1753 1088 1787 qui
1103 1753 1201 1780 viderit
1213 1754 1389 1790 lacrymetur.
1400 1755 1469 1782 Nam
1485 1757 1544 1784 viro
1557 1758 1712 1792 nuptiarum
1729 1759 1835 1788 fault-ro

1039 1801 1146 1834 juncta,
1167 1800 1248 1834 cujus
1271 1801 1449 1836 pulchritudo
1463 1803 1582 1838 {onmem
1607 1805 1727 1832 animam
1759 1806 1836 1835 dele-

1042 1847 1142 1879 ctabat,
1178 1847 1458 1882 victoriarumfama
1502 1854 1589 1877 totum
1636 1850 1758 1886 replebat
1788 1859 1836 1880 or-

1044 1893 1115 1924 I-cm,
1130 1893 1269 1919 victimam
1281 1893 1363 1927 gladii
1375 1894 1443 1922 vidit
1460 1895 1535 1922 illum
1557 1900 1584 1922 et
1599 1896 1674 1924 ensis
1694 1905 1702 1930 ;
1727 1901 1835 1926 tantum

1043 1939 1149 1965 vixerat
1161 1944 1327 1966 cumumato
1349 1940 1466 1975 conjuge
1483 1946 1511 1966 ut
1539 1941 1752 1976 primogenitum
1775 1951 1839 1971 sur-

1041 1983 1134 2010 culum
1148 1983 1322 2017 produceret.
1340 1984 1447 2011 Etcum
1469 1986 1616 2019 gemitibus
1645 1991 1739 2014 natum
1759 1996 1833 2022 aspi-

1041 2030 1169 2060 cientcm,
1179 2029 1250 2057 ferre
1258 2031 1402 2064 oportebat
1415 2031 1497 2064 hujus
1506 2030 1647 2059 infortunii
1658 2034 1832 2067 memoriam,

1041 2077 1137 2104 ambos
1152 2077 1281 2112 lacrymis
1304 2077 1502 2111 deplorantem.
1529 2077 1580 2105 Hic
1604 2079 1714 2113 quidem
1725 2087 1831 2114 natum,

1040 2129 1118 2159 patre
1137 2123 1274 2156 orbatum,
1296 2124 1352 2151 illic
1371 2131 1436 2151 vero
1456 2124 1574 2159 seipsatn
1595 2125 1654 2152 viro
1680 2126 1831 2156 viduatam.

1042 2170 1088 2197 Ille
1112 2175 1203 2197 autem
1221 2177 1302 2205 quem
1325 2169 1443 2205 primum
1464 2171 1581 2205 peperit,
1605 2176 1652 2198 aut
1665 2173 1756 2207 potius
1771 2175 1834 2202 uni-

1039 2225 1112 2249 cum,
1127 2224 1255 2245 crescens
1269 2222 1298 2244 ut
1312 2217 1425 2252 pulchra
1443 2221 1470 2244 et
1486 2221 1580 2244 tenera
1598 2218 1700 2252 planta,
1717 2227 1780 2247 cum
1795 2221 1832 2248 ad

1038 2268 1146 2292 aetatem
1159 2263 1233 2291 venit
1244 2263 1436 2292 adolescentiae
1451 2269 1478 2291 et
1495 2264 1666 2299 nuptiarum.
1690 2267 1831 2295 accendit-

1039 2316 1094 2344 que
1109 2307 1246 2343 fulgentes
1260 2308 1395 2344 hymenmi
1415 2307 1512 2341 tradas,
1526 2309 1618 2336 statim
1650 2310 1778 2340 viduatus
1790 2317 1833 2340 est

1038 2354 1166 2391 conjuge,
1177 2354 1251 2382 nullo
1259 2355 1356 2383 relicto
1363 2362 1415 2390 pro
1425 2360 1512 2382 matre
1520 2362 1616 2390 puero.
1633 2355 1733 2385 Vivens
1740 2364 1830 2386 autem

999 2411 1028 2443 Β
1041 2405 1135 2436 postea
1150 2400 1260 2428 brevem
1277 2401 1336 2428 sine
1346 2400 1474 2435 coniugio
1484 2400 1579 2434 vitam,
1597 2409 1659 2429 cum
1682 2403 1739 2437 jam
1765 2403 1831 2431 viris

1039 2452 1236 2474 auunmeratus
1258 2446 1354 2481 primis
1374 2446 1553 2474 adumbraret-
1585 2447 1647 2481 pilis
1680 2456 1776 2482 genas,
1803 2452 1830 2474 et

1037 2493 1123 2520 forma
1141 2493 1250 2521 floreret
1274 2497 1303 2520 et
1318 2493 1410 2520 vultus
1423 2492 1519 2527 gratia,
1533 2492 1676 2527 nitoreque
1691 2498 1828 2520 astrorum

1037 2541 1153 2567 nitorem
1163 2540 1295 2572 vinceret,
1304 2543 1414 2574 repente
1429 2539 1504 2573 gravi
1514 2543 1542 2566 et
1552 2538 1717 2566 intolerabili
1731 2540 1829 2565 morbo

1036 2587 1062 2614 in
1079 2592 1151 2613 terra
1164 2586 1250 2613 aliena
1260 2593 1274 2612 e
1282 2585 1337 2612 vita
1351 2584 1465 2616 tollitur,
1475 2589 1539 2611 ante
1550 2584 1635 2616 diem,
1649 2584 1711 2611 heu!
1723 2589 1750 2610 et
1761 2589 1829 2610 tctu-

1036 2639 1089 2667 pus
1109 2630 1287 2662 maturitatis,
1297 2629 1426 2656 ctmatris
1434 2636 1580 2656 commune
1597 2627 1828 2661 habitavitsepul-

1035 2676 1268 2711 crum.Duplicem
1277 2676 1460 2710 lacrymarum
1468 2679 1493 2701 et
1500 2674 1649 2709 gcinituum
1657 2673 1828 2708 luctumlma-

1037 2725 1086 2752 tris
1095 2724 1176 2752 matri
1188 2723 1363 2758 Iinquebatet
1372 2722 1506 2756 duplicem
1518 2720 1722 2753 dolorumqum
1741 2719 1825 2746 tilium

1036 2775 1063 2798 ct
1079 2769 1126 2797 ﬁlii
1143 2769 1229 2796 filium
1242 2768 1337 2795 videns
1350 2765 1491 2794 communi
1509 2771 1583 2792 nunc
1597 2764 1686 2798 lapide
1700 2763 1828 2791 recondi-

1038 2823 1091 2852 tos,
1106 2817 1220 2845 alterius
1230 2815 1331 2844 Niobes
1346 2815 1476 2843 miseram
1491 2813 1572 2841 vitam
1585 2812 1678 2845 trahit,
1688 2819 1827 2846 amarum,

1643 2935 1682 2966 29
