2082 3157
201 183 256 217 909

201 243 239 269 οὺ
252 240 317 273 τοὺς
331 239 448 275 φυέντας
462 239 595 275 ἀγκάλαις
605 241 666 272 ταῖς
683 240 742 272 σαῖς
756 239 881 272 κλάδους,

201 287 272 320 Τοὺς
288 286 338 322 μὲν
356 285 494 322 μαχαίρας
507 285 589 322 ἔργον
600 283 670 318 ε’ίδες
684 286 714 313 ὲν
729 285 830 322 μάχαις

207 334 257 360 Ἐκ
269 332 412 367 συγγενῶν
428 332 590 364 πίπτοντας,
606 332 680 367 οῐμοι
694 331 742 359 τοῦ
755 331 875 363 πάθουςῑ

202 379 273 410 Τοὺς
288 378 311 406 δ’
327 378 389 406 ἀντὶ
399 378 534 413 λαμπρῶν
545 378 593 405 καὶ
603 377 695 404 καλῶν
711 377 870 412 ἀνακτόρων

202 425 311 460 Νήσους
323 425 442 460 ἐρήμους
456 424 504 451 καὶ
521 424 665 459 φάραγγας
676 423 723 451 καὶ
738 423 844 458 πέτρας

202 471 359 506 Κριθέντας
373 470 469 502 οἰκεῖν,
485 470 536 506 τὴν
551 471 637 505 πνοὴν
650 470 851 506 μετρουμένους
863 477 871 502 ς

203 517 260 544 Καὶ
276 515 374 549 ταῦτα,
388 516 439 551 φεῦ
452 516 459 543 l
474 516 629 551 πάσχοντες
643 516 677 549 (ὢ
688 515 743 542 τῶν
753 515 897 551 χριμάτων

204 562 265 589 Τῶν
280 562 345 595 σῶν,
365 556 511 595 δικαστᾶι)
523 562 572 598 τὴν
589 561 689 597 λιθώδη
702 561 818 597 καρδίαν

204 608 299 639 Οὐδεὶς
318 608 463 643 μαλάσσει,
480 609 623 636 σπένδεται
641 608 682 644 τῷ
698 608 824 644 πλησίον,

204 655 260 682 Καὶ
278 655 397 691 δάκρυον
412 656 455 690 χεῖ
470 655 620 691 φάρμακον
633 656 783 691 σωτηρίας.

211 701 281 728 Ἀλλ’
294 702 369 737 ἥλιος
389 702 438 736 μὲν
453 702 494 733 εἰς
506 702 601 733 σκότος
614 702 805 737 μετεστράφη,

206 748 260 774 Καὶ
274 749 324 783 τῆς
338 749 454 783 σελήνης
468 749 569 782 φέγγος
581 748 769 784 ὲξαπεκρύϐη,

206 793 261 820 Καὶ
274 793 367 825 καινὸς
382 793 470 828 ἀστὴρ
488 793 581 829 θαῦμα
598 794 718 825 πίστεως
730 793 806 826 ξένον

207 839 312 874 Καινῆς
325 839 348 866 δ’
363 839 482 875 ἀνήφθη,
495 839 547 874 τῆς
561 840 584 866 δ’
600 840 671 875 ὲμῆς
682 840 821 876 ῥᾳθυμίας

206 885 346 920 Δογισμδς
361 885 459 917 οὐδεὶς,
476 885 538 912 οὐδὲ
554 886 608 913 τῶν
624 886 819 921 ἐγκλημάτων.

213 931 283 958 Ἀλλ’
298 931 377 958 ἴλεών
395 940 442 967 μοι
454 931 552 965 δεῖξον,
571 932 660 965 ἵλεων,
674 932 756 967 Δόγι,
771 947 773 950 -

207 977 257 1004 Σὺν
266 977 344 1013 ὄμμα
353 978 483 1013 χρηστὸν,
499 977 605 1005 παῦσον
618 977 840 1014 άλληλοφθόρους

207 1023 329 1057 Σφαγὰς,
343 1023 459 1056 ἁλώσεις
472 1024 611 1060 δεσμίους,
627 1024 729 1060 μάχας,
742 1024 863 1056 στάσεις,

207 1069 309 1102 Φυγὰς,
321 1068 438 1103 διώξεις,
452 1070 592 1106 ἁρπαγὰς,
612 1071 719 1104 ποινὰς,
737 1070 843 1106 κρίσεις
855 1078 863 1086 ·
882 1092 888 1097 .

211 1115 368 1151 ᾭκτειρας,
382 1113 454 1148 οῖδα,
470 1116 518 1144 καὶ
532 1116 628 1143 Νινευτ
638 1117 688 1152 τὴν
701 1116 790 1150 πόλιν,

209 1161 266 1188 Καὶ
277 1161 342 1188 λαὸν
356 1161 476 1197 ἠλέησας
492 1162 674 1197 ἡμαρτηκότα
685 1171 694 1179 '

210 1207 260 1234 Σὺν
275 1207 403 1242 ποίμνιον
413 1209 478 1243 γὰρ,
491 1209 572 1236 ὢνιον
587 1209 643 1236 σῶν
654 1210 790 1245 αἱμάτων.

211 1252 249 1287 Σὴ
264 1252 369 1288 μάνδρα
384 1254 472 1287 κάγὼ,
486 1254 605 1289 Χριστέ·
623 1254 711 1282 ταῦτα
725 1253 760 1290 σὴ
773 1254 852 1286 πόλις

211 1299 277 1334 Βοᾷ,
292 1299 370 1331 πόλις
383 1300 429 1334 σὴ,
445 1301 482 1334 μὴ
502 1299 679 1335 παραδλέψῃ,
696 1301 805 1335 βλέπων

211 1344 314 1371 Κακῶν
331 1343 468 1376 ἀϐύσσους
479 1353 487 1360 ·
504 1345 586 1380 μέχρι
598 1346 653 1381 γὰρ
665 1347 739 1378 τινος
754 1346 850 1379 πόνοις

213 1413 251 1441 ς’.
266 1411 317 1444 Εἰς
332 1419 405 1443 τους
424 1411 530 1446 ἁγίους
545 1411 645 1441 πέντε.
662 1410 850 1447 Εὑστράτιον
866 1412 916 1440 καὶ
937 1412 1007 1445 τοὺς

533 1447 596 1474 σὺν
606 1447 698 1480 αὐτῷ.

214 1514 317 1549 Εἴληφε
334 1515 438 1547 πεντὰς
452 1515 602 1550 μαρτύρων
619 1515 702 1542 πέντε
716 1516 813 1550 στέφη.

220 1560 249 1588 ’0
267 1561 288 1587 δ’
305 1561 471 1596 Εὐστράτιος
486 1562 567 1588 πέντε
578 1561 724 1596 λαμὸάνει.
738 1561 828 1594 Μόνος

219 1606 379 1642 Ἑλληνικὴν
393 1607 490 1642 ἡλεγξε
507 1607 726 1642 μυθοπλαστίαν·

216 1653 370 1688 Ἥγρευσεν
385 1654 526 1688 Εὐγένιον,
538 1654 644 1690 ἤσκησε
657 1654 744 1689 στόμα

216 1754 335 1790 praedam
346 1756 372 1782 in
385 1756 505 1791 pugnisa
517 1755 641 1792 cognatis
656 1754 775 1784 cadere?
790 1756 858 1792 proh
870 1756 1008 1784 dolorem!

217 1808 268 1836 pro
285 1801 439 1836 magniﬁcis
459 1806 487 1829 et
503 1802 589 1830 vastis
605 1802 728 1837 palatiis,
746 1803 850 1831 insulas
871 1803 1009 1834 desertas.

217 1848 351 1882 gurgites,
371 1853 474 1883 petras,
495 1849 695 1877 condemnatos
721 1849 857 1881 habitare,
883 1849 1011 1884 spiritum

218 1893 260 1921 vel
274 1894 406 1922 habentes
421 1895 633 1922 mensuratum?
651 1899 681 1922 et
703 1895 760 1923 haec
778 1895 925 1930 patientes,
940 1895 1009 1922 heul

219 1939 417 1967 sententiarum
430 1944 550 1972 tuarum,
562 1941 658 1975 judex,
677 1948 791 1968 saxeum
813 1941 931 1975 rigorem
946 1940 1009 1967 nul-

219 1985 262 2013 lus
274 1986 382 2013 mollire
398 1990 506 2020 potest;
520 1986 647 2021 proximo
659 1985 863 2018 reconciliatur,
874 1990 902 2013 et
918 1985 1010 2013 ﬂetum

220 2031 310 2058 fundit
328 2031 424 2059 salutis
442 2032 608 2060 remedium.
628 2031 683 2059 Sed
700 2031 743 2059 sol
760 2031 870 2066 quidem
888 2031 916 2059 in
934 2036 1011 2058 tene-

221 2078 284 2105 hras
297 2084 449 2105 c0uversus
472 2082 525 2110 est,
546 2083 574 2106 et
595 2078 668 2106 lunae
687 2077 776 2113 fulgor
793 2078 899 2105 velatus
918 2081 971 2110 est,
983 2083 1012 2106 et

220 2132 322 2152 novum
349 2128 469 2157 astrum,
489 2124 554 2152 ﬁdei
582 2132 659 2152 nova:
674 2124 815 2153 insolitum
844 2123 1011 2159 prodigium,

220 2169 342 2203 cﬂ‘ulsit;
366 2177 436 2198 meae
467 2175 559 2198 autem
584 2170 720 2198 socordiae
748 2170 820 2197 ratio
847 2169 933 2201 nulla.
962 2177 1012 2197 ne-

221 2223 275 2250 que
290 2216 444 2251 culparum.
462 2216 516 2244 Sed
536 2216 683 2244 miseratus
697 2216 764 2244 mihi
788 2216 913 2248 ostende,
927 2215 1010 2243 mise-

858 182 1031 214 CARMINA
1049 181 1178 214 VARIA.

1003 242 1030 270 Α
1042 240 1079 266 Τὸ
1095 238 1255 275 Μαρδαρίου
1270 237 1338 274 πρὸς
1349 238 1482 275 δικαστὴν
1493 238 1577 271 ὀξέως
1586 246 1594 254 ’

1782 181 1835 214 910

1045 285 1171 321 Ἐῤῥωσε
1187 284 1218 311 τὸ
1232 283 1362 319 φρόνημα
1378 285 1482 319 κάμνον
1503 284 1632 319 Ὀρέστου

1044 330 1117 365 Πρὸς
1134 329 1183 365 τὴν
1201 329 1318 365 ῥέουσαν
1333 330 1380 357 καὶ
1391 329 1520 365 σιδηρέαν
1536 328 1636 364 φλόγα.

1043 375 1100 402 Καὶ
1113 375 1200 402 ταῦτα
1213 375 1331 410 πράξας,
1345 375 1395 402 καὶ
1408 375 1476 412 παρ’
1490 376 1600 411 ἐχθροίς
1611 378 1741 412 τυγχάνει

1044 421 1143 453 Διδοῦς
1153 422 1168 447 ὁ
1181 421 1287 452 κλεινός
1298 429 1306 436 ·
1321 421 1389 449 ἀλλὰ
1400 422 1452 456 τῆς
1465 421 1623 457 προθυμίας

1047 467 1166 494 ’Δκοντα
1182 467 1229 494 τὸν
1244 467 1376 502 τύραννον
1389 467 1464 494 ἕλκει
1476 468 1619 500 ποικίλως,

1046 513 1103 549 Τὴν
1115 513 1205 549 ψῆφον
1219 513 1293 548 αὐτῷ
1310 513 1359 548 τὴν
1369 513 1501 540 δοκοῦσαν
1520 513 1659 540 θεσπίσαι.

1046 561 1102 586 Καὶ
1115 562 1184 595 πρὸς
1198 560 1229 586 τὸ
1253 559 1310 595 πῦρ
1336 560 1470 586 ἔσπευσεν
1486 560 1525 591 ὡς
1544 561 1670 594 πέμπτον
1692 561 1791 595 στέφος

1047 607 1084 633 Σὺ
1098 606 1149 641 μὲν
1168 606 1254 639 κάτω,
1270 606 1399 641 τύραννε,
1418 606 1466 641 τὴν
1484 606 1621 641 σιδηρέαν,

1049 653 1124 679 'Avo)
1137 652 1165 679 δὲ
1181 653 1299 686 Χριστὸς
1313 653 1431 688 χρυσέαν
1453 652 1525 679 τιθεῖ
1539 652 1646 688 κλίνην,

1048 697 1086 724 Τὸ
1099 697 1157 732 φῶς
1168 697 1392 731 ἀπαυγάζουσαν,
1408 697 1445 729 ὡς
1459 697 1531 733 αὕτη
1544 697 1643 732 φλόγα.

1170 765 1204 797 ζ’.
1219 766 1271 798 Εἰς
1281 765 1340 799 τὴν
1357 762 1416 792 τῶν
1441 764 1593 799 Ῥωμαίων
1606 765 1722 799 μάχην.

1057 832 1165 867 Ανῆκεν
1177 833 1193 867 ἡ
1207 832 1244 867 γῆ
1258 831 1306 859 τοῦ
1324 831 1471 868 δράκοντος
1485 831 1533 859 καὶ
1548 831 1630 858 πάλιν

1050 877 1194 912 Σπαρτοὺς
1203 877 1336 912 γίγαντας
1347 877 1449 912 ἄνδρας
1463 876 1683 914 ἁλληλοφθόρους
1694 886 1702 894 ·

1015 911 1036 940 Β
1048 911 1147 958 Θέαμα
1161 923 1268 956 καινὸν,
1279 911 1530 958 πρᾶγμαγπίστεως
1545 911 1631 956 ξένονλ

1052 969 1212 1005 Πάνχαλκος
1222 969 1296 1004 ὄψις,
1310 969 1477 1006 πανσίδηρος
1487 970 1504 1005 ὴ
1523 969 1615 1004 φύσις,

1052 1015 1191 1051 Ὀρμημα
1202 1015 1307 1052 θηρῶν,
1323 1015 1433 1051 βλέμμα
1449 1015 1535 1042 δεινὸν
1550 1016 1701 1051 γοργόνων.

1052 1061 1102 1093 Τίς
1114 1061 1136 1088 δ’
1149 1059 1183 1088 αὖ
1199 1061 1304 1093 ικείνος
1320 1061 1376 1088 τῶν
1393 1061 1532 1096 γιγάντων
1542 1061 1686 1097 ὲνστᾶτης,

1057 1107 1089 1133 '0
1103 1106 1189 1138 δεινὸς
1205 1103 1282 1138 οὗτος
1295 1107 1378 1134 πᾶσιν
1393 1107 1540 1141 ἐμπίπτων
1555 1107 1636 1142 μόνος

1062 1152 1105 1183 Ὠς
1118 1152 1290 1188 ἁλλὸμορφος
1306 1153 1353 1180 καὶ¹
1368 1153 1639 1188 παρεξηλλαγμὲνος,

1055 1199 1182 1234 Χρυσοῦς
1196 1200 1226 1226 τὸ
1242 1199 1342 1231 κάλλος
1355 1200 1402 1226 καὶ
1418 1199 1543 1234 σιδηροῦς
1558 1199 1609 1235 τὴν
1623 1199 1722 1235 φύσης

1056 1244 1236 1280 Κινούμενος,
1252 1244 1319 1280 πῦρ,
1331 1244 1544 1280 ἐκκαλούμενος,
1564 1245 1644 1279 λέων,

1063 1289 1178 1323 Ἑστὼς,
1195 1290 1303 1325 ἀδάμας
1313 1299 1322 1306 ”
1338 1291 1433 1326 ἄργος,
1449 1291 1478 1317 ἂν
1488 1290 1581 1326 κύκλῳ
1592 1291 1711 1326 βλέπων,

1059 1335 1172 1363 Βλέπων
1185 1338 1328 1372 κεραυνὸς,
1343 1335 1414 1372 αἷμα
1424 1338 1472 1364 καὶ
1484 1338 1565 1372 φόνον
1575 1338 1667 1365 πνέων
1679 1347 1686 1354 ·

1058 1381 1117 1409 Οὐκ
1128 1381 1237 1417 ἀδάμας
1252 1391 1305 1415 τις,
1321 1383 1351 1409 οὐ
1369 1383 1490 1418 σίδηρος,
1501 1383 1533 1410 οὐ
1552 1383 1638 1416 λίθος,

1059 1426 1131 1453 Ἀλλ’
1146 1427 1206 1454 οὐδὲ
1221 1427 1349 1463 χρυσοῦς,
1365 1428 1425 1454 οὐδὲ
1438 1430 1471 1463 τῇ
1489 1428 1570 1462 φύσει
1583 1428 1676 1464 γίγας,

1059 1471 1131 1498 Ἀλλ’
1142 1471 1159 1506 ἢ
1172 1472 1252 1506 τριὰς
1263 1473 1396 1508 κραθεῖσα
1407 1472 1462 1499 τῶν
1473 1473 1627 1508 ἑρασμίων,

1061 1517 1208 1552 Εὑανδρία.
1223 1517 1364 1553 φρόνησις,
1383 1517 1454 1554 ἀλκὴ
1471 1519 1540 1553 πρὸς
1552 1519 1660 1552 πόνους,

1062 1562 1176 1594 Ἔνυλος
1188 1562 1284 1598 ὥσπερ
1298 1563 1490 1598 συμπλακεῖσα
1508 1564 1575 1599 πρὸς
1589 1565 1682 1600 μάχην

1061 1608 1119 1642 Τῆς
1131 1609 1233 1644 ἀρετῆς
1246 1609 1366 1636 δείκνυσι
1378 1609 1426 1645 τὴν
1443 1610 1519 1645 ἰσχὺν
1537 1611 1608 1646 πόση
1619 1619 1627 1626 ·

1061 1654 1124 1687 Πῶς
1139 1655 1187 1681 καὶ
1196 1655 1333 1689 γιγάντων
1348 1656 1396 1682 καὶ
1408 1656 1525 1683 τιτάνων
1538 1657 1568 1684 ὲν
1583 1657 1684 1693 μάχαις

1060 1755 1468 1785 deﬁcientemOrestianimum
1494 1761 1589 1785 contra
1605 1758 1801 1787 circumfusam
1826 1762 1856 1789 et

1061 1801 1179 1829 ferream
1205 1801 1358 1829 ﬂammam.
1377 1801 1411 1829 Et
1436 1803 1494 1830 haec
1517 1811 1581 1831 cum
1596 1804 1697 1839 egisset
1712 1805 1754 1833 vel
1781 1807 1853 1842 apud

1061 1847 1191 1875 inimicos
1202 1848 1340 1876 invenitur
1354 1848 1458 1876 honore
1474 1848 1609 1883 famosus,
1629 1851 1676 1878 sed
1700 1859 1748 1886 per
1775 1852 1855 1881 forti-

1061 1894 1185 1922 tudinem
1198 1895 1313 1922 iuvitum
1332 1900 1479 1930 tyrannum
1505 1895 1614 1924 diverso
1634 1897 1716 1925 modo
1735 1899 1856 1932 _addueit

1064 1940 1098 1967 ad
1116 1941 1282 1968 sententiam
1298 1941 1530 1974 pronuntiandam
1548 1943 1629 1977 quale
1654 1943 1713 1978 ipse
1729 1945 1854 1978 volebat;

1064 1990 1092 2012 et
1119 1986 1153 2012 ad
1186 1986 1274 2020 ignem
1305 1987 1406 2014 volavit
1434 1991 1462 2014 ιιι
1484 1988 1517 2014 ad
1553 1988 1678 2022 quintam
1711 1997 1855 2018 coronam.

1065 2032 1107 2059 Tu
1127 2033 1238 2067 quidem
1263 2033 1406 2064 deorsum,
1429 2038 1556 2068 tyranno,
1582 2033 1710 2068 terrenti),
1744 2044 1855 2064 sursum

1066 2083 1159 2106 autem
1175 2079 1304 2106 Christus
1319 2087 1430 2106 auream
1443 2081 1490 2107 dat
1501 2079 1638 2113 lecticam,
1657 2080 1718 2109 luce
1732 2083 1852 2118 resplen-

1063 2124 1185 2159 dentem,
1205 2131 1235 2153 ut
1254 2125 1308 2153 ista
1323 2125 1445 2154 ﬂamma.

1243 2189 1269 2219 7.
1286 2192 1319 2219 In
1333 2189 1514 2220 Romanorum
1536 2199 1662 2228 pugnam.

222 2261 311 2290 ricors
339 2261 470 2295 Verbum,
495 2267 571 2290 tuum
597 2263 760 2290 clementem
781 2262 901 2294 oculum,
929 2261 1009 2289 tinem
1030 2279 1051 2306 Β
1103 2260 1235 2288 Produxit
1248 2265 1320 2288 terra
1337 2268 1353 2288 e
1369 2260 1489 2288 dracone
1515 2261 1613 2288 iterum
1642 2261 1792 2289 scminatoa
1813 2263 1856 2298 gi-

223 2307 333 2342 impone
346 2308 450 2335 mutuis
464 2308 584 2335 caedibus
598 2307 724 2343 publicis.
742 2307 838 2339 ruinis,
849 2306 959 2341 pugnis,
969 2313 1012 2333 se-

223 2353 385 2387 ditionibus,
414 2353 499 2390 fugis,
519 2354 768 2389 persecutionibus.
785 2353 934 2384 violentiis,
947 2360 1014 2386 sup-

225 2400 327 2435 pliciis,
351 2401 474 2435 iudiciis.
510 2400 641 2429 Misenus
656 2408 699 2433 es,
714 2400 785 2432 scio,
799 2400 906 2427 Ninin
926 2399 1012 2432 urhis,

224 2451 252 2473 et
271 2447 371 2481 populo
391 2447 537 2482 pepercisti
569 2447 721 2481 peccatori;
739 2452 816 2474 tuum
838 2447 911 2474 enim
932 2446 1012 2478 ovile,

224 2491 343 2526 pretium
362 2492 401 2518 tui
422 2492 574 2526 sanguinis,
590 2493 696 2520 mansio
708 2497 750 2519 tua
767 2496 795 2520 et.
812 2500 872 2527 ego,
889 2491 1013 2525 Christe;

226 2538 286 2564 haec
305 2542 351 2565 tua
367 2538 465 2565 civitas
486 2538 600 2572 clamat,
617 2543 663 2566 tua
691 2543 733 2566 est
755 2538 863 2570 civitas.
887 2545 922 2565 ne
941 2538 1014 2564 illam

224 2583 361 2617 despicias
372 2590 490 2610 cernens
503 2582 637 2610 malorum
654 2584 778 2619 abyssos.
794 2582 862 2610 Nam
876 2591 931 2618 quo
952 2590 1015 2618 pro-

223 2634 317 2662 gressa
332 2632 397 2655 sunt
409 2628 579 2656 infortunia?

225 2696 252 2724 6.
268 2695 302 2723 In
319 2702 426 2724 sanctos
440 2698 564 2734 quinque,
583 2696 749 2724 Euslratium
761 2703 784 2725 et
803 2697 872 2724 alios
883 2706 941 2724 cum
958 2698 1014 2724 illo.

262 2763 434 2799 Receperunt
445 2764 568 2799 quinque
583 2769 719 2800 martyres
746 2772 865 2792 coronas
883 2765 1016 2799 quinque.

226 2808 384 2838 Eustratius
402 2815 493 2837 autent
514 2812 636 2845 quinque
648 2810 761 2845 recipit;
780 2811 857 2837 solus
878 2810 1017 2838 Helleuica

228 2857 319 2891 arguit
333 2862 506 2890 commenta;
531 2857 683 2893 Eugenium
698 2863 811 2885 venatus
822 2862 874 2889 est,
893 2866 924 2885 os
948 2857 1020 2884 illar-

228 2902 297 2930 durii
325 2904 456 2931 instruxit
485 2909 580 2932 contra
612 2904 732 2940 judiccm
753 2905 879 2938 valentis;
902 2905 1019 2932 tirmavit

1066 2311 1163 2341 gentes
1191 2307 1319 2335 homines
1349 2312 1444 2334 mutue
1469 2307 1640 2340 homicidas;
1667 2308 1855 2342 spectaculum

1070 2361 1184 2386 novum,
1203 2361 1247 2381 res
1261 2362 1276 2380 a
1295 2353 1346 2381 ﬁde
1371 2354 1480 2386 aliena;
1496 2362 1568 2381 terea
1587 2354 1681 2387 facies,
1695 2354 1783 2382 ferrea
1809 2363 1857 2382 na-

1067 2404 1139 2431 tura,
1159 2399 1279 2427 i'erarnm
1305 2399 1433 2434 impetus,
1449 2404 1614 2434 conspectus
1629 2400 1759 2427 terribilis
1788 2399 1858 2426 Gor-

1064 2453 1179 2480 gonum;
1189 2446 1251 2480 quis
1259 2451 1351 2473 autem
1367 2446 1418 2474 iste
1433 2446 1573 2482 gigantum
1581 2445 1767 2479 adversarius,
1783 2446 1858 2474 ferus

1066 2491 1118 2519 iste
1144 2492 1185 2518 vir
1205 2492 1279 2518 solus
1298 2492 1325 2518 in
1351 2499 1447 2519 omnes
1475 2492 1593 2524 irruens,
1615 2495 1745 2527 tanquam
1770 2491 1857 2519 forma

1069 2537 1225 2570 dissimilis,
1242 2544 1343 2564 aureus
1355 2537 1570 2572 pulchritudine,
1587 2541 1614 2563 et
1622 2535 1730 2564 ferreus
1741 2536 1858 2563 natura!

1067 2583 1139 2610 Motu
1149 2583 1230 2617 ignis,
1241 2584 1352 2610 nomine
1363 2583 1416 2616 leo,
1427 2583 1554 2610 firmitate
1562 2583 1686 2615 adamas,
1698 2582 1789 2612 albus,
1799 2582 1855 2608 cir-

1067 2629 1254 2661 cumintuens,
1273 2629 1405 2656 fulmineo
1420 2634 1543 2664 aspectu,
1563 2628 1726 2664 sanguinem
1745 2632 1773 2655 et
1785 2635 1859 2654 mor-

1069 2680 1122 2702 tem
1139 2675 1266 2709 spirans?
1288 2675 1347 2702 Non
1365 2675 1491 2707 adamas,
1504 2682 1558 2702 non
1577 2675 1691 2706 ferrum,
1705 2682 1759 2701 non
1776 2673 1857 2708 lapis,

1068 2727 1095 2748 et
1110 2729 1198 2756 neque
1222 2729 1332 2754 aureus,
1352 2730 1440 2757 neque
1463 2727 1560 2750 natura
1587 2721 1680 2757 gigas;
1715 2720 1764 2748 sed
1791 2720 1859 2748 trias

1068 2768 1240 2803 egregiorum
1260 2777 1350 2797 rerum
1364 2769 1521 2801 commista,
1539 2768 1682 2799 fortitudo,
1701 2767 1859 2802 prudentia,

1070 2814 1098 2842 in
1112 2815 1251 2842 latioribus
1265 2816 1431 2847 constantia,
1443 2820 1572 2849 tanquam
1596 2813 1746 2842 materialis
1768 2818 1860 2842 osten-

1070 2860 1110 2887 dit
1125 2860 1235 2887 virtutis
1250 2868 1306 2888 sute
1322 2860 1407 2887 robur
1426 2863 1558 2894 quantum
1576 2859 1612 2886 sit
1630 2859 1664 2886 ad
1681 2866 1800 2894 pugnam
1813 2866 1864 2894 ap-

1073 2911 1142 2933 tum.
1166 2905 1200 2934 Ut
1217 2907 1243 2934 in
1275 2906 1376 2942 prteliis
1404 2907 1546 2942 gigantum
1575 2910 1602 2933 et
1631 2905 1773 2935 Titanum.
1808 2909 1863 2933 stat
