2082 3157
246 156 295 188 9η

243 215 349 251 Κρατεῖ
363 213 424 240 καθ’
439 213 528 241 αὐτῶν
545 212 593 239 καὶ
607 212 686 247 χορδς
700 210 756 238 τῶν
767 210 902 247 ἀστέρων.

243 260 338 288 Ταῦτα
350 259 458 294 βλέπων
473 258 579 292 καθῆκε
592 256 690 288 κάλλος
710 256 820 292 ὑψόθεν,

242 307 264 333 Τ
266 307 299 337 ἀς
315 305 416 340 ἀρετὰς
430 303 562 330 κάλλιστα
574 303 635 334 ταῖς
650 302 738 334 νίκαις
755 303 873 337 στέφων.

449 360 484 396 η’.
501 360 555 392 Εἲς
573 362 642 386 τινα
658 360 821 394 μουσικόν.

248 418 362 454 Ὀρφεύς
375 426 416 448 τις
429 416 446 451 ἢ
462 415 589 451 Θάμυρις
605 415 622 450 ἢ
643 416 690 442 καὶ
701 415 824 451 Κινύρας

243 463 372 496 Ἔθελγον
385 462 468 497 ᾠδαῖς
479 461 586 496 δένδρα,
601 460 689 494 θῆρας
705 461 754 486 καὶ
770 460 862 491 λίθους
873 467 881 475 ·

240 509 301 535 Τῶν
314 508 369 534 σῶν
386 507 413 533 δὲ
427 507 553 540 τερπνῶν
568 505 696 541 ἐμμελῶν
708 506 887 540 λιγυσμάτων

241 554 388 580 ’Ἱθελκτον
405 552 492 584 οὐδὲν,
508 552 576 578 ἀλλὰ
593 552 641 578 καὶ
657 551 822 582 θαλασσίους
836 570 838 572 τ

239 600 358 635 Πέτρας,
373 599 444 625 δοκῶ
460 607 517 634 μοι,
533 597 581 624 καὶ
597 597 736 624 θάλασσαν
753 597 854 631 ἀγρίαν

239 647 329 681 Αὐτὴν
343 644 540 675 κατευνάζουσι
552 643 599 670 καὶ
614 643 705 669 πνοῶν
721 641 794 677 βίας.

244 691 326 725 Ὁρᾷς
338 690 392 724 γὰρ
407 689 444 720 ὡς
459 689 576 721 ἤκουσεν
589 687 671 719 εὐθὺς
682 686 729 713 τοῦ
745 686 856 721 μέλους.

238 734 325 761 Παύει
342 734 391 769 μὲν
404 734 487 768 αἰθὴρ
501 734 658 768 συστροφὰς
669 732 840 764 ἀντιπνόους,

240 781 354 815 Ῥήσσει
369 779 398 806 δὲ
411 779 518 810 πυκνὰς
532 779 585 805 τῶν
598 778 688 812 νεφῶν
704 779 888 808 ἀντιστάσεις.

239 826 311 860 Ὅρα
322 825 361 856 δὲ,
379 824 491 859 φαιδρὸν
504 823 643 858 προσγελᾷ
658 823 708 858 τὴν
720 822 829 858 αἰθρίαν
838 830 846 838 ι

238 871 322 898 Κάτω
336 870 365 897 δὲ
375 870 423 897 καὶ
438 870 560 897 θάλασσα
574 869 780 905 κυματουμένη,
805 862 808 868 ⁷

235 915 427 948 Ἰ-ῖξυπτιοῦται
442 915 490 941 νῦν
505 915 744 950 κατεστορεσμένη
755 923 763 930 ι

235 962 292 997 Τὴν
310 960 388 996 ὕϐριν
401 959 560 992 ἐξέπτυσεν,
573 960 610 992 ὡς
624 961 722 995 φονεὺς
739 960 815 995 ξίφος

236 1007 369 1042 Ἴ⁴ἷρῤιψεν
384 1006 426 1038 εἰς
442 1006 505 1041 γῆν,
518 1006 573 1032 πᾶν
589 1006 746 1039 κατηύνασε
762 1006 862 1041 θράσος
875 1017 883 1024 -

235 1053 376 1079 Δείσταται
390 1051 525 1087 χαίρουσα
537 1052 606 1086 πρὸς
616 1052 646 1077 τὸ
664 1051 710 1077 σὺν
727 1051 818 1086 μέλος.

234 1099 305 1134 Γελᾷ
316 1099 437 1134 γαλήνην
451 1106 458 1113 ·
473 1098 556 1130 λεῖον,
569 1098 620 1133 ἡδὺ
634 1097 813 1132 προσϐλέπει.

236 1145 400 1179 Σκαίρουσιν
418 1143 494 1178 ἰχθῦς
505 1150 512 1157 ·
529 1143 676 1178 προσ-λαλεῖ
688 1152 729 1169 σοι
745 1143 784 1178 τῷ
799 1143 874 1178 μέλει

234 1189 350 1223 (ιιλῳδδς
366 1189 534 1224 ἀντίμολπον
548 1188 656 1215 ἀλκυὼν
673 1189 753 1223 μέλος
763 1197 770 1204 ·

235 1233 332 1268 Δελφὶς
347 1233 487 1268 παρατιλεί
500 1233 547 1259 καὶ
565 1233 694 1267 περιπλεί
707 1233 756 1268 τὴν
770 1232 866 1268 λύραν.

234 1279 340 1314 Σκάρος
353 1278 381 1305 δὲ
395 1279 490 1312 φωνεῖ,
508 1278 656 1313 προτρέχει
667 1278 695 1305 δὲ
711 1279 847 1310 ναυτίλος·

235 1323 374 1359 Προσπλεῖ
389 1324 417 1350 δὲ
431 1325 530 1359 μικρὸν
544 1324 592 1350 καὶ
609 1324 769 1359 προπέμπει
782 1325 929 1360 πομπίλος.

247 1369 309 1396 Αλλ’
323 1369 459 1397 ὲνδέδοικα
474 1370 515 1405 μὴ
527 1369 657 1404 χορεῦσαι
670 1369 738 1404 πρὸς
753 1370 844 1405 μέλος,

231 1417 287 1443 Καὶ
301 1416 350 1452 τὴν
365 1415 501 1450 φέρουσαν
516 1416 604 1442 πάντα
624 1415 720 1448 θέλξας
734 1416 846 1449 ὁλκάδα,

234 1463 308 1489 Ἃνω
319 1462 395 1489 κάτω
406 1462 440 1489 τὰ
454 1463 543 1489 πάντα
556 1462 711 1498 συστρέψῃς
726 1462 783 1498 βίᾳ,

233 1509 269 1535 Ἦ
280 1509 327 1536 καὶ
343 1509 411 1545 πρὸς
425 1509 510 1544 αὐτὴν
521 1508 618 1544 θῆρας,
632 1508 733 1544 ὕρνεις,
751 1508 848 1544 ἰχθύας

232 1554 324 1590 nqu
339 1554 420 1590 βιάστ·
436 1555 485 1582 καὶ
497 1555 681 1591 κατασπάσῃς
693 1555 782 1583 κάτω.

231 1647 327 1671 contra
343 1643 404 1670 illos
418 1642 562 1670 stellarum
577 1641 724 1670 multitudo
739 1651 746 1669 :
763 1642 821 1669 haec
835 1642 945 1670 intuens
960 1642 1023 1678 pul-

231 1689 413 1716 chritudinem
437 1697 452 1715 e
467 1688 595 1723 supernis
610 1689 763 1721 arcessivit,
778 1689 895 1717 virtutes
921 1689 1024 1724 Optime

231 1734 353 1762 victoriis
362 1742 511 1762 coronans.

430 1789 457 1817 8.
473 1788 506 1816 In
519 1790 650 1817 musicum
664 1791 816 1825 quemdam.

266 1844 392 1880 Orpheus
407 1845 519 1880 quidam
534 1844 575 1872 vel
585 1845 730 1880 Thamyris
741 1845 782 1872 vel
796 1845 913 1881 Cinyras
925 1845 1020 1873 incan-

228 1892 323 1918 tabant
334 1891 457 1924 arbores,
472 1891 544 1918 feras
555 1895 582 1918 et
596 1898 662 1918 saxa
687 1891 823 1918 cantibus.
840 1890 906 1918 Tuis
927 1896 1019 1918 autem

229 1937 361 1964 suavibus
381 1935 507 1963 melodiis
525 1936 594 1963 nihil
608 1936 680 1970 quod
703 1943 756 1963 nou
773 1936 942 1963 inmutatum
964 1937 1018 1969 sit;

228 1982 274 2009 sed
290 1985 317 2008 et
334 1982 439 2008 marina
449 1988 526 2013 saxa,
540 1985 569 2008 ut
586 1980 653 2008 mihi
671 1981 789 2013 videtur,
808 1985 836 2007 et
851 1988 954 2008 saevum
977 1981 1020 2016 ip-

227 2035 290 2055 sum
305 2035 381 2055 mare
399 2031 427 2054 et
443 2032 588 2054 ventorum
602 2027 659 2054 vim
673 2026 782 2055 sedant.
801 2026 881 2054 Vides
892 2027 965 2054 enim
991 2032 1021 2055 ut

229 2071 320 2099 statim
339 2072 493 2099 audiverim
507 2071 665 2099 melodiam.
683 2071 762 2099 Sistit
777 2072 864 2099 aether
874 2076 1019 2100 ventorum

228 2117 382 2144 contrarios
398 2118 527 2152 impetus,
547 2116 708 2152 comprimit
720 2117 833 2145 nubium
844 2123 944 2152 opacas
958 2125 1018 2145 mo-

229 2164 283 2196 les;
297 2163 405 2191 videtur
418 2162 587 2195 lux,arridet
616 2163 752 2191 serenitas
769 2172 777 2191 :
793 2163 924 2191 deorsum
945 2170 1015 2198 quo-

227 2216 281 2243 que
296 2215 372 2235 mare
394 2215 525 2242 spumans
542 2215 614 2235 nunc
634 2208 726 2235 sedata
755 2207 922 2240 inclinatur;
945 2206 1017 2242 inju-

227 2255 297 2280 riam
315 2253 449 2286 exi-ussit,
461 2260 545 2287 quam
558 2257 589 2279 ut
616 2253 784 2280 homicidum
806 2259 900 2280 ensem
917 2251 943 2278 in
966 2255 1019 2278 ter-

227 2307 287 2326 ram
300 2299 433 2330 mittebat,
449 2306 558 2325 omnem
575 2298 718 2325 audaciam
736 2298 875 2333 placavit;
895 2302 1017 2331 apertum

229 2349 271 2372 est
286 2345 408 2380 gaudens
424 2345 457 2371 ad
472 2349 547 2371 tuam
573 2344 718 2371 melodiam
737 2352 744 2371 :
763 2343 910 2371 serenitate
937 2344 1016 2375 ridet,

226 2389 375 2424 tranquillo
399 2394 426 2416 et
448 2389 572 2424 jucunde
597 2394 720 2424 aspectu.
736 2387 830 2416 Pisces
859 2387 1015 2420 exsultant;

225 2434 374 2470 respondet
400 2439 452 2461 tua»
476 2434 601 2462 melodis:
630 2438 760 2461 cantuum
781 2434 888 2462 amicus
924 2434 1019 2469 alcyon
1036 2470 1043 2474 .

226 2483 332 2509 alterna
344 2481 477 2514 melodia;
493 2481 641 2515 delphinus
660 2481 737 2516 juxta
753 2481 838 2516 lyram
860 2485 887 2508 et
913 2480 1017 2507 circum

225 2529 311 2564 lyram
346 2532 436 2559 natat;
455 2535 552 2555 scarus
581 2532 672 2554 autent
699 2527 782 2560 canit,
809 2527 927 2554 naulilus
952 2533 1017 2553 vero

225 2574 387 2610 prmcurrit;
421 2574 557 2608 pompilus
582 2573 694 2600 adnatat
723 2573 805 2607 paulo
824 2577 852 2599 et
876 2572 1013 2607 praeedit.

226 2621 278 2648 Sed
296 2620 381 2648 timeo
397 2627 430 2647 ne
441 2619 475 2646 ad
489 2619 645 2647 saltandum
678 2626 742 2647 cum
772 2618 890 2646 mclodia
918 2625 1014 2653 geren-

224 2671 278 2694 tem
300 2666 392 2694 omnia
411 2673 506 2693 navem
533 2665 686 2699 iucantans,
719 2665 854 2700 susdeque
869 2665 961 2692 omnia
986 2664 1013 2691 vi

223 2713 377 2747 perturbes,
395 2717 443 2739 aut
453 2712 488 2739 ad
506 2712 580 2739 illam
600 2712 683 2743 feras,
704 2720 779 2744 aves,
800 2712 889 2746 pisces
916 2718 1012 2738 ascen-

222 2759 287 2786 dere
309 2765 393 2793 cogas
415 2763 442 2786 et
475 2758 669 2790 attrahas,aut
681 2758 714 2786 ad
729 2765 796 2786 saxa
822 2757 933 2786 tendant
944 2765 1012 2785 nau-

257 2845 280 2861 "
294 2844 375 2873 Nulla
393 2850 435 2873 est
447 2846 543 2874 divisio
559 2846 586 2873 in
602 2846 663 2873 cod.

882 153 1043 185 ΙΟΛΝΝΙς
1060 153 1276 185 GEOMETR/E

1049 215 1071 243 Α
1089 211 1123 237 Ἦ
1141 211 1188 238 καὶ
1202 210 1325 247 τραπῶσι
1337 209 1405 246 πρὸς
1416 209 1509 242 λίθους
1519 210 1543 237 οἱ
1557 209 1676 236 ναυτίλοι
1689 216 1697 224 ·

1821 151 1874 184 91⁸2

1087 258 1121 284 Ἦ
1135 258 1225 284 πάντα
1241 256 1354 292 μᾶλλον,
1367 257 1392 283 εί
1404 256 1438 283 τὰ
1457 257 1594 292 Σειρήνων
1605 255 1704 288 θέλοις.

1088 304 1190 338 ’Ἄμφω
1205 303 1259 337 γὰρ
1271 303 1354 335 αὐτὸς
1365 303 1412 330 καὶ
1431 302 1521 333 λίθους
1535 301 1712 337 κινουμένους

1092 348 1137 379 Ὧς
1149 347 1285 382 ἐμπνύους
1299 347 1429 380 δείκνυσι,
1443 347 1489 374 καὶ
1508 347 1571 377 τοὺς
1586 346 1721 380 ὲμπνόους

1086 393 1140 426 οὒς
1151 394 1185 420 ἂν
1199 393 1327 428 θελήσῃς,
1338 392 1408 428 πρὸς
1423 392 1513 424 λίθους
1528 391 1719 427 πηγνυμένους
1736 391 1767 419 ’⁸.

1463 449 1485 476 θι

1084 507 1120 534 Τί
1132 507 1212 534 τοῦτο
1225 507 1324 539 κάλλος
1337 515 1345 539 ς
1359 507 1402 539 τίς
1415 506 1496 533 πάλιν
1510 507 1590 542 καινὴ
1606 506 1713 538 κτίσις;

1086 555 1121 581 ’Ἡ
1135 555 1176 586 τίς
1189 554 1289 589 μετῆξε
1302 554 1352 589 τῆς
1363 554 1444 588 Ἐδὲμ
1457 553 1487 580 τὸ
1499 553 1598 589 χωρίον
1609 561 1616 586 ;

1084 600 1142 627 Οὐκ
1153 600 1250 635 ἀρεταὶ
1263 601 1324 635 γῆς,
1340 599 1409 627 ἀλλὰ
1420 599 1530 626 πάντων
1546 599 1715 633 κτισμάτων,

1083 646 1217 680 Συνῆλθον
1230 642 1292 672 ὧδε.
1304 645 1456 679 Μέμφομαι
1471 645 1518 671 καὶ
1535 646 1568 680 τῇ
1585 644 1674 678 φύσει.

1083 689 1116 716 Τί
1130 698 1175 724 μοι
1187 689 1241 724 γὰρ
1255 689 1419 724 ἀρκέσουσιν
1432 689 1566 724 ὀφθαλμοὶ
1581 689 1638 722 δύο,

1082 735 1176 769 Κάλλη
1192 734 1310 761 τοσαῦτα
1321 734 1459 769 πανταχοῦ
1473 733 1647 769 περιϐλέπειν
1658 742 1667 766 ;

1083 780 1115 806 Τί
1131 789 1177 815 μοι
1189 780 1217 807 δὲ
1233 780 1280 807 καὶ
1295 780 1367 812 νοῦς,
1379 781 1426 807 καὶ
1439 779 1559 814 γλῶττα,
1572 779 1619 805 καὶ
1631 779 1707 814 φωνὴ
1721 780 1773 814 μία

1083 826 1178 861 Πλήθη
1192 825 1311 852 τοσαῦτα
1323 825 1470 860 θαυμάτων
1484 826 1564 856 νοεῖν,
1583 825 1690 859 λέγεινς

1082 872 1184 906 Χρόνος
1199 871 1227 897 δὲ
1241 872 1317 902 ποῖος
1334 871 1442 907 ἡμέρας
1460 871 1633 906 περιτρέχειν

1083 919 1156 943 ’Δνω
1173 918 1249 943 κάτω
1265 917 1299 943 τὰ
1314 917 1403 944 πάντα
1415 917 1463 943 καὶ
1480 917 1681 952 περιγράφειν;

1081 962 1165 989 Κάτω
1179 962 1229 997 μὲν
1243 963 1259 997 ἡ
1275 962 1312 997 γῆ
1326 962 1469 996 νυμφικῶς
1486 962 1649 998 ἐσταλμένη,

1081 1009 1136 1035 Καὶ
1155 1009 1253 1044 μικρὸν
1267 1010 1300 1036 ὲκ
1312 1009 1362 1043 γῆς
1373 1009 1467 1044 ὥσπερ
1480 1008 1546 1043 ὕψος
1559 1009 1678 1044 ἠρμένη,

1080 1055 1192 1090 Πρόεισι
1208 1055 1307 1090 φαιδρὰ
1319 1055 1403 1081 πᾶσιν
1420 1055 1613 1089 ἐξεσταλμένη.

1079 1101 1210 1134 Δάφναις,
1225 1101 1328 1134 φυτοῖς,
1342 1099 1448 1130 θαλλοῖς
1458 1108 1500 1132 τε,
1513 1099 1636 1132 θάμνοις,
1653 1099 1800 1134 ἀμπέλοις,

1079 1147 1200 1179 Κιττοῖς,
1215 1145 1376 1181 κορύμϐοις,
1391 1147 1513 1180 δένδρεσι
1529 1145 1730 1180 καρποτρόφοις
1743 1153 1749 1160 ·

1079 1193 1181 1228 Πηγαὶ,
1198 1193 1281 1224 σκιαὶ,
1294 1192 1418 1225 δόνακες,
1433 1192 1514 1226 ἄλση,
1527 1191 1645 1222 λιϐάδες,

1078 1240 1157 1269 Πόαι.
1171 1238 1264 1273 νομαὶ,
1278 1238 1432 1274 φάραγγες,
1448 1237 1544 1273 ἄκραι,
1560 1237 1695 1267 κοιλάδες,

1077 1284 1224 1320 Δρυμῶνες
1243 1284 1260 1319 ἢ
1275 1284 1419 1319 λειμῶνες,
1434 1284 1521 1318 ἄντρα
1537 1283 1582 1309 καὶ
1594 1283 1693 1313 νάπαι,

1079 1330 1164 1364 Ἀνθη
1179 1329 1214 1356 τὰ
1228 1329 1327 1362 πάντα,
1339 1330 1430 1356 πάντα
1442 1329 1539 1364 κάλλη,
1550 1329 1606 1355 πᾶν
1618 1327 1718 1364 μῦρον,

1077 1375 1135 1400 Πᾶν
1149 1375 1259 1410 χρῶμα,
1277 1373 1386 1409 βύσσος,
1403 1373 1543 1409 πορφύρα,
1561 1374 1672 1409 χρυσὸς,
1685 1373 1768 1407 γάλα.

1084 1419 1234 1452 Ῥοδωνιαὶ,
1250 1421 1394 1455 κρινῶνες,
1408 1420 1535 1455 ὀδμητῶν
1549 1419 1609 1450 των,

1076 1465 1260 1501 Χρυσάνθεον,
1277 1466 1423 1501 νάρκισσος
1439 1466 1503 1501 ἡδὺς
1522 1465 1569 1492 καὶ
1583 1465 1694 1500 κρόκος,

1082 1512 1111 1538 '0
1129 1511 1305 1547 πορφυρίζων
1320 1511 1447 1543 ὑάκινθος
1462 1511 1555 1546 ἡδίων,

1038 1565 1061 1596 c
1082 1556 1112 1583 '0
1124 1556 1154 1583 δὲ
1168 1555 1303 1591 φλογίζων
1317 1556 1538 1592 ἐκπρεπέστερος
1551 1555 1642 1583 πλέον.

1076 1643 1127 1674 tili,
1141 1643 1276 1670 autetiam
1287 1642 1386 1677 magis,
1398 1642 1421 1670 si
1433 1642 1545 1670 Sirenes
1555 1641 1656 1670 imitari
1663 1642 1740 1670 velis.
1750 1641 1866 1670 Utrum—

1073 1697 1127 1722 quc
1143 1689 1215 1716 enim
1231 1690 1289 1723 ipse
1307 1694 1335 1716 et
1351 1689 1451 1723 agitata
1466 1696 1532 1715 saxa
1548 1689 1628 1723 quasi
1653 1689 1803 1716 animantia
1816 1696 1864 1717 os-

1075 1731 1173 1764 trndis,
1190 1732 1388 1765 etauimantia,
1402 1740 1464 1768 qua:
1478 1733 1609 1766 volueris,
1625 1733 1700 1761 suis
1711 1733 1863 1761 adhaerere.

1455 1789 1482 1816 9.

1105 1844 1174 1877 Quis
1183 1849 1226 1871 est
1237 1844 1288 1872 istc
1297 1844 1379 1872 decor
1389 1844 1402 1871 ἲ
1416 1852 1477 1879 qua:
1485 1851 1554 1871 nova
1568 1845 1667 1872 iterum
1677 1844 1802 1873 ereatio?
1814 1849 1863 1872 aut

1070 1890 1131 1924 quis
1148 1890 1200 1917 huc
1228 1891 1372 1918 transtulit
1395 1890 1495 1917 Edeuis
1510 1890 1622 1917 sedem?
1637 1890 1696 1917 Non
1714 1895 1793 1917 terra:
1805 1890 1861 1917 vir-

1070 1941 1151 1968 tutes,
1170 1936 1217 1963 sed
1233 1937 1356 1963 omnium
1370 1942 1559 1963 creaturarum
1577 1937 1629 1963 huc
1654 1941 1860 1967 convenerunt:

1070 1985 1098 2008 et
1113 1985 1238 2007 naturam
1254 1981 1362 2008 incuso.
1378 1980 1524 2013 Quomodo
1536 1981 1609 2007 enim
1640 1981 1708 2007 mihi
1727 1980 1861 2008 suﬂicient

1071 2025 1142 2053 oculi
1155 2026 1221 2058 duo,
1239 2025 1272 2053 ad
1285 2025 1565 2060 circumspiciendum
1578 2026 1679 2060 ubique
1694 2030 1784 2052 tantas
1799 2026 1861 2060 pul-

1065 2071 1237 2099 chriludines
1248 2072 1260 2098 .’
1273 2071 1410 2106 quomodo
1425 2071 1490 2098 mihi
1508 2079 1595 2104 mens,
1616 2071 1718 2106 lingua.
1733 2079 1784 2098 vox
1795 2079 1860 2104 una.

1065 2117 1252 2152 prodigiorum
1279 2123 1382 2144 tantam
1410 2117 1612 2145 multitudinem
1635 2117 1668 2144 ad
1684 2117 1859 2153 cogitandum

1069 2164 1111 2190 vel
1135 2162 1281 2190 dico-udum
1294 2163 1306 2189 ?
1319 2161 1390 2195 Quid
1401 2167 1444 2189 est
1458 2162 1510 2189 diei
1526 2166 1633 2196 tempus
1648 2162 1681 2189 ad
1695 2169 1858 2197 percurren-

1070 2209 1135 2236 dum
1148 2209 1240 2236 omnia
1253 2214 1280 2236 et
1291 2208 1324 2235 ad
1336 2208 1562 2242 describendum?
1576 2207 1648 2235 infra
1658 2208 1730 2235 cnim
1743 2208 1859 2235 tellnsut

1070 2261 1171 2289 sponsa
1194 2258 1302 2286 ornata,
1316 2259 1344 2281 et
1369 2253 1512 2289 paululum
1535 2261 1551 2280 a
1580 2257 1654 2280 terra
1679 2253 1754 2280 velut
1776 2243 1858 2281 collis

1069 2299 1202 2332 elevatus,
1244 2300 1335 2334 prodit
1373 2299 1517 2334 splendide
1557 2298 1687 2326 omnibus
1726 2298 1857 2325 adornata

1069 2345 1164 2378 lauris,
1191 2345 1301 2380 plantis,
1332 2345 1428 2377 ramis,
1452 2345 1585 2377 arbustis,
1605 2343 1704 2376 vineis,
1736 2343 1856 2376 hederis,

1067 2392 1215 2427 corymbis,
1238 2391 1384 2419 arboribus
1409 2390 1577 2426 frugiferis:
1606 2390 1709 2421 fontes,
1738 2389 1855 2420 umbrae.

1070 2438 1180 2471 calami,
1210 2438 1275 2471 luci,
1297 2444 1432 2472 aquarum
1458 2437 1561 2471 jactus,
1589 2436 1724 2470 gramina,
1743 2443 1857 2469 pascua.

1069 2484 1199 2520 gurgites,
1217 2484 1310 2517 colles,
1335 2484 1430 2516 valles,
1454 2483 1538 2518 sylvas
1553 2487 1601 2509 aut
1617 2487 1708 2516 prata,
1724 2486 1803 2508 antra
1830 2486 1858 2508 et

1069 2537 1192 2563 nemora,
1218 2529 1353 2564 ﬂoresque
1375 2536 1483 2561 omnes,
1504 2535 1601 2555 omnes
1628 2526 1855 2562 pulchritudines,

1065 2583 1161 2603 omnes
1179 2576 1289 2608 odores,
1303 2582 1398 2603 omnes
1405 2575 1522 2607 colores,
1540 2574 1679 2609 hyssinus,
1689 2579 1854 2608 purpureus,

1067 2629 1180 2656 aurem,
1195 2622 1319 2654 lacteus;
1341 2621 1457 2652 rosaria,
1477 2619 1532 2647 lilia
1548 2619 1730 2647 odorantibus
1743 2618 1855 2653 jaculis,

1067 2668 1291 2701 chrysantheum,
1309 2667 1449 2695 narcissus
1465 2666 1606 2702 jucundus
1628 2669 1656 2693 et
1666 2672 1775 2696 crocus,
1785 2665 1855 2700 hya-

1054 2714 1175 2749 lcinthus
1198 2721 1352 2748 purpureus
1369 2712 1527 2748 jucundior,
1543 2716 1571 2740 et
1585 2711 1729 2739 ﬂammeus
1743 2711 1857 2746 conspi-

1066 2767 1135 2788 cuus
1146 2760 1244 2795 magis.
1259 2758 1332 2787 Nihil
1340 2759 1590 2794 abesteorum;qua:
1597 2758 1695 2787 adesse
1701 2757 1856 2791 satiusest;
