2082 3157
198 188 254 220 913

203 245 335 270 ’Δπεστιν
350 243 437 275 οὐδὲν,
451 238 489 270 ὦν
503 250 631 277 παρειναι
646 241 759 277 βέλτιον,

202 290 338 324 Πάρεστιν
352 288 429 315 οὐδὲν
445 285 485 315 ὧν
499 289 626 323 παρεῖναι
642 288 664 305 ¹⁸
682 288 830 323 συμφέρον.

201 336 242 362 Τὰ
254 334 359 370 ῥεῖθρα,
375 336 440 361 ποῖα
455 334 550 369 ῥεῖθρα
562 335 618 361 τῶν
630 334 717 368 λόγων
730 335 829 369 φράσοι
840 342 848 366 ;

202 380 312 414 Χρυσᾶ,
327 379 422 414 διειδῆ,
436 378 542 419 ψυχρζ
556 379 656 413 κοῦφα,
671 379 767 414 μυρία,

204 425 273 451 Μέλι
290 425 395 459 πέτρας
411 425 518 458 ῥέοντα,
536 424 646 458 τερπνῷ
660 424 709 450 σὺν
726 423 813 458 μέλει.

205 472 239 496 “ll
253 471 353 504 λουτρὰ
369 470 455 497 ταῦτα
465 470 520 496 τῶν
537 470 666 505 χαρίτων,
679 469 717 501 ὡς
733 469 824 503 λόγος,

204 518 238 543 Ἥ
253 517 354 552 μᾶλλον
365 516 435 543 αὐτὰ
449 516 497 543 καὶ
508 517 618 551 χάριτες
632 516 673 547 εἰς
688 516 776 551 χύσιν.

204 564 243 589 Οὐ
259 564 335 598 τρεῖς
347 564 456 598 ῥέουσαι
475 562 586 597 μᾶλλον,
602 561 670 590 ἀλλὰ
685 562 791 598 μυρίαι.

206 609 241 634 Ἢ
253 608 388 643 τέσσαρες
406 607 513 643 ῥέοντες
525 607 555 640 ἐξ
566 607 648 642 Ἑδὲμ
660 607 744 634 πάλαι

206 656 325 691 Κρουνοὶ
342 655 553 691 καταρδεὺουσιν
565 655 646 690 Ἐδὲμ
660 655 710 690 τὴν
724 655 798 682 νέαν.

207 701 327 736 Κρῆναι,
340 701 444 736 λῖμναι,
461 701 553 737 τέχναι
572 701 600 727 δὲ
614 701 717 727 τούτων
732 701 826 736 μυρίαι

207 746 263 778 Τὰς
280 747 376 781 ἡδονὰς
389 746 515 781 βλύζουσι
530 746 583 772 τῶν
599 746 715 781 ῥείθρων
730 746 822 773 πλέον.

206 792 339 826 Θέλγουσι
352 791 441 819 ταῦτα
457 792 503 818 καὶ
516 791 608 823 λίθους
619 791 667 818 καὶ
679 791 773 826 θηρία,

214 839 296 874 Ὁρᾷς
308 839 343 865 τὰ
360 837 462 873 πλήθη,
477 837 575 872 θῆρας,
590 838 691 872 ὄρνεις,
711 837 804 872 ίχοὺας
817 846 826 870 ς

209 883 287 910 Ama?)
302 883 414 910 λιπόντα
431 884 519 910 πάντα
535 881 581 909 τοῦ
599 883 703 918 κόσμου
716 883 799 909 τόπον

213 929 260 960 Ὠς
279 926 354 955 οἷκον
367 926 446 963 εὖρον
457 928 547 954 κοινὸν
563 924 614 954 ὦδε
627 928 673 953 τὸν
689 929 783 960 τόπον,

211 976 248 1001 ἺΙ
266 975 335 1010 πρὸς
350 974 380 1001 τδ
392 975 489 1006 κάλλος
503 974 693 1009 συνδραμόντα
706 975 850 1006 δεσπότου,

215 1019 260 1051 Ὦς
274 1019 342 1054 πρὸς
358 1019 439 1055 μέλος
452 1019 564 1054 μένουσι
576 1019 607 1045 τὸ
623 1019 687 1053 πρὶν
709 1020 840 1054 Ὀρφέως.

211 1064 349 1099 "Meneni,
369 1064 538 1099 ἀντᾴδουσιν,
558 1063 659 1098 ἀηδὼν,
675 1064 784 1096 κύκνος,

210 1108 316 1141 Τέττιξ,
333 1109 455 1144 χελιδών.
477 1109 509 1136 Ἦ
524 1108 637 1144 τρυγὼν
653 1110 748 1144 τρύζει
767 1110 850 1144 μέγα,

211 1155 310 1190 Πέρδιξ
326 1154 444 1187 κελαδεῖ,
461 1154 658 1190 λαμπροφωνεῖ
675 1154 816 1190 στρουθία,

212 1200 298 1232 ΙΙίτυς
314 1200 430 1235 μελίζει,
443 1200 550 1236 ῥεῖθρον
565 1201 627 1236 ἠχεῖ
639 1201 799 1236 βλυστάνον,

212 1246 312 1281 Τρέχει
327 1246 429 1280 λαγὼς,
447 1246 579 1282 σκιρτῶσι
597 1247 689 1281 θῆρες,
705 1247 845 1282 δορκάδες,

213 1291 311 1327 Χαίρει
328 1292 364 1318 τὰ
381 1292 483 1324 πάντα,
495 1292 584 1319 πάντα
596 1293 652 1320 τῶν
667 1293 778 1328 μουσῶν
793 1295 862 1328 γένη

213 1335 330 1370 Τέρπει,
347 1336 380 1363 τὰ
395 1337 486 1363 πάντα
499 1337 642 1371 τέρπεται,
660 1337 699 1372 τῷ
716 1338 834 1374 δεσπότῃ

214 1381 320 1408 Μέλπει
340 1382 373 1408 τὰ
384 1383 473 1409 πάντα
484 1383 543 1414 καὶ,
561 1383 642 1415 δοκῶ,
657 1384 702 1410 τὸν
712 1384 856 1420 δεσπότην.

216 1426 270 1454 1Ιοῦ
287 1427 469 1462 Πραξιτέλους
481 1427 549 1463 ἔργα
563 1437 570 1459 ;
586 1428 638 1454 ποῦ
658 1429 686 1454 δὲ
701 1430 806 1455 Φειδίου
820 1439 827 1463 ;

217 1473 271 1498 Ι-ζαὶ
284 1472 335 1499 ποῦ
352 1473 496 1500 Λυσίππου
508 1482 515 1506 ;
534 1474 586 1499 ποῦ
599 1473 627 1499 δὲ
642 1474 689 1500 καὶ
702 1474 883 1502 Πολυκλείτου
897 1498 905 1510 ,

215 1519 298 1552 Λέφει
312 1517 346 1544 τὰ
361 1517 468 1552 γλυπτὰ
483 1517 570 1545 ταῦτα
581 1526 589 1534 ⁸
603 1519 651 1545 καὶ
668 1518 722 1553 γὰρ
735 1520 780 1545 καὶ
793 1519 861 1546 λάλα
873 1527 880 1535 ·

217 1563 276 1591 Κᾶν
294 1564 332 1600 μὴ
346 1564 390 1591 λά)
396 1573 424 1598 α,
436 1565 569 1601 κράζουσι
583 1567 644 1597 ταῖς
658 1566 766 1602 τέχναις
777 1566 863 1601 ὅμως.

849 187 892 217 C.\
898 187 965 216 RM!
973 186 1022 216 NA
1038 185 1163 216 νΑΙιιρς.

1004 243 1027 272 Λ
1043 240 1120 272 Τίνος
1133 240 1187 275 γάρ
1203 239 1282 266 ἄλλου
1297 238 1383 266 ταῦτα
1396 248 1404 272 ;
1420 238 1460 270 τίς
1477 238 1561 273 πνοὴν
1574 238 1672 273 γλύφει

1778 178 1828 208 τοι

1043 287 1090 318 Τίς
1106 286 1198 321 σχῆμα
1213 286 1261 312 καὶ
1275 285 1316 317 τίς
1328 283 1394 321 ἦθος
1410 285 1426 320 ἢ
1438 285 1479 316 τίς
1492 284 1540 311 καὶ
1556 284 1653 319 λόγους

1042 333 1095 358 ἰ’ὺν
1108 332 1180 358 ἐνδον
1199 329 1246 367 ᾄδε
1260 332 1371 366 κόσμον,
1386 331 1447 357 ἐλθὲ
1462 331 1531 366 πρὸς
1546 330 1645 365 δόμους
1657 337 1665 345 ·

1043 378 1092 410 Τίς
1106 377 1241 412 Βεσελεὴλ
1257 377 1425 412 δημιουργὸς
1439 376 1494 403 τῶν
1511 376 1622 411 δόμων;

1046 425 1077 450 Ὢ
1091 424 1181 459 χειρδς
1200 424 1279 459 ἔργα,
1294 422 1396 459 χειρὸς,
1413 423 1471 449 ἀλλ’
1488 422 1558 457 ὑπὲρ
1574 422 1695 457 τέχνηνί

1044 471 1078 496 *Ω
1092 469 1138 496 νοῦ
1153 469 1206 505 πρὸ
1219 469 1340 500 πάντων,
1354 468 1399 495 νοῦ
1415 468 1483 495 νόων
1499 468 1663 503 ὑπερτέρου,

1046 516 1102 543 Νοῦ
1116 515 1294 551 κοσμοποιοί
1306 514 1353 542 νοῦ
1366 514 1582 550 βασιλικωτάτου
1597 515 1604 540 l

1048 563 1134 596 ’Δφες
1150 561 1186 588 τὰ
1195 561 1244 596 τῆς
1256 561 1320 595 γῆς,
1333 561 1382 587 καὶ
1396 560 1431 587 τὰ
1441 560 1496 588 τῶν
1511 560 1569 587 ἄνω
1585 560 1697 587 σκόπει·

1047 609 1079 634 Ὢ
1090 607 1203 642 φαιδρὸς
1214 607 1280 642 ἀὴρ,
1300 606 1399 642 μικρὸν
1413 606 1522 641 ἄφωτος
1539 605 1618 641 χύσις
1632 607 1640 633 l

1047 654 1080 679 Ὢ
1094 653 1192 688 κρᾶσις
1205 652 1302 688 ὡρῶνί
1318 652 1341 678 ὣ
1361 652 1506 687 θεαμάτων
1527 651 1640 687 βλύσιςί

1049 699 1146 733 Ὕλης.
1161 698 1270 733 τέχνης,
1284 698 1347 733 γῆς,
1361 698 1454 733 ἀέρος,
1468 698 1569 732 φωτὸς,
1588 697 1680 723 πόλου.

1049 744 1097 775 Τίς
1110 744 1236 780 Σολομὼν
1251 744 1357 780 ἤσκησε
1371 744 1451 780 τήνδε
1467 743 1516 780 τὴν
1533 744 1641 776 κτίσιν;

1049 790 1097 822 Τίς
1110 791 1158 822 τὰς
1172 789 1268 825 φύσεις
1284 789 1401 825 συνῆξεν
1415 790 1456 822 είς
1474 790 1539 825 μίαν
1554 789 1649 822 θέσιν;

1050 837 1098 868 Τίς
1108 837 1158 868 τὰς
1175 836 1273 870 φύσεις
1290 836 1392 871 μετ’ῖμξε
1407 836 1508 870 μᾶλλον
1524 836 1556 862 ὲκ
1570 836 1670 871 τέχνης
1683 857 1690 869 ,

1051 883 1135 917 Σοφὴ,
1149 882 1220 917 σοφὴ
1234 882 1317 917 φρὴν,
1332 883 1350 918 ἡ
1365 882 1502 917 βασίλειος
1519 882 1611 916 φύσις,

1050 929 1088 955 'l‘b
1101 928 1195 963 θαῦμα
1207 928 1257 963 τῆς
1272 928 1335 962 γῆς,
1350 928 1365 954 ό
1379 928 1486 962 στέφων
1506 928 1552 955 καὶ
1568 928 1599 954 τὸ
1615 928 1724 963 στέφο;,

1052 974 1166 1002 Πάντων
1179 974 1321 1010 κρατήσας
1337 973 1483 1010 βαρϐάρων
1496 973 1665 1011 τυραννίδος,

1054 1020 1163 1052 Παθῶν,
1177 1020 1317 1054 ἀναγκῶν,
1335 1020 1464 1056 γαστρὸς,
1477 1019 1574 1052 ὕπνου,
1593 1020 1756 1055 φροντίδων,

1053 1066 1135 1092 Ζώων
1147 1074 1177 1091 τε
1191 1065 1313 1097 πάντων,
1329 1065 1434 1093 ὑδάτων
1453 1066 1501 1092 καὶ
1517 1066 1632 1101 θηρίων,

1053 1113 1108 1139 Καὶ
1123 1112 1178 1138 τῶν
1195 1111 1293 1145 λόγων,
1309 1110 1357 1138 νῦν
1369 1111 1407 1144 ὡς
1423 1111 1489 1147 ὁρῶ,
1507 1112 1555 1138 καὶ
1568 1111 1623 1138 τῶν
1637 1112 1736 1147 νόμων,

1054 1158 1095 1184 Τὰ
1108 1157 1198 1184 πάντα
1213 1157 1317 1192 φαίνων
1329 1157 1406 1193 ἥλιος
1418 1158 1465 1184 καὶ
1478 1157 1621 1184 καλλύνιιιν

1056 1204 1206 1231 Κάλλιστον
1223 1203 1305 1235 αὐτός
1322 1205 1380 1230 ὲστι
1394 1203 1490 1239 χρῆμα
1502 1203 1550 1230 τοῦ
1566 1203 1635 1238 βίου.

1056 1250 1112 1277 Καὶ
1126 1250 1215 1277 πάντα
1228 1249 1313 1286 κάλλη
1333 1249 1471 1284 συλλέγων
1482 1251 1496 1276 ὁ
1509 1250 1645 1284 δεσπότης

1055 1297 1093 1323 Τὸ
1103 1298 1228 1332 κρεῖττον
1242 1296 1324 1328 αὑτός
1338 1297 1399 1322 ἐστι
1411 1296 1510 1326 κάλλος
1523 1296 1571 1322 τοῦ
1588 1296 1674 1322 τόπου

1057 1342 1162 1374 Κάλλος
1173 1342 1201 1369 δὲ
1217 1341 1319 1377 μᾶλλον
1336 1342 1449 1369 κάλλεσι
1464 1343 1522 1374 τοῖς
1539 1342 1568 1368 ἐν
1581 1341 1657 1376 τόπῳ

1057 1388 1205 1421 Λάμπουσι
1217 1386 1359 1422 λαμπτὴρ,
1371 1387 1565 1422 τερπνοτήτων
1579 1387 1741 1422 τερπνότης.

1058 1430 1160 1458 Τοῦτον
1174 1431 1245 1458 δοκῶ
1260 1440 1307 1466 μοι
1321 1431 1367 1459 τὸν
1381 1432 1464 1458 τόπον
1482 1431 1529 1458 καὶ
1543 1432 1691 1466 Φωσφόρος

1059 1477 1170 1512 Πρῶτος
1187 1476 1293 1512 βλέπων
1310 1477 1401 1511 ἵστησι
1415 1478 1461 1503 τὸν
1476 1475 1595 1512 χρυσοῦν
1609 1476 1716 1512 δίφρον.

1064 1521 1167 1548 ὐκνῶν
1180 1521 1319 1554 ἀπελθεῖν,
1337 1522 1385 1548 καὶ
1395 1523 1511 1557 δραμεῖν
1527 1522 1596 1557 πρὸς
1611 1522 1743 1557 ἑσπέραν.

1060 1567 1122 1594 Οὐδ’
1138 1567 1161 1583 ¹⁶
1175 1567 1332 1604 ἀντιλάμψῃ
1346 1567 1491 1604 δεσπότης,
1506 1567 1659 1604 ἡττημένος

215 1654 283 1681 nihil
295 1653 372 1681 adest
383 1662 478 1682 eorum
496 1662 556 1690 qua:
585 1655 681 1682 abesse
704 1654 791 1682 decet.
805 1654 899 1688 liivos,
916 1656 1006 1690 qualia
1021 1658 1043 1686 c
1061 1655 1146 1688 lebra,
1157 1656 1183 1683 in
1197 1656 1295 1684 domos
1308 1656 1460 1692 ingredere.
1470 1656 1538 1690 Quis
1550 1657 1671 1684 Bczeleel
1684 1658 1853 1686 architectus

218 1702 291 1727 rivos
308 1701 390 1728 verba
407 1701 518 1728 dicent?
535 1708 645 1734 aureos,
663 1700 801 1735 limpidos,
821 1701 946 1736 frigidos,
964 1710 1006 1728 ra«

220 1747 310 1780 pidos,
334 1755 508 1778 numerosos,
526 1748 605 1774 melle
632 1752 775 1775 manantes
801 1756 816 1776 e
840 1748 926 1781 saxis,
945 1756 1006 1775 cum

215 1793 339 1827 iucundo
354 1801 441 1826 sono;
463 1793 505 1820 vel
525 1793 620 1820 balnea
638 1794 689 1820 ista
706 1793 878 1828 Gratiarum,
897 1800 927 1821 ut
939 1795 1009 1821 diri-

216 1846 273 1871 t-n-,
286 1839 326 1867 vel
344 1839 436 1874 potius
461 1839 506 1865 illa
522 1838 624 1866 Gratim
639 1839 704 1874 ipsae
717 1840 743 1867 in
768 1840 939 1874 effusionem,
953 1849 1007 1868 non

219 1889 277 1912 tres
302 1890 408 1912 tantum
437 1885 608 1912 eil‘nndentes
643 1886 690 1913 sed
718 1885 803 1919 mille,
828 1887 869 1914 vel
891 1892 1010 1921 quatuor

219 1932 333 1958 ﬂuentes
355 1939 389 1958 ex
406 1930 478 1957 Eden
499 1930 564 1958 olim
593 1931 643 1958 rivi
666 1931 781 1966 irrigant
798 1932 870 1959 Eden
895 1940 1008 1959 novum.

222 1976 334 2008 Fontes,
349 1976 457 2008 ﬁstulae,
475 1983 548 2004 artes
564 1977 673 2009 illor_nm
690 1977 802 2004 inﬁnita:
823 1978 910 2012 magis
937 1978 1010 2005 rivo—

222 2030 281 2049 rum
295 2022 409 2050 delicias
424 2023 567 2050 ell‘undunt
583 2031 590 2049 :
607 2022 749 2049 incantant
763 2023 804 2050 vel
822 2023 893 2051 l‘eras
906 2029 932 2051 et
945 2032 1010 2051 sata

220 2068 289 2102 ipsa.
322 2067 405 2095 Vides
431 2068 656 2100 multitudinem,
679 2067 765 2100 feras,
791 2076 868 2102 aves,
896 2069 1013 2103 pisces?

220 2114 286 2140 Milli
305 2114 432 2140 videntur
448 2113 563 2148 liquisse
587 2121 697 2140 onmem
727 2114 822 2142 mundi
850 2119 967 2149 partem,
983 2119 1014 2141 ut

221 2159 258 2185 ibi
271 2160 322 2186 hoc
341 2160 401 2186 loco
417 2160 508 2186 sedem
526 2159 698 2192 invenirent;
717 2160 758 2187 vel
774 2161 806 2187 ad
830 2161 1011 2194 pulchritudi-

222 2213 285 2232 nem
300 2205 408 2233 Domini
444 2207 629 2239 concurrisse,
647 2211 677 2233 ut
700 2206 734 2233 ad
748 2211 859 2234 cantum
876 2206 940 2234 olim
965 2206 1014 2234 0r-

221 2251 284 2286 pbei
304 2251 496 2286 properabant.
511 2252 640 2285 Cantant,
663 2256 690 2279 et
707 2253 835 2279 cantibus
848 2253 1016 2287 respondent

222 2297 349 2328 luscinia,
367 2304 480 2332 cycnus,
497 2297 603 2329 cicada,
619 2297 752 2324 hirundo.
766 2296 871 2324 Turtur
896 2298 1012 2323 multum

222 2343 316 2376 gemit,
339 2328 432 2377 perdix
465 2328 599 2376 clamitat,
611 2343 695 2378 garrit
713 2351 819 2378 passer,
848 2343 933 2377 pinus
960 2343 1013 2370 mel
1031 2328 1051 2355 Ῐ)

223 2388 318 2421 stillat,
354 2388 429 2415 rivus
453 2392 628 2420 murmurat,
659 2388 736 2422 lepus
764 2389 870 2419 currit,
911 2388 1014 2415 saliunt

224 2435 298 2467 leraa,
324 2439 352 2461 ct
373 2434 467 2468 capri;
485 2435 576 2461 omnia
601 2434 730 2468 gaudent,
755 2433 847 2461 omnia
874 2441 1014 2460 musarum

224 2489 323 2516 genera
335 2482 479 2513 delectant,
490 2481 582 2508 omnia
595 2482 782 2513 delectantur;
798 2480 908 2507 domino
923 2481 1014 2507 omnia

223 2527 335 2554 (sumant
345 2531 383 2559 et,
394 2533 422 2554 ut
434 2528 543 2562 opinor,
557 2527 712 2554 dominum.
729 2526 780 2554 Ubi
794 2526 939 2554 Praxitelis
950 2533 1016 2561 ope-

225 2574 274 2602 ra?
284 2573 333 2601 Ubi
342 2573 463 2601 Phidiae?
474 2572 523 2600 Ubi
536 2573 663 2608 Lysippi?
674 2572 724 2600 Ubi
733 2573 878 2609 Polyclclis
887 2572 1016 2608 quoque?

225 2620 390 2655 Loquuntur
415 2620 508 2647 omnia
528 2620 585 2646 lrce
601 2619 755 2654 exsculpta,
772 2627 835 2646 nam
854 2623 881 2647 et
917 2619 1014 2654 loqua-

226 2666 267 2692 ria
299 2666 401 2699 etiam,
427 2671 453 2693 et
482 2666 545 2693 licet
568 2673 621 2692 non
652 2665 776 2700 loquacia
805 2665 928 2697 fuerint,
961 2669 1019 2691 arte

226 2713 347 2739 clamant
362 2717 466 2739 tamen.
494 2711 644 2746 Cujusnam
668 2711 741 2738 enim
770 2710 842 2738 alius
861 2710 919 2737 haec
935 2710 1020 2738 sunt"

227 2759 289 2793 quis
313 2759 438 2794 spiritum
454 2758 573 2793 scalpit?
586 2757 654 2789 Quis
669 2757 808 2790 vestitum,
829 2756 893 2791 quis
918 2763 1020 2788 mores,

228 2805 291 2839 quis
308 2812 460 2832 sermonem
472 2805 554 2832 etiam
564 2805 633 2831 dat?
655 2803 815 2831 lnteriorcm
832 2807 960 2831 ornatum
976 2809 1021 2831 ce-

267 2897 276 2913 ¹
302 2896 361 2925 Vid.
380 2897 431 2933 leg.
447 2894 484 2924 ὧν
498 2899 614 2925 ἀπεῖναι.
655 2899 676 2914 ¹⁶
690 2897 758 2934 Leg.
771 2896 853 2926 credo
872 2897 896 2924 εἰ
912 2896 947 2925 δ’..

1058 1703 1202 1730 domorum
1215 1703 1222 1729 !
1240 1702 1262 1730 0
1277 1711 1376 1730 manus
1386 1711 1466 1738 opus,
1483 1712 1590 1736 manus,
1604 1703 1651 1731 sed
1669 1708 1753 1730 artem
1769 1711 1853 1739 Stipe-

1059 1749 1136 1775 rans!
1154 1756 1170 1775 ο
1190 1753 1307 1776 mentem
1330 1750 1548 1783 prmsmntiorcm
1577 1749 1717 1782 omnibus,
1733 1755 1852 1777 mentem

1062 1794 1201 1822 mentibus
1212 1794 1395 1829 superiorem,
1406 1799 1526 1822 mentem
1545 1795 1721 1828 ereatricem,
1734 1804 1769 1822 in»
1779 1800 1853 1822 ntem

1060 1840 1205 1875 reginam?
1216 1841 1324 1875 Linque
1340 1840 1493 1873 terrestria,
1504 1848 1622 1876 superna
1643 1841 1765 1874 intuere;
1786 1849 1803 1868 ο
1814 1841 1841 1867 Ιιι
1850 1855 1856 1859 -

1061 1886 1152 1914 citlum
1190 1893 1293 1918 aerem,
1317 1894 1429 1921 parvam
1468 1886 1606 1913 non-lucis
1639 1886 1818 1914 clIusionem!
1839 1896 1856 1913 υ

1063 1937 1253 1967 tempestatum
1269 1933 1427 1967 temperiem
1441 1934 1447 1959 l
1465 1940 1482 1960 ο
1494 1933 1713 1967 spectaculorum
1733 1933 1854 1959 fontem!

1063 1979 1194 2010 materiae,
1205 1978 1282 2009 artis,
1290 1983 1378 2010 terrae,
1386 1979 1468 2010 acris,
1478 1978 1623 2010 lueis,c(nli
1635 1986 1641 2010 ;
1652 1978 1714 2012 quis
1724 1978 1855 2005 Salomon

1064 2023 1202 2050 ordinavit
1231 2023 1303 2050 banc
1319 2023 1508 2050 creationem?
1525 2022 1593 2055 Quis
1608 2027 1722 2050 naturas
1751 2022 1852 2050 coailu-

1066 2069 1141 2096 navit
1157 2069 1184 2095 in
1199 2076 1285 2095 unum
1308 2068 1397 2103 opus?
1413 2068 1481 2102 Quis
1501 2073 1613 2095 naturas
1639 2067 1730 2104 potius
1745 2075 1792 2101 per
1812 2076 1858 2094 ar-

1065 2119 1119 2142 tem
1145 2113 1358 2142 transmutavit?
1374 2114 1506 2149 Sapiens,
1519 2113 1631 2148 sapiens
1656 2121 1745 2144 mens,
1758 2113 1858 2148 regalis

1066 2164 1182 2193 natura,
1203 2164 1282 2186 terrae
1314 2159 1490 2191 miraculum,
1521 2165 1661 2185 coronans
1689 2161 1716 2184 et
1742 2164 1856 2188 corona,

1065 2206 1189 2233 omnium
1204 2205 1384 2233 barbarorum
1402 2205 1574 2240 tyrannidem
1589 2204 1715 2237 vincens,
1731 2204 1854 2234 dolores.

1067 2253 1259 2285 necessitates,
1288 2255 1424 2284 ventrem,
1456 2259 1596 2283 somnum,
1626 2258 1717 2283 curas,
1735 2249 1858 2277 animan-

1068 2299 1160 2333 tiaque
1177 2303 1286 2329 cuncta,
1300 2305 1386 2332 aquas
1399 2301 1425 2324 et
1440 2297 1555 2327 belluas.
1572 2301 1599 2323 et
1609 2304 1752 2324 sermones
1768 2303 1852 2329 nunc,

1068 2349 1096 2371 ut
1111 2343 1200 2376 video,
1216 2347 1243 2370 et
1257 2344 1344 2378 leges:
1357 2342 1450 2370 omnia
1464 2342 1604 2370 illustrans
1620 2342 1661 2370 sol
1673 2347 1701 2369 et
1715 2342 1858 2374 dceorans,

1067 2390 1164 2418 hicest
1185 2389 1402 2424 pulcherrimum
1423 2388 1519 2415 mumli
1551 2388 1666 2415 bonum.
1698 2386 1732 2414 Et
1762 2394 1859 2414 omnes

1067 2435 1286 2471 pulchritudines
1305 2441 1478 2470 congregans
1498 2433 1640 2465 dominus,
1657 2433 1715 2468 ipse
1734 2432 1859 2467 pulchri-

1066 2482 1131 2509 tudo
1155 2481 1274 2509 maxima
1302 2485 1344 2508 est
1381 2480 1454 2513 loci;
1476 2479 1652 2515 pulchritudo
1681 2478 1773 2513 potius
1800 2478 1860 2512 pul-

1064 2528 1266 2556 cln'itudinibus
1280 2527 1306 2555 in
1321 2527 1381 2554 loco
1396 2526 1602 2561 splendentibus
1628 2524 1801 2560 splendorem
1819 2523 1859 2548 fe-

1069 2582 1144 2607 rens,
1156 2574 1286 2601 deeorum
1298 2573 1391 2600 decor.
1409 2572 1497 2604 llunc,
1519 2577 1548 2598 ut
1564 2571 1631 2598 milii
1642 2570 1759 2602 videtur,
1769 2569 1858 2595 locum

1071 2619 1182 2647 Lucifer
1199 2618 1303 2654 primus
1322 2617 1418 2644 videns
1434 2615 1628 2643 sislitaurettm
1643 2622 1767 2645 currum,
1785 2613 1859 2640 abire

1071 2672 1206 2696 metuens,
1224 2668 1251 2692 et
1270 2664 1303 2691 ad
1334 2663 1509 2691 Occidentem
1533 2669 1655 2696 pergere.
1673 2659 1718 2686 Vix
1747 2658 1860 2686 emicuit

1069 2712 1209 2745 dominus,
1222 2711 1311 2738 victus
1332 2711 1425 2737 statim
1455 2709 1522 2742 abit,
1545 2713 1572 2736 ct
1591 2708 1655 2743 ejus
1675 2704 1858 2742 pulchritudi-

1071 2766 1134 2786 nem
1151 2765 1205 2786 non
1221 2757 1349 2785 sustinet.
