2082 3157
219 199 273 233 917

218 255 346 292 Μείλιχος
359 257 481 293 ἡδυεπὴς
496 258 589 290 πολιός
602 267 632 285 τε
647 259 719 295 χάρη
736 259 891 296 πολιόφρων

253 302 307 335 Ἦς
324 303 455 337 στέφανος
474 305 604 340 χαρίτων,
623 306 722 342 ἀγλαΐη
739 305 840 341 βιότου.

224 348 305 375 ’Λλλά
321 357 352 375 σε
366 350 461 385 τιτύρρω
475 351 605 386 πατρίδος
621 351 663 386 ἡδ’
681 352 779 387 ἀλόχου
793 352 840 379 καὶ
856 353 960 380 τέκνων

252 393 332 429 Μοῖρ’
349 394 412 430 ὀλοὴ
429 395 555 430 μερόπων
573 396 693 423 ἔσπασεν
708 399 737 429 ἐς
748 398 835 424 άῖδαν.

218 439 318 473 Χριστὲ
333 440 414 472 άναξ.
431 441 529 476 σοφίης
545 442 595 477 σῆς
611 443 683 478 ἴχνια
697 443 728 470 οὐ
742 444 888 479 μαστεύσω

257 485 354 512 Ὀστέα
367 486 390 512 δ’
403 487 442 519 ὼς
460 487 553 522 ’Λσέης
566 488 682 524 νεύμασι
698 491 755 522 σοῖς
771 491 896 523 άνάγοις,

216 527 268 557 Οἷα
279 532 344 566 πρὶν
358 531 388 564 ἐξ
403 533 542 567 Αἰγύπτου
558 535 604 561 σοῦ
622 535 787 570 θεράποντος
808 537 919 573 Ἰωσὴφ,

255 576 301 609 Ὠς
316 577 345 604 δὲ
360 578 408 605 καὶ
420 579 558 614 οὐρανίοις
575 581 686 616 πνεῦμα
703 584 788 609 τεοῖσι
800 583 919 618 θρόνοις.

414 635 459 670 ιβ’.
471 637 525 670 Εἰς
541 637 600 671 τὴν
624 638 804 674 Ἀνάληψιν.

215 690 370 726 Οὐρανόθεν
387 693 541 721 κατέπλατο
557 695 590 727 ⁸⁸,
603 695 630 727 ἐς
643 695 757 732 οὐρανὸν
767 696 790 723 δ’
802 697 919 733 ἔδραμεν
930 696 1009 730 αὖθις

215 737 264 764 Ὠν
275 737 353 771 Θεὸς,
373 738 412 766 ὢν
429 740 534 776 βροτὸς,
552 742 687 778 ἀμφότερ’
698 743 739 776 εἰς
752 744 818 771 Θεδν
832 744 1007 780 ἀμφοτέρως.

428 789 473 820 ιγ’.
494 788 546 821 Εις
570 788 793 824 Ἀριστοτέλην.

215 827 269 855 Τὸν
283 828 347 856 νοῦν
357 829 373 856 ό
384 831 447 863 νοῦς
458 831 574 867 ἔγραψε,
592 833 644 870 τὴν
659 834 741 869 φύσιν
753 833 847 869 φύσις,

221 874 410 912 Ἀριστοτέλην
423 876 510 910 εἷπον,
530 879 568 911 ὼς
582 880 687 906 τούτων
704 880 779 916 ὅρον.

471 933 513 962 ιδ’.
532 934 584 968 Εις
599 936 752 964 Πλάτωνα.

215 987 312 1023 Ψυχὴν
325 989 446 1017 ἀνειπὼν
461 990 596 1019 ἀθάνατον
609 992 623 1019 6
640 993 766 1027 Πλάτων,

221 1034 326 1070 ’Λφῆκε
340 1035 420 1068 δόξαν
434 1036 570 1065 ἀθάνατον
584 1038 614 1065 ἐν
629 1038 691 1074 βίῳ.

396 1095 399 1097 -
593 1084 635 1112 ιε’.

214 1125 328 1154 Πλάτων
344 1128 358 1154 6
372 1127 479 1160 κλεινὸς
496 1130 510 1156 6
520 1129 666 1158 πλατύνων
676 1132 727 1164 τὰς
744 1132 858 1167 φρένας,

219 1170 265 1204 Ὠς
279 1173 418 1201 ἑπλάτυνε
430 1175 481 1210 τῆς
494 1175 584 1211 ψυχῆς
598 1176 687 1211 δόγμα
708 1178 793 1213 μέγα,

213 1217 262 1249 Εἰς
274 1219 366 1245 πᾶσαν
377 1219 512 1248 ἑπλάτυνῑ
527 1221 577 1257 τὴν
590 1222 670 1255 δόξαν
682 1223 778 1258 χθόνα.

250 1276 299 1306 ις’.
314 1275 368 1307 Eli;
381 1275 436 1302 τὸν
450 1275 536 1311 ἅγιον
553 1278 719 1312 Γρηγόριον
735 1279 789 1307 τὸν
810 1281 970 1316 Θεολόγον.

214 1329 328 1362 Ἐνθεος
340 1328 375 1366 ἦν
386 1332 400 1357 ό
414 1330 512 1367 Σύρος,
525 1334 762 1370 πολυγράμματος
776 1334 811 1372 ἦν
825 1338 854 1364 δὲ
872 1338 886 1364 6
903 1339 1006 1373 Φοῖνιξ,

248 1376 439 1413 Καππαδόκης
458 1377 481 1405 δ’
494 1379 578 1414 ἄμφω
596 1381 642 1407 καὶ
658 1381 741 1409 πλέον
755 1383 933 1419 ἀμφοτέροις.

257 1432 301 1465 ιζ’.
315 1434 367 1467 Eu;
383 1435 562 1470 Σιμπλικιον
576 1437 631 1464 τὸν
645 1438 801 1477 ἐξηγητὴν
814 1438 876 1466 τῶν
889 1439 964 1468 δέκα

510 1479 705 1506 κατηγοριων.

212 1523 374 1561 Σιμπλίκιος
391 1527 454 1563 μέγ’
470 1528 574 1563 ἄεισμα.
589 1531 785 1567 κατηγορίαισι
801 1533 920 1568 φαάνθη,

213 1604 261 1636 lia,
272 1612 375 1633 corona
386 1613 450 1634 eras
467 1605 630 1641 gratiarum,
643 1609 705 1636 vitae
719 1609 889 1643 jucumlitas.

248 1650 299 1678 Sed
315 1655 341 1679 te
356 1651 556 1688 longeapatria
569 1672 577 1684 .
607 1655 723 1690 conjuge
732 1659 761 1683 et
779 1655 887 1689 liberis,
916 1656 1003 1684 iatum

213 1697 375 1725 mortalibus
393 1697 532 1726 funestum
546 1700 624 1727 (luxit
635 1701 667 1728 ad
683 1701 798 1729 inferos.

248 1741 305 1770 Rex
314 1743 433 1776 Christe,
441 1745 582 1780 sapientiae
591 1751 643 1774 tua:
657 1748 770 1783 vestigia
787 1756 840 1776 non
855 1748 1005 1784 exploraho

213 1793 243 1815 ut
253 1797 314 1816 ossa
324 1797 357 1816 ex
373 1789 439 1817 Asia
450 1795 498 1818 tuo
515 1796 583 1819 nutu
600 1792 752 1821 transferas
764 1814 772 1827 ,

250 1834 359 1862 Utolim
374 1843 408 1863 ex
417 1835 536 1872 Egypto
547 1845 610 1865 ossa
623 1838 718 1867 famuli
736 1841 774 1868 tui
788 1839 899 1875 Ioseph;
915 1845 944 1868 ut
955 1848 1005 1868 au-

214 1882 267 1906 tem
280 1879 400 1908 animam
421 1881 446 1908 in
467 1883 624 1910 cmlestibus
635 1884 740 1913 thronis
754 1886 810 1914 tuis
822 1886 954 1914 colloces.

457 1938 501 1966 l2.
518 1938 552 1965 In
566 1940 748 1968 Αεσειιείωιειιι
754 1961 761 1969 .

249 1992 269 2020 Ε
280 1994 350 2022 οωιο
362 1993 554 2030 descenderat,
574 1997 603 2024 in‘
613 1998 713 2025 coelum
731 2007 828 2027 rursus
857 1999 943 2027 tendit
976 2005 1006 2028 ut

213 2038 295 2073 Deus,
308 2048 372 2068 cum
388 2042 472 2069 homo
485 2043 531 2077 sit,
546 2048 695 2079 utrumque
713 2043 748 2072 ad
779 2044 863 2073 Deum
895 2047 1004 2075 uniens.

462 2099 505 2127 l5.
517 2099 549 2127 In
561 2100 743 2129 Aristotelem.

247 2154 366 2183 lentem
380 2164 458 2184 mens
469 2157 624 2192 descripsit,
641 2163 769 2187 naturam
800 2165 914 2195 natura;
941 2161 1002 2189 Ari-

214 2202 343 2230 stotelem
357 2203 430 2237 dico,
444 2207 474 2231 ut
489 2203 587 2232 horum
600 2206 759 2233 terminum.

478 2259 522 2287 M.
535 2259 570 2286 In
588 2259 738 2289 Platonem.

249 2303 374 2331 Animam
388 2305 562 2339 proclamans
572 2306 756 2337 immortalem
780 2308 869 2342 Plato,
894 2310 1003 2346 reliquit

212 2349 327 2385 gloriam
338 2350 366 2378 in
385 2351 440 2378 vita
453 2351 649 2381 immortalem.

570 2399 613 2427 l5.

247 2438 325 2468 Plato
339 2439 384 2469 ille
395 2443 511 2471 celebris
523 2448 642 2472 mentem
655 2445 828 2480 ampliﬁcatis
841 2450 870 2475 ut
884 2448 1003 2484 smplili~

211 2485 284 2513 cavit
296 2487 395 2516 anima:
404 2496 532 2524 magnum
550 2489 661 2525 dogma,
673 2491 834 2527 ampliorem
846 2491 874 2520 iu
889 2500 1002 2522 omnem

213 2536 312 2559 terram
321 2533 437 2569 gloriam
446 2536 583 2570 praestitit.

285 2589 330 2618 ιδ.
346 2589 379 2617 In
389 2596 511 2618 sanciunt
522 2592 680 2627 Gregorium
703 2595 865 2633 theoloyum.

247 2635 271 2662 Δ
288 2636 343 2664 Deo
357 2637 506 2672 inspiratus
516 2643 558 2666 est
573 2639 670 2674 Syrus,
693 2643 788 2671 multis
803 2643 937 2672 doctrinis
963 2643 1007 2671 in-

212 2686 335 2711 structus
356 2683 525 2718 Plimnicius,
536 2685 682 2720 Cappadox
698 2692 790 2717 autem
815 2697 963 2728 utrumque
978 2697 1007 2721 et

213 2737 228 2755 ιι
233 2734 331 2766 troque
340 2732 430 2766 majus
451 2733 541 2761 habet.

213 2786 257 2814 i7.
273 2787 307 2814 In.
324 2787 490 2825 Simplicium
504 2791 593 2819 decem
610 2795 804 2830 calegoriarum
823 2797 1001 2832 interpretem.

249 2833 406 2870 Simplicius
421 2845 549 2873 magnum
562 2841 707 2876 categoriis
720 2841 867 2877 impulsum
895 2844 1003 2873 dedisse

251 2914 272 2930 "
289 2915 352 2951 [αρε.
372 2918 539 2947 κατέπαλτο.

870 204 913 234 CA
919 204 1043 235 RMINA
1060 206 1188 237 VARIA.

1801 211 1854 243 918

1103 264 1194 296 Ἐχδδς
1209 263 1272 300 (sic)
1288 265 1458 301 κατηγορίας
1475 265 1556 293 λῦσεν
1578 267 1790 303 Ἀριστοτέλους.

1437 324 1482 360 ιη’.

1063 381 1226 416 Σιμπλίκιος
1254 382 1326 416 μέγα
1343 383 1402 418 φῶς
1419 383 1515 418 φύσιος
1533 385 1599 420 περὶ
1613 385 1714 412 κύκλον
1726 386 1826 421 ἀνῆψε,

1101 427 1174 454 Νοῦν
1188 429 1217 455 δέ
1231 429 1257 463 γ’
1277 429 1482 464 Ἀριστοτέλους
1496 428 1576 466 εὗρεν
1595 432 1782 467 ἀριστοπόνοις

1063 495 1106 524 ιϐ’.
1120 497 1173 530 Εις
1197 497 1251 530 τὰς
1267 497 1290 524 ε’
1300 498 1404 533 φωνὰς
1425 499 1475 526 καὶ
1494 500 1538 533 εις
1566 500 1619 535 τὰς
1633 503 1650 527 ι’
1665 509 1790 535 κατηγο]
1798 502 1855 533 [ας.

1062 563 1149 594 Μόλις
1167 563 1279 600 διαδρὰς
1288 563 1344 592 τῶν
1358 565 1495 600 σοφιστῶν
1507 567 1558 598 τὰς
1568 567 1659 599 δίκας,

1062 609 1158 643 Σοφοϊς
1171 609 1200 636 δὲ
1214 609 1316 644 μᾶλλον
1333 610 1497 645 προσσαλὼν
1513 612 1551 643 ὡς
1568 613 1694 647 ἡμέροις,

1061 655 1160 681 Φωνῶν
1173 655 1314 692 ὲπλήσθην
1326 657 1371 683 καὶ
1387 664 1530 693 κατηγορη
1536 659 1638 692 μάτιιιν.

1062 701 1119 727 Οὐκ
1135 701 1219 734 ἐστιν,
1235 702 1304 734 ἔστι,
1317 703 1387 738 πρός
1402 712 1439 733 τι.
1457 704 1546 735 ποιὸν.
1560 705 1623 737 ποῦ,
1642 705 1719 736 πότε.

1063 746 1213 781 Πάσχουσι,
1231 748 1332 783 δρῶσιν
1349 749 1387 780 ὡς
1403 749 1512 776 Θέλουσι
1527 751 1624 786 μυρία.

1061 791 1214 826 Στρέφουσι
1226 793 1327 824 πάντα.
1345 794 1491 829 συγχέουσι
1504 795 1555 827 τὰς
1568 796 1675 829 φύσεις.

1067 836 1112 868 Ὧς
1124 836 1153 869 ἐξ
1165 838 1271 865 ἑαυτῶν
1285 839 1437 866 πλάττουσι
1449 841 1652 875 τραγελάφους.

1061 882 1114 909 Τὸν
1125 883 1250 919 οὐρανὸν,
1263 884 1317 920 γῆν
1328 893 1337 901 ·
1353 885 1384 912 τὸ
1397 886 1476 919 ξύλον
1495 885 1563 921 φασὶ
1573 886 1649 914 λίθον
1659 896 1666 902 ·

1027 943 1048 971 η
1062 928 1149 964 ’Ὕλην
1163 929 1298 965 ἄμορφον,
1311 928 1381 963 εἶδος
1401 931 1469 967 ὓλην
1483 933 1534 959 οὐκ
1549 933 1621 968 ἔχον.

1060 975 1188 1010 Κόσμους
1206 976 1349 1012 ἀπείρους,
1367 978 1439 1009 ἰδέας
1455 978 1510 1014 πρὸ
1523 979 1578 1006 τῶν
1595 979 1678 1007 ὅλων.

1058 1021 1090 1047 Ol
1104 1021 1153 1056 τῆς
1164 1022 1250 1054 Στοᾶς
1265 1023 1410 1058 βάλλουσιν
1429 1024 1602 1060 Ἀκαδημίαν
1613 1033 1622 1041 ⁸

1058 1068 1211 1104 Πύρρωνας
1223 1065 1309 1101 οὗτοι,
1326 1070 1432 1101 πάντας
1447 1071 1462 1097 6
1476 1071 1656 1108 Σταγειρίτης
1666 1079 1674 1087 ·

1059 1112 1153 1139 Ἄλλοι
1167 1113 1195 1140 δὲ
1210 1113 1316 1144 τοῦτον.
1332 1114 1456 1147 Φοίνικές
1472 1124 1501 1142 τε
1518 1116 1564 1142 καὶ
1578 1116 1660 1151 Σύροι
1718 1140 1720 1142 τ

1057 1157 1106 1190 Τίς
1122 1158 1185 1190 νοῦς
1197 1159 1332 1192 τοσαύτας
1352 1161 1494 1193 ἐνστάσεις
1504 1161 1650 1197 διαδράμοι

1058 1204 1143 1240 Ἐθνη
1156 1204 1289 1237 τοσαῦτα,
1309 1206 1357 1232 καὶ
1378 1207 1523 1241 φάλαγγας
1536 1208 1691 1244 australe-.1;
1705 1229 1713 1242 ,

1056 1249 1161 1277 Γνῶναι
1175 1250 1209 1277 τὰ
1221 1251 1333 1286 κρυπτὰ
1348 1252 1403 1279 τῶν
1413 1252 1482 1279 ὅλων
1494 1253 1584 1288 ζητῶν
1603 1254 1685 1289 βάθη,

1056 1297 1112 1323 Καὶ
1131 1297 1186 1323 τῶν
1201 1298 1296 1333 σαφῶν
1307 1307 1350 1330 τις
1366 1299 1429 1334 ἔσχε
1443 1300 1551 1335 φυρμὸν
1565 1300 1666 1327 αὐτίκα
1682 1309 1691 1317 ο

1060 1341 1108 1368 Ἓν
1121 1342 1250 1375 γνώσεως
1265 1344 1334 1378 φῶς,
1350 1345 1451 1381 Χριστέ
1467 1354 1529 1381 μου,
1545 1346 1578 1372 σύ
1601 1355 1646 1381 μοι
1659 1347 1739 1381 μόνος

1056 1387 1159 1419 Γνῶσις
1179 1389 1279 1422 τελεία,
1297 1390 1399 1425 μᾶλλον
1414 1391 1515 1418 εἰδέναι
1530 1392 1613 1427 μόνον

1056 1433 1090 1459 Σὲ
1103 1434 1271 1469 δημιουργὸν
1286 1436 1396 1467 οὐσιῶν,
1412 1437 1528 1472 χρόνων,
1543 1438 1648 1471 τόπων,

1058 1478 1196 1514 ’Λρρητον
1208 1480 1246 1511 ὡς
1258 1479 1379 1515 ἄληπτον
1396 1481 1426 1508 ἓν
1439 1490 1469 1508 τε
1484 1483 1531 1508 καὶ
1544 1483 1618 1517 τρία.

1062 1524 1154 1559 Ἀφεὶς
1170 1526 1204 1552 τὰ
1220 1527 1310 1553 πάντα
1325 1525 1407 1554 τοῦτο
1420 1527 1468 1554 καὶ
1480 1528 1561 1563 μόνον
1576 1528 1661 1563 λέγω.

1015 1614 1039 1644 c
1057 1624 1133 1652 visus
1147 1628 1209 1658 est;
1227 1626 1381 1661 categorias
1405 1626 1561 1656 Aristotelis
1575 1627 1740 1663 publicando
1756 1629 1849 1660 solvit.

1415 1684 1463 1712 18.

1100 1739 1261 1775 Simplicius
1272 1749 1390 1777 magnus
1405 1747 1511 1770 natura:
1525 1743 1631 1778 peritus
1642 1743 1732 1772 lucem
1743 1743 1851 1773 circum

1055 1785 1185 1821 diﬂ‘udit;
1200 1792 1318 1816 mentem
1327 1789 1483 1817 Aristotelis
1496 1790 1600 1818 invenit
1610 1790 1722 1825 optimis
1741 1791 1848 1820 labori-

1055 1832 1118 1860 bus.

1129 1901 1172 1929 i9.
1189 1901 1223 1928 In
1233 1902 1347 1937 quinque
1361 1903 1464 1930 vocales
1477 1909 1502 1931 et
1519 1904 1608 1932 decem
1620 1906 1791 1942 categorias.’

1093 1968 1151 1996 Viae
1167 1969 1335 2004 perspiciens
1352 1970 1540 2005 sophistarum
1558 1973 1720 2005 sententias.
1737 1975 1770 2002 ad
1787 1975 1850 2010 phi-

1056 2013 1188 2049 losophos
1203 2019 1293 2042 autem
1312 2015 1404 2050 potius
1419 2016 1552 2044 accedens
1568 2021 1597 2044 ut
1614 2017 1718 2051 faciles,
1733 2020 1850 2048 vocihns

1055 2059 1175 2094 repletus
1193 2068 1255 2087 sum
1275 2064 1302 2087 et
1317 2061 1475 2096 categoriis.
1495 2060 1554 2088 Non
1572 2067 1624 2096 est,
1640 2068 1693 2096 est,
1712 2065 1748 2092 ad
1766 2066 1844 2100 quid,

1055 2106 1155 2141 quale,
1173 2105 1236 2137 ubi.
1253 2106 1380 2141 quando;
1401 2111 1431 2134 nt
1456 2107 1611 2142 patiuntur,
1633 2115 1734 2145 agunt.
1752 2111 1848 2139 volunt

1057 2152 1213 2180 innumera.
1230 2151 1329 2180 Omnia
1342 2152 1516 2186 subvertunt,
1530 2154 1704 2183 confundunt
1722 2161 1849 2190 naturas.

1056 2203 1087 2227 ut
1110 2207 1144 2227 ex
1169 2206 1199 2227 Ie
1225 2201 1328 2234 illigant
1345 2199 1553 2234 hirco-cervos;
1579 2202 1697 2233 omium.
1722 2207 1848 2237 terram;

1057 2246 1172 2281 lignum,
1190 2250 1294 2280 petram
1310 2245 1424 2279 dicunt,
1440 2247 1585 2274 materiam
1599 2249 1660 2275 sine
1673 2247 1773 2280 forma,
1789 2249 1848 2277 tor-

1016 2289 1045 2319 D
1059 2299 1130 2318 mam
1148 2291 1209 2319 sine
1228 2291 1360 2325 materia;
1378 2292 1497 2320 mundos
1521 2292 1756 2327 innumerabiles,
1772 2294 1849 2323 ideas

1055 2337 1194 2365 universis
1217 2338 1378 2365 anteriores.
1406 2337 1458 2371 Qui
1483 2346 1499 2366 e
1526 2339 1635 2373 porticu
1660 2344 1726 2367 sunt
1742 2340 1849 2368 Acade-

1054 2383 1138 2410 miam
1164 2383 1343 2418 impugnant;
1361 2383 1406 2411 isti
1424 2383 1625 2419 Pyrrhonatos,
1646 2393 1744 2413 omnes
1757 2386 1849 2422 Stagi-

1054 2428 1175 2463 rita;alii
1188 2434 1278 2457 autem
1288 2429 1376 2462 illum,
1393 2429 1539 2458 Plitenices
1554 2436 1580 2458 et
1598 2430 1671 2467 Syri.
1685 2431 1753 2465 Qua
1768 2440 1848 2461 mens

1055 2479 1145 2503 tantas
1165 2475 1227 2503 lites
1250 2481 1439 2511 percurreret,
1461 2480 1502 2504 tot
1525 2482 1633 2512 gentes.
1653 2483 1680 2505 et
1699 2479 1849 2516 phalanges

1058 2521 1203 2549 inimicas?
1226 2521 1388 2554 Quaerebam
1411 2530 1578 2558 cognoscere
1592 2525 1715 2553 occultas
1735 2526 1849 2562 profun-

1057 2567 1157 2594 ditates
1174 2568 1378 2601 universorum,
1401 2573 1428 2596 ct
1447 2569 1509 2603 quis
1531 2570 1650 2605 potuerit
1665 2572 1774 2600 tandem
1792 2573 1849 2600 cla-

1056 2621 1102 2640 ras
1135 2621 1180 2641 res
1210 2615 1371 2642 obscurare.
1407 2614 1501 2643 Unum
1535 2617 1701 2652 cognitionis
1736 2618 1847 2652 lumen,

1054 2659 1175 2691 Christe,
1190 2664 1219 2687 tu
1236 2660 1304 2688 mihi
1320 2661 1396 2689 solus
1414 2670 1462 2696 es;
1478 2663 1600 2698 cognitio
1611 2663 1735 2698 perfecta
1754 2665 1849 2700 potius

1054 2710 1097 2733 est
1110 2706 1181 2733 scire
1197 2706 1287 2733 solum
1312 2711 1338 2734 te
1354 2712 1505 2735 creatorem
1533 2709 1762 2743 substantiarum,
1779 2716 1848 2739 tern-

1058 2759 1168 2786 porum,
1182 2752 1316 2786 louorum,
1336 2753 1511 2787 inelrahilem,
1527 2754 1846 2790 incomprehensiliilem,

1059 2806 1143 2827 unum
1167 2804 1196 2828 et
1217 2805 1288 2835 tres;
1309 2802 1402 2829 omnia
1431 2803 1542 2830 mittens
1559 2802 1611 2829 hoc
1627 2803 1737 2838 quidem
1758 2803 1852 2832 solum

1058 2845 1156 2881 loquor
