2082 3157
262 172 316 203 919

449 231 484 259 κ’.
514 234 565 266 Εις
581 234 653 268 τοὺς
665 236 864 271 φιλοσόφους.

262 287 343 322 Τρεῖς
356 288 452 323 σοφίης
463 289 639 325 πολυΐστορος
652 291 775 327 ἔκκριτοι
791 293 907 330 ἀστέρες
925 293 978 323 οἷοι

301 334 456 369 Ἐνθέμενοι
470 335 572 369 βίϐλοις
588 335 666 362 ὃλϐον
679 337 847 373 ἀπειρέσιον.

267 380 399 415 Ἀρχύτας
411 378 490 416 ἦρξε,
509 381 623 409 Πλάτων
642 383 772 417 πλάτυνε,
789 386 865 417 τέλος
885 387 910 413 δ’
921 388 967 414 ἐπὶ
981 390 1047 416 πᾶσι

302 426 346 457 Ὠς
359 426 439 461 ἔτυχε
456 427 566 462 κληθεὶς
583 428 666 463 θῆκεν
693 430 892 468 Ἀριστοτέλης.

365 497 419 521 κω.
439 495 492 527 Εὶς
505 494 559 528 τὰς
575 496 632 522 τῶν
654 496 779 532 Ἰϐήρων
794 499 943 534 ἁρπαγάς.

257 550 294 576 οὗ
312 550 446 578 Σκυθικὸν
461 551 518 586 πῦρ
533 552 591 579 ἀλλ’
611 553 734 590 Ἰϐηρικὴ
749 556 795 591 βία

259 596 329 630 Πρὸς
340 597 391 631 τὴν
412 597 499 632 Ἐᾠαν
515 597 563 625 νῦν
580 599 671 626 κλονεῖ
685 601 735 636 τὴν
755 601 902 637 Ἐσπεραν.

258 641 311 674 Γῆς
324 641 405 667 τοῦτο
420 642 539 676 σεισμοὶ.
554 642 649 669 τούσδε
665 644 766 678 φαῦσις
782 646 907 682 ἀστέρων

258 685 366 712 Καινῶν
379 686 473 722 ἐδήλου
488 687 605 722 μάκετις
619 689 666 723 γῆ.
681 689 714 716 Τί
724 690 843 723 Σκύθαις

256 730 358 766 Μέμφῃ
371 732 494 766 ματαίως
505 733 602 760 ὁππότ’
617 733 650 760 ἂν
664 735 727 767 τοὺς
745 738 906 773 συμμάχους

255 774 375 801 Τοιαῦτα
388 775 510 810 δρῶντας
523 778 571 804 καὶ
583 778 677 812 φίλους
691 781 755 813 τοὺς
770 783 834 814 σοὺς
848 783 956 818 βλέπεις
971 785 1013 818 '°;

855 829 935 859 σίλονς

431 873 484 910 κβ’,
501 876 552 909 Εἰς
568 877 640 910 τοὺς
662 879 865 914 Bouh-ripaue.

255 928 333 955 Κατά
347 929 460 956 Σκυθῶν
480 931 546 966 πρὶν
561 933 732 968 συμμάχους,
749 935 797 962 νῦν
812 936 841 962 δὲ
861 937 977 969 Σκύθας,

253 974 390 1008 Λήψοισθε
403 974 522 1011 Θρᾷκες,
537 979 700 1014 συμμάχους
718 981 786 1016 πρὸς
798 982 861 1014 τοὺς
877 983 972 1017 φίλους

253 1019 385 1055 Σκιρτᾶτε
398 1020 447 1047 καὶ
462 1023 599 1057 κρατεῖτε,
615 1024 688 1058 φῦλα
703 1025 877 1063 Βουλγάρων.

253 1065 307 1091 Καὶ
325 1065 454 1101 σκῆπτρα
471 1067 519 1094 καὶ
533 1068 564 1095 τὸ
577 1070 687 1105 στέμμα
702 1073 748 1098 καὶ
763 1073 814 1108 τὴν
831 1075 977 1111 πορφύραν

253 1112 388 1147 Κρατείτε
409 1112 455 1140 καὶ
471 1115 590 1149 φορεῖτε,
605 1116 652 1143 καὶ
666 1118 818 1151 φοινικίδας

553 1161 698 1196 (ζήτησον
712 1166 820 1199 στίχον
835 1166 899 1198 ἕνα)

251 1202 444 1238 Ηεταμφιάσει
456 1206 504 1233 καὶ
520 1205 609 1238 ξύλοις
620 1208 684 1240 τοὺς
697 1209 815 1244 αὐχένας

252 1247 377 1283 Μακροΐς
394 1250 509 1283 συνέξει,
528 1253 574 1279 καὶ
588 1254 693 1288 κυφῶσι
704 1256 768 1287 τοὺς
786 1257 881 1289 πόδας.

251 1292 332 1320 Ξανεῖ
341 1294 370 1321 δὲ
389 1295 501 1328 πολλαῖς
518 1297 591 1325 νῶτα
603 1299 649 1325 καὶ
661 1299 712 1335 τὴν
730 1301 845 1328 κοιλίαν.

259 1339 328 1366 Ἀνθ’
343 1337 381 1368 ὧν
393 1341 506 1375 ἀφέντες
522 1343 709 1380 δημιουργεῖν,

251 1386 368 1420 Τούτους
385 1390 480 1424 φορεῖν
495 1390 613 1425 τολμᾶτε
627 1391 674 1418 καὶ
691 1394 800 1427 φρονεῖν
814 1394 896 1429 μέγα.

417 1458 469 1490 κγ’.
484 1458 535 1490 Εἰς
550 1458 608 1492 τὴν
623 1459 738 1493 νοητὴν
751 1461 874 1488 οὐσίαν.

249 1512 344 1545 Ζητῶν
358 1512 476 1540 ἀπεῖπον
488 1514 537 1549 τὴν
554 1515 652 1551 νοητὴν
667 1516 773 1544 οὐσίαν.

249 1557 296 1588 Τίς
310 1557 385 1585 ἐστιν
401 1558 484 1595 αὕτη,
497 1560 556 1592 πῶς
572 1561 600 1587 δὲ
617 1561 712 1597 τέμνει
723 1564 772 1595 τὰς
784 1563 842 1597 δύο,

497 1648 542 1676 20.
564 1648 596 1676 In
612 1650 792 1686 philosophos.

284 1691 353 1720 Tres
368 1693 503 1728 sapientia
530 1696 639 1730 egregia
663 1698 817 1731 conspicui,
834 1699 910 1727 velut
927 1700 1016 1728 sidera
1028 1721 1035 1733 ,

249 1736 327 1764 libris
341 1737 492 1772 pretiosum
507 1739 665 1767 thesaurum
677 1743 884 1770 commiserunt.
903 1745 1036 1780 Archytas

250 1782 403 1816 imperavit,
418 1782 494 1810 Plato
510 1784 696 1819 ampliﬁcavit,
711 1787 872 1816 Aristoteles
891 1791 1036 1824 perfectio-

251 1834 312 1853 nem
339 1827 366 1854 in
386 1828 532 1861 omnibus,
557 1834 586 1856 ut
602 1838 702 1859 nomen
724 1833 784 1868 ejus
802 1833 919 1862 feliciter
944 1842 1035 1870 sonat,

249 1872 389 1907 imposuit.

422 1929 469 1958 2|.
485 1930 519 1957 In
537 1930 677 1960 Iberorum
690 1935 861 1963 vastationes.

285 1983 344 2010 Non
358 1984 504 2020 Scythicus
520 1986 601 2021 ignis,
616 1988 663 2015 sed
676 1989 779 2017 lberica
795 1991 924 2019 violentia
940 2000 1035 2021 versus

247 2028 384 2058 Orientem
398 2039 470 2059 nune
481 2031 659 2061 Occidentem
671 2034 756 2071 fugat.
765 2035 822 2064 Hoc
836 2042 916 2065 terra:
930 2044 1032 2070 motus,

246 2084 252 2098 ι
264 2079 274 2101 ι
291 2075 351 2103 illos
365 2076 505 2104 stellarum
521 2086 653 2106 novarum
666 2081 754 2117 fulgor
768 2083 930 2111 ostendebat
944 2089 1032 2112 terrae.

247 2119 318 2152 Quid
344 2120 459 2156 Scythas
476 2121 585 2150 incusas
605 2124 753 2159 immerito,
776 2135 839 2155 cum
856 2128 948 2156 socios
969 2129 1033 2156 talia

245 2171 366 2201 agentes,
388 2172 415 2195 et
429 2169 533 2217 amicos
549 2174 611 2198 tuos
627 2172 723 2199 vides?

515 2236 560 2262 22.
578 2235 611 2263 In
624 2236 766 2271 Bulgaros.

279 2301 381 2329 Contra
397 2302 519 2337 Scythas.
536 2312 622 2338 nuper
636 2305 737 2337 socios,
755 2314 827 2333 nunc
839 2315 904 2335 vero
923 2308 1031 2344 Scythae

897 180 1058 212 JOANNIS
1073 173 1289 214 GEOMETRE

1063 244 1084 272 Α
1107 242 1264 277 ’Λσὼματον
1276 243 1324 270 καὶ
1337 243 1436 278 cape;
1451 243 1509 275 πῶς
1527 243 1550 269 δ’
1564 243 1648 278 ἄμφω
1665 242 1734 278 μόνη

1831 189 1886 223 9ῆο

1102 287 1220 322 Ἐχουσα
1234 289 1288 315 τῶν
1301 288 1375 316 δυοῖν
1389 288 1417 315 δὲ
1432 289 1516 324 μηδὲν
1529 288 1672 323 τυγχάνει;

1100 333 1163 364 Πῶς
1173 333 1261 361 πάντα
1273 334 1294 359 δ’
1307 334 1396 366 ἐστὶν,
1405 333 1464 360 ἔστι
1477 334 1588 361 πάντων
1603 334 1625 360 δ’
1637 334 1729 362 οὐκέτι
1742 343 1753 368 ;

1609 402 1645 429 πλ

1347 437 1400 465 κδ’.
1419 439 1471 472 Εἰς
1486 438 1540 466 τὸν
1553 446 1642 473 nam:

1101 494 1172 520 ’Ᾱνω
1189 494 1305 529 κομίτης
1319 494 1416 528 ἔφλεγε
1427 495 1474 522 τὸν
1487 495 1595 530 αἰθέρα,

1096 539 1180 567 Κάτω
1198 540 1323 576 κομήτης
1334 541 1470 576 πυρπολεῖ
1484 542 1535 576 τὴν
1557 541 1706 578 Ἑσπέραν.

1103 586 1204 622 Ἀστὴρ
1217 586 1321 619 ἐκεῖνος
1334 587 1469 623 σύμϐολον
1479 588 1527 614 τοῦ
1540 587 1588 615 νῦν
1601 589 1711 620 σκότους
1723 596 1732 605 ·

1102 632 1222 664 Ἐκεῖνος
1237 633 1376 668 ήμεροῦτο
1387 634 1458 668 φωτὶ
1469 634 1630 669 1Ιϋωσιρόρου.

1101 677 1174 704 Ἀλλ’
1183 673 1262 709 οὗτος
1279 679 1353 714 ἥφθη
1363 681 1397 714 τῇ
1414 679 1490 706 δύσει
1506 679 1677 716 Νικηφόρου.

1096 722 1195 757 Τυφὼς
1209 724 1222 750 ό
1236 724 1322 756 δεινὸς
1339 721 1418 757 οὗτος
1433 725 1463 757 ἐξ
1476 725 1635 761 ἀλαστόρων

1095 769 1137 796 Τὰ
1149 770 1238 797 πάντα
1253 772 1382 807 πιμπρᾷ·
1399 771 1451 799 ποῦ
1467 771 1632 807 βρυχήματα
1645 773 1767 808 κράτους

1095 815 1150 842 Τοῦ
1164 816 1223 848 σοῦ,
1241 817 1390 852 στρατηγέ,
1405 818 1456 854 τῆς
1477 818 1609 854 ἀνικήτου
1630 819 1763 855 Ῥώμης-ς

1094 860 1177 887 Φύσει
1193 860 1315 896 βασιλεῦ,
1331 862 1478 898 πράγμασι
1491 863 1638 898 νικηφόρε,

1057 916 1081 946 Β
1095 905 1202 941 Μικρὸν
1216 907 1361 942 προκύψας
1374 908 1422 935 τοῦ
1433 908 1530 943 τάφου,
1547 908 1656 944 βρύξον,
1672 909 1744 942 λέον,

1093 950 1205 983 Δίδαξον
1219 952 1304 979 οἰκεῖν
1316 951 1366 984 τὰς
1380 952 1528 986 ἀλώπεκας
1541 954 1665 990 πέτραις.

1314 1021 1364 1046 κε’.
1379 1020 1469 1054 Ὅρος
1483 1020 1543 1047 τῶν
1556 1021 1661 1049 ὄντων.

1092 1073 1228 1100 Ἐκαστον
1239 1070 1308 1101 εἶναι
1322 1076 1380 1106 τοῖς
1398 1076 1488 1109 σοφοῖς
1505 1075 1579 1102 τοῦτ’
1593 1076 1673 1103 οὐσία
1685 1084 1694 1093 ⁸

1092 1119 1178 1146 [Ioan
1192 1119 1231 1152 δὲ,
1251 1120 1352 1155 μέτρον
1371 1122 1517 1157 κάριθμὺς,
1536 1121 1616 1158 ῥοπὴ,
1635 1122 1718 1158 βάρος
1730 1129 1738 1138 ’

1091 1164 1128 1191 Τὸ
1143 1165 1211 1198 πρός
1223 1174 1250 1192 τι
1262 1166 1284 1193 δ’
1301 1168 1377 1194 ἐστὶν
1392 1168 1408 1202 ἡ
1421 1168 1491 1203 πρὸς
1506 1168 1571 1195 ἄλλο
1587 1177 1614 1194 τι
1631 1169 1724 1203 σχέσις
1735 1176 1744 1184 ·

1091 1208 1181 1241 Ποιδν,
1194 1211 1349 1246 χαρακτὴρ,
1366 1209 1446 1245 εἶδος,
1467 1213 1483 1247 ἡ
1498 1213 1655 1247 τοιουτότης
1665 1220 1673 1228 ·

1090 1252 1147 1279 Ποῦ
1165 1254 1340 1289 συμϐεϐηκὸς
1353 1255 1401 1282 τοῦ
1418 1257 1513 1289 τόπου,
1532 1257 1597 1284 ποτε
1611 1257 1709 1292 χρόνου
1720 1266 1728 1273 ·

1091 1297 1182 1325 Ποιεϊν
1196 1298 1226 1325 τό
1239 1308 1266 1326 τι
1278 1300 1355 1336 δρᾷν,
1375 1301 1429 1328 εἴτε
1442 1301 1516 1335 νοῦν,
1529 1302 1581 1329 εἴτ’
1596 1302 1692 1329 οὐσίαν
1704 1311 1711 1318 ·

1090 1343 1211 1379 Πάσχειν
1228 1345 1352 1380 δέχεσθαι
1366 1346 1420 1373 τῶν
1432 1347 1497 1383 παρ’
1516 1347 1604 1374 ἄλλων
1617 1348 1646 1375 δὲ
1662 1348 1775 1383 δράσαις
1787 1349 1825 1378 ³³.

1090 1388 1217 1420 Κεῖσθαι,
1230 1389 1319 1421 κλίσις
1333 1399 1359 1417 τι
1374 1391 1390 1426 ἢ
1410 1391 1484 1423 θέσις
1504 1392 1559 1419 τῶν
1577 1392 1721 1427 κειμένων,

1092 1433 1185 1469 Ἕχειν
1201 1434 1315 1462 ἕκαστον
1330 1433 1416 1472 οὗπέρ
1430 1438 1488 1464 ἐστι
1501 1437 1532 1464 τὺ
1547 1438 1638 1465 πλέον.

1089 1489 1146 1522 σις’.
1170 1490 1222 1524 Εις
1243 1491 1302 1525 τὴν
1326 1492 1498 1554 γνωστικὴιὶ
1524 1494 1573 1521 καὶ
1600 1495 1770 1530 πρακτικὴν
1792 1497 1879 1531 φιλο-

1421 1535 1481 1554 σοω
1496 1537 1545 1554 αν.

1421 1535 1545 1562 σοφίαν.

1089 1569 1213 1605 θεωρίας
1226 1580 1268 1603 τις
1282 1571 1368 1607 ἄκρον
1378 1573 1395 1608 ἡ
1411 1574 1555 1609 μοναρχία,

1053 1663 1075 1693 c
1093 1664 1172 1692 sum;
1188 1666 1250 1694 qua:
1262 1664 1305 1688 est
1320 1660 1371 1688 ista
1380 1661 1393 1687 ’ί
1402 1662 1542 1696 quomodo
1554 1661 1650 1690 dividit
1664 1669 1722 1691 meo
1734 1671 1799 1698 uno,
1815 1671 1878 1693 cor-

1089 1705 1181 1739 porale
1198 1709 1225 1732 et
1248 1705 1438 1741 incorporale?
1457 1708 1596 1742 quomodo
1613 1713 1704 1736 autem
1731 1715 1878 1746 utrumque

1087 1751 1146 1777 sola
1181 1751 1284 1779 habens
1307 1752 1374 1779 nihil
1402 1753 1512 1787 utrique
1539 1754 1713 1789 participat!
1737 1756 1877 1790 quomodo

1087 1796 1180 1823 omnia
1194 1801 1246 1830 est,
1264 1803 1291 1825 et
1306 1798 1372 1825 nihil
1391 1799 1515 1826 omnium
1530 1800 1596 1827 est?

1347 1869 1391 1894 24.
1412 1874 1444 1893 In
1463 1873 1603 1895 cometam.

1123 1920 1211 1956 Supra
1236 1921 1415 1950 inflammarit
1444 1924 1560 1957 aethera,
1582 1924 1652 1952 infra
1679 1929 1800 1953 cometes
1829 1925 1873 1952 in-

1085 1967 1370 1996 cenditOceidentem.
1387 1969 1469 1997 Sidus
1485 1969 1549 1996 illud
1566 1970 1676 2005 signum
1692 1975 1734 1998 est
1749 1970 1875 1998 tenebra-

1086 2021 1159 2046 rum,
1179 2014 1306 2042 blandius
1322 2015 1436 2042 ellicitur
1454 2015 1682 2048 hnnincluciferi,
1699 2017 1747 2044 sed
1764 2017 1815 2044 hoc
1831 2017 1873 2044 iu-

1086 2059 1253 2086 ﬂairimatum
1276 2065 1319 2087 est
1343 2060 1370 2086 in
1387 2061 1460 2087 obitu
1487 2061 1646 2095 Niceplmri.
1676 2062 1798 2090 Fumans
1822 2062 1875 2089 hoc

1085 2112 1186 2131 szcvum
1211 2112 1244 2131 ex
1271 2105 1376 2132 ultione
1405 2105 1498 2131 divina
1527 2106 1619 2132 omnia
1646 2106 1794 2133 consumit.
1821 2105 1872 2134 Ubi

1084 2151 1190 2184 rugitus
1205 2155 1258 2178 tute
1277 2151 1427 2185 potestatis,
1443 2151 1497 2178 dux
1513 2152 1620 2178 invictae
1644 2152 1757 2179 Romae?
1775 2157 1873 2180 natura

1083 2204 1142 2227 rex,
1161 2197 1242 2224 rebus
1258 2198 1341 2231 gestis
1361 2196 1529 2230 Nicephore;
1547 2197 1623 2225 brevi
1641 2198 1668 2225 in
1689 2199 1815 2232 sepulcro
1831 2198 1874 2233 ja-

1083 2250 1159 2275 cens,
1175 2242 1245 2277 ruqi,
1263 2243 1316 2274 leo,
1332 2242 1401 2270 doce
1412 2243 1506 2277 vulpes
1520 2243 1633 2278 rupibus
1644 2243 1808 2272 inhabitare.

1319 2308 1364 2336 25.
1385 2309 1508 2343 Deﬁnitio
1521 2309 1632 2336 eutium.

244 2346 400 2380 sumeretis,
411 2347 542 2382 Thraces,
558 2349 649 2376 socios
663 2354 689 2376 et
712 2351 827 2379 amicos.
844 2352 987 2382 Exsultule
1003 2360 1030 2382 et

1114 2364 1335 2400 Unumquodque
1356 2373 1437 2397 esse,
1462 2365 1487 2392 id
1513 2365 1682 2400 philosophis
1705 2365 1870 2393 substantiae

243 2392 376 2427 plaudite,
391 2392 571 2428 Bulgarorum
589 2394 687 2427 tribus,
701 2401 728 2422 et
742 2401 849 2432 sceptra
866 2402 893 2424 et
906 2397 1032 2427 diadema
1086 2409 1195 2440 diem,“
1212 2392 1350 2443 [luminas
1361 2431 1368 2441 ⁷
1395 2392 1522 2437 "ngam;
1533 2431 1540 2442 ,
1560 2392 1689 2436 num-erus
1701 2429 1708 2439 ,
1724 2409 1782 2442 vis,
1801 2416 1870 2444 ροη-

243 2444 270 2466 et
287 2447 436 2474 purpuram
461 2441 600 2476 possidete
628 2448 655 2471 et
678 2449 800 2479 gestate,
816 2449 843 2473 et
856 2454 969 2475 croceas
986 2453 1030 2475 ιο-
1085 2455 1154 2488 dus;
1169 2455 1203 2482 ad
1220 2441 1285 2489 quid
1301 2460 1353 2488 est,
1371 2455 1412 2482 vel
1435 2455 1468 2482 ad
1486 2455 1560 2482 aliud
1579 2459 1621 2482 est
1642 2454 1763 2486 habitus,
1781 2441 1870 2489 quali-

242 2493 300 2520 gas.
321 2506 329 2514 .
346 2507 353 2514 .
369 2506 377 2514 .
393 2506 401 2514 .
419 2507 426 2514 .
447 2507 454 2514 .
470 2507 477 2514 .
494 2507 501 2515 .
519 2508 527 2515 .
543 2508 549 2516 .
568 2502 576 2516 ὁ
594 2509 601 2516 .
618 2509 625 2517 .
646 2509 653 2516 .
670 2490 762 2526 (Deest
776 2500 846 2519 unus
863 2493 1029 2528 vcrsus).....

1085 2505 1136 2531 tas.
1154 2500 1304 2532 character,
1320 2501 1426 2535 species
1437 2505 1463 2527 et
1478 2501 1568 2527 talitas
1579 2522 1586 2533 ,
1603 2500 1684 2527 modo
1711 2501 1869 2535 adjunctum

242 2533 370 2559 vestitum
393 2533 521 2566 mutabit,
541 2539 568 2562 et
589 2535 670 2570 lignis
694 2537 784 2572 longis
801 2539 870 2566 colla
895 2540 1028 2574 alligabit,
1083 2545 1153 2576 loci,
1176 2545 1256 2572 modo
1272 2533 1423 2580 temporis;
1445 2545 1536 2573 facere
1557 2546 1622 2580 quid
1648 2533 1790 2581 operatur,
1812 2546 1870 2574 sive

241 2579 416 2613 compedibus
440 2581 541 2614 pedes;
579 2582 728 2617 multisque
754 2584 882 2611 lacerabit
902 2590 977 2620 terga
1003 2591 1030 2613 et
1083 2599 1168 2622 meus,
1186 2591 1242 2618 sive
1253 2579 1419 2622 substantia.
1433 2592 1502 2626 pati,
1517 2579 1644 2626 excipere
1655 2592 1690 2618 ab
1706 2592 1768 2619 aliis
1784 2592 1869 2620 actio-

242 2629 381 2658 ventrem;
400 2627 458 2654 ideo
469 2628 576 2661 operari
591 2634 742 2657 cessantes.
756 2630 805 2657 hos
822 2633 956 2660 sustinete
972 2639 1028 2667 pra:
1079 2644 1144 2669 nos,
1162 2637 1280 2671 subjici,
1305 2637 1466 2669 inclinatio,
1484 2643 1532 2664 aut
1549 2637 1647 2672 positio
1662 2637 1866 2672 subjectorum,

241 2677 271 2696 se
287 2670 357 2698 l‘crre
373 2677 399 2699 et
417 2673 538 2707 cogitare
558 2675 688 2709 superba.
1079 2670 1293 2718 unumquodque
1309 2683 1411 2711 habere
1428 2683 1453 2710 id
1474 2690 1529 2717 quo
1545 2688 1634 2710 tamen
1646 2683 1734 2717 majus
1748 2682 1866 2710 exsistit.

1089 2737 1136 2764 ‘26.
1153 2737 1184 2764 In
1199 2737 1381 2765 Gnoslicorum
1402 2743 1426 2765 et
1443 2738 1626 2765 Practicorum
1643 2737 1848 2772 philosophiam.

1113 2792 1235 2820 Thcoriae
1254 2801 1361 2821 summa
1377 2798 1419 2821 est
1439 2801 1499 2828 quae
1514 2793 1549 2821 sit
1566 2793 1736 2827 monarchia,
1753 2793 1818 2828 quid
1831 2792 1867 2819 sit

362 2728 408 2756 23.
431 2730 463 2756 In
492 2731 696 2760 intellectualem
713 2734 902 2762 substantiam.

276 2784 406 2816 Quaereris
427 2786 637 2815 intellectualem
659 2789 839 2816 substantiam
866 2791 1028 2823 desperatus

275 2873 300 2889 “
316 2873 370 2903 Sic.
408 2877 430 2894 ¹¹
447 2877 511 2913 Leg.
529 2879 582 2906 vid.
603 2879 653 2911 τὰς
670 2888 698 2906 π.
710 2880 736 2906 ἀ.
748 2887 778 2913 γε
793 2879 913 2914 δράσεις.
