2082 3157
188 161 242 194 929

845 165 1019 197 CARMINA
1036 166 1153 198 VARIA

1772 171 1825 203 930

188 221 229 255 ’ἰῇ
245 218 280 254 μὲ
293 217 389 254 φέρεις
403 219 452 257 σὺν
468 220 555 256 μητρὶ
570 219 697 256 ’κρατιϊιῇ
715 220 849 256 νεύμασιν
866 222 983 256 ἐσθλοῖς,
999 227 1020 254 Α
1037 223 1092 258 Τὴν
1106 222 1156 258 σὴν
1168 222 1257 259 χάραν
1273 223 1379 250 τέθεικε
1389 223 1440 259 τὴν
1457 226 1646 260 πορνοκτὸνον.

187 263 227 301 Ἶιί
239 274 269 292 τε
283 265 372 297 θέλοις
387 265 436 292 καὶ
449 266 486 298 ὼς
500 266 617 300 ἐθέλοις,
630 267 678 294 καὶ
689 267 719 294 εῦ
732 276 762 294 τε
775 268 822 294 καὶ
836 268 927 295 ὅσσον.

226 323 279 358 με’.
288 324 341 356 Εὶς
348 324 402 350 τὸν
412 324 521 352 ἑαυτοῦ
536 325 725 352 διδάσκαλον
738 326 912 361 Νικηφόρον
931 326 981 362 (l).

190 369 292 403 Ἄμφω
304 369 438 396 καλύπτει
453 370 616 405 πράγματα,
634 370 776 406 Νικηφόρε
788 379 795 386 υ

187 414 268 445 Allia;
280 414 379 449 τάφου,
394 414 439 441 σέ·
453 414 569 448 ζῶντας,
587 415 698 450 ἀγνοίας
720 416 805 448 λίθος.

380 470 440 505 μς’.
458 471 515 498 Τοῦ
531 472 618 506 ἁγίου
633 472 794 507 Θεοδώρου.

189 516 322 551 Οὖτιδανὴ
338 517 398 551 χεὶρ
415 516 497 552 νεῦρα
512 516 534 543 δ’
556 517 711 552 άπέτμαγε,
727 518 752 544 οἱ
767 517 795 544 δέ
814 517 843 552 μ’
860 518 889 550 ἐς
910 515 981 545 ἆθλα

188 562 234 588 Ἐν
251 561 367 592 σταδίοις
382 562 509 589 καλέουσι
528 563 594 595 νέοι,
613 564 660 589 καὶ
673 563 772 590 ἕστακε
783 564 874 590 πάντα

188 608 278 642 Δῆμος
288 607 349 639 ὅλος
366 608 576 643 φιλοκέρτομος,
593 609 622 639 ὲς
633 609 655 635 δ’
666 610 732 643 έμὲν
746 609 769 625 ³⁸
784 609 912 643 γλώσσας
924 610 947 626 ⁸⁸

188 653 294 689 Πικρὰς
309 654 480 691 ἐντανύουσι,
497 655 545 681 καὶ
562 655 676 689 ὄμματα
689 655 774 692 μυρία
787 656 863 688 λοξά.

194 699 275 726 Ἀλλά
284 699 310 733 γ’
322 700 389 734 ὲμδν
401 700 501 735 κράτος
515 700 599 733 ἵλαθι,
618 701 717 736 μάρτυ,
733 702 780 728 καὶ
795 701 880 728 ἅπτει)
891 704 981 738 χειρδς

187 744 343 780 Δεξιτερῆςν
359 745 457 772 ἰθύνων
472 746 515 772 ἐπ’
531 746 625 779 ἄεθλα,
640 747 687 773 καὶ
702 746 788 780 ἄλγεα
802 747 906 774 παύων.

188 789 285 822 Οἶσθα,
302 791 407 827 μάκαρ,
425 792 565 827 κέκμηκα,
577 793 707 823 πανίλαος
721 793 782 819 ἐλθὲ
795 794 932 820 καλεῦντι.

242 846 296 882 με’.
313 849 366 880 Εὶς
382 848 436 874 τὸν
449 848 536 883 ἅγιον
552 849 703 883 Θεόδωρον
721 849 774 876 τὸν
796 851 925 884 Τύρωνίι.

193 903 241 934 Ἐκ
259 903 357 937 φλογὸς
370 905 410 935 εἰς
423 904 480 938 φῶς
493 904 624 940 ἔδραμες,
641 907 674 932 ὲκ
689 906 769 941 λιμοῦ
786 908 848 933 ποτὶ
864 908 978 942 νέκταρ.

230 949 275 980 ἘΞ
291 950 403 984 εἱρκτῆς
421 950 561 985 θαλάμους
579 951 697 986 ἔδραμες
710 952 864 988 οὐρανίους,

195 993 241 1020 Ἐκ
256 994 382 1029 βασάνων
397 995 504 1030 πικρῶν
525 996 585 1023 πότ’
600 997 684 1024 ἄεθλα
699 998 747 1024 καὶ
759 998 862 1032 ἄφθιτα
883 999 980 1033 κάλλη.

177 1047 179 1049 ·
189 1039 322 1074 Κοίρανον
330 1040 518 1075 έκπρολιπὼν,
530 1042 618 1077 μέγαν
630 1040 700 1075 εἶδες
710 1044 816 1070 ἄνακτα
827 1043 859 1079 [Χ
865 1044 981 1081 ριστόν.]

187 1081 245 1111 ’Ὧδ’
259 1085 309 1120 ἐμὲ
324 1086 372 1112 καὶ
387 1086 521 1121 καμάτων
540 1087 588 1114 καὶ
600 1087 744 1122 ἀργαλέων
759 1089 927 1123 μελεδωνῶν,

193 1130 236 1162 Ὠς
252 1131 370 1166 καμίνου
387 1132 435 1158 καὶ
447 1133 560 1168 εἱρκτῆς
574 1133 622 1159 καὶ
636 1133 762 1168 βασάνων
782 1134 862 1169 λιμοῦ
878 1143 910 1162 τε

189 1175 242 1201 Kal
254 1175 355 1211 Φαραὼ
370 1177 551 1212 κακομήτιδος
570 1177 739 1213 ὲξερύσειας,
758 1179 874 1214 μάρτυς,

186 1221 328 1257 Δύσμορον
341 1222 391 1258 ὀψέ
406 1232 460 1260 περ
477 1223 507 1255 ὃς
522 1225 568 1250 καὶ
581 1225 610 1251 ἐν
628 1225 699 1260 ὠμῷ
713 1226 799 1261 γήραϊ
814 1225 908 1260 θῆκεν.

186 1265 238 1295 Οἷα
253 1268 349 1295 παθὼν
366 1269 442 1301 ίδίοις
456 1269 571 1304 ἀγαθοῖς
588 1271 780 1306 ἐπιμέμφεται
793 1270 884 1299 οἶσθα.

187 1324 243 1360 μη¹.
253 1327 305 1359 Εἰς
317 1325 375 1360 τὴν
386 1326 509 1360 εὕρεσιν
520 1326 574 1361 τῆς
588 1327 724 1362 κεφαλῆς
733 1329 786 1356 τοῦ
797 1329 980 1364 Προόρόμου.

192 1379 236 1411 Ὠς
246 1380 313 1414 πρὶν
327 1380 473 1412 θανοῦσαν,
488 1381 581 1417 λύχνε,
597 1382 645 1408 νῦν
661 1383 862 1419 κεκρυμμένην

186 1425 282 1462 Βηγὴν
298 1426 430 1461 ἐλέγχων,
447 1426 520 1454 οὕτω
539 1428 657 1463 Χριστὸς
673 1428 822 1464 θαυμάτων

185 1503 345 1538 inimicam;
379 1505 496 1533 suadeas
539 1506 672 1533 latronem

185 1556 231 1576 sos
260 1549 346 1582 cives,
366 1550 496 1577 virtutem
520 1551 656 1583 odientes,
683 1551 816 1583 laborem,
839 1552 974 1579 homines.

186 1595 223 1621 lta
238 1602 281 1621 me
291 1595 351 1629 agis
364 1601 427 1622 cum
449 1599 538 1622 matre
570 1596 676 1630 potenti
699 1596 732 1623 ad
747 1597 849 1631 probos
864 1603 975 1631 sensus,

185 1649 238 1676 qua
251 1642 319 1669 velis
333 1646 400 1669 etut
415 1641 494 1675 velis,
510 1646 537 1670 et
556 1642 631 1677 quod
640 1647 666 1670 et
681 1649 814 1678 quanlum
827 1643 905 1671 velis.

289 1709 335 1737 45.
354 1708 388 1736 In
402 1717 480 1736 suum
494 1710 651 1745 magistratu
670 1709 857 1745 Nicephorum.

221 1766 279 1795 Duo
294 1768 480 1800 occultantur,
492 1768 666 1803 Nicephore;
682 1772 722 1802 tu,
738 1768 858 1803 sepulcri
872 1767 976 1803 lapide;

184 1814 360 1849 superstites,
376 1815 539 1850 ignorantiae
555 1814 656 1849 lapide.

422 1871 467 1898 ιθ.
489 1871 583 1898 Sancti
598 1870 740 1898 Theodori.

219 1926 440 1962 Contemptibilis
465 1933 564 1953 manus
581 1933 680 1953 nervos
704 1925 839 1958 resccnit,
863 1924 977 1959 juvenes

183 1981 249 2001 vero
265 1981 307 2001 me
324 1974 350 2000 in
367 1973 457 2001 stadio
483 1973 515 1999 ad
535 1972 626 2007 przelia
648 1976 758 2004 vocant,
787 1976 814 1998 et
841 1975 895 1998 stat
912 1971 975 1997 uui-

183 2027 279 2047 versus
297 2019 410 2046 omnino
423 2018 542 2053 populus
562 2017 685 2044 convicia
702 2023 810 2049 amans,
826 2016 853 2042 in
869 2023 913 2042 me
925 2016 978 2043 lin-

183 2073 251 2100 guas
271 2065 385 2093 acerbas
406 2064 563 2096 intendunt,
581 2069 608 2090 et
631 2063 706 2090 mille
721 2062 848 2098 obliquos
863 2061 977 2095 oculos;

184 2112 243 2142 sed,
259 2119 276 2138 o
291 2111 377 2137 robur
393 2117 496 2143 meum,
517 2108 653 2144 propitius
670 2108 719 2141 sis,
736 2112 850 2143 martyr,
870 2111 898 2134 et
912 2107 977 2134 dex-

184 2161 241 2183 tera
255 2163 335 2183 manu
351 2161 443 2190 tange,
461 2156 494 2182 ad
513 2153 626 2190 praemia
641 2153 774 2187 dirigens,
791 2157 818 2180 et
834 2152 977 2180 doloribus

183 2202 264 2229 [luem
279 2201 436 2236 imponens.
449 2200 521 2232 Scis,
536 2207 553 2227 o
564 2200 653 2232 beate,
669 2199 805 2232 laboravi,
819 2198 976 2226 misericors
991 2204 1016 2236 ι)

183 2248 244 2276 veni
263 2248 298 2276 ad
315 2252 469 2275 vocantem.

280 2306 325 2333 47.
345 2303 378 2332 lu
395 2309 518 2331 sanctum
537 2303 702 2331 Theodorum
719 2303 859 2338 Tyronem.

221 2361 260 2388 Ex
277 2361 340 2397 igne
357 2361 384 2389 in
407 2361 496 2389 lucem
513 2360 658 2392 lransiisti,
675 2368 690 2387 ο
705 2359 777 2387 fame
791 2360 825 2387 ad
842 2364 945 2392 nectar,
960 2367 976 2387 e

182 2415 291 2436 carcere
305 2408 339 2435 ad
353 2409 480 2435 ctelestes
495 2407 630 2435 transiisti
647 2407 782 2434 thalamos
795 2414 802 2439 ;
819 2413 853 2434 ex
868 2405 974 2434 acerbis

163 2454 324 2489 ssnppliciis
337 2455 371 2481 ad
389 2453 502 2487 praemia
518 2458 546 2480 et
560 2445 797 2488 incorruptibilem
816 2451 973 2486 pulchritu-

181 2501 282 2528 dinem.
306 2500 406 2535 [legem
438 2499 580 2531 deserens,
607 2507 738 2534 magnum
762 2498 840 2526 vides
862 2498 971 2529 ducem,

181 2546 359 2582 (Christum).
379 2547 416 2573 lta
440 2553 484 2573 me
508 2553 619 2580 qitoque
642 2544 782 2572 laboribus
801 2548 829 2572 et
848 2544 973 2571 molestis

181 2592 266 2624 curis,
283 2597 312 2620 ut
328 2592 448 2625 l‘ornace,
464 2596 492 2619 et
504 2598 624 2623 carcere,
637 2596 665 2618 et
680 2590 835 2625 suppliciis,
848 2594 876 2617 et
888 2590 970 2622 fame,

180 2644 206 2667 et
221 2639 372 2666 Pharaonis
386 2639 505 2670 astutiis,
517 2640 632 2670 eximas,
647 2642 760 2673 martyr,
776 2637 824 2672 qui
840 2637 970 2664 miserum

181 2686 336 2721 velmgram
361 2686 394 2713 ad
419 2690 588 2713 Senectutem
614 2685 712 2712 ell'ecit.
740 2684 838 2717 Qualia
864 2683 970 2718 patiens

180 2733 298 2767 propriis
313 2733 394 2760 bonis
408 2733 543 2768 queritur,
559 2736 586 2759 ιιι
602 2731 667 2759 scis.

731 1505 837 1534 vafrum
847 1525 855 1539 ,
900 1507 977 1534 odio-
990 1517 1012 1547 α

1190 282 1243 316 μθ’.
1262 283 1314 315 Εἷς
1330 282 1388 316 τὴν
1404 284 1505 317 τιμίαν
1521 283 1671 317 κεφαλήν.

1037 338 1072 364 Σὺ
1082 338 1137 364 τῶν
1151 338 1245 365 παθῶν
1264 339 1397 374 μάχαιρα,
1419 340 1566 374 θαυμάτων
1582 339 1689 375 βρύσις,

1035 383 1130 416 Φωνὴν
1144 382 1265 418 ἀφῆκας.
1283 385 1330 409 καὶ
1350 383 1510 419 κεκομμένη
1523 383 1603 410 πάλιν

1035 429 1093 455 Νῦν
1109 429 1256 464 Οαυμάτων
1271 429 1345 464 ῥοῦν,
1360 430 1407 456 καὶ
1421 430 1602 465 κεκρυμμένη
1619 431 1701 466 κάρα,

1038 475 1142 506 Ὄντως
1159 475 1191 501 σὺ
1206 475 1298 509 φωνῆς
1311 475 1419 509 γλῶττα
1439 475 1486 502 καὶ
1502 477 1604 510 φέγγος
1617 476 1725 511 λύχνου.

1415 522 1436 547 ν’
1439 539 1446 547 .

1035 566 1134 598 Λαλεῖς
1146 566 1235 594 θανὼν
1246 568 1288 599 σὺ,
1302 567 1351 594 καὶ
1364 568 1477 602 κρυὸεὶς
1496 568 1590 604 φαίνῃ,
1605 569 1709 604 μάκαρ.

1036 613 1072 639 Σὺ
1088 613 1146 647 φῶς
1165 613 1249 644 ὅντως
1267 613 1315 639 καὶ
1330 613 1409 648 λόγου
1426 614 1502 649 φωνὴ
1515 614 1622 649 λύχνος.

1036 668 1085 696 να’.
1093 670 1144 703 Εἰς
1153 671 1207 696 τὸν
1216 670 1345 702 Χριστὸν
1352 670 1547 698 ὑπνώττοντα
1556 671 1605 698 ἐπὶ
1617 671 1670 698 τοῦ
1678 672 1827 707 σκάφους.

1038 723 1069 753 Εἴ
1086 725 1162 757 Θεὸς,
1176 723 1202 752 εἴ
1213 725 1319 760 βροτὸς,
1335 726 1440 758 ὑπνοῖς,
1459 725 1527 752 ἀλλὰ
1552 727 1598 752 καὶ
1612 725 1728 758 εὕνασας
1746 726 1827 763 οἶδμα

1041 771 1163 802 Ὑπνοϊς,
1178 771 1285 806 ἔγρετο,
1295 773 1405 806 ἔγρετο,
1417 771 1463 797 καὶ
1478 771 1559 798 σάλον
1572 771 1670 799 εῦνασε
1683 773 1790 800 πόντου.

1301 826 1350 862 νβ’.
1367 827 1419 859 Εἰς
1440 827 1560 854 ἑαυτόν.

1034 883 1071 918 Γῆ
1087 883 1133 910 καὶ
1150 882 1273 909 θάλασσα
1287 883 1334 910 καὶ
1347 883 1427 914 πόλος
1440 882 1484 914 σὺ,
1498 882 1599 917 Χριστέ
1613 891 1677 916 μου,

997 935 1017 963 Β
1033 929 1088 955 Kal
1103 929 1157 963 γῆν
1172 928 1252 955 πατῶ
1268 930 1324 960 σοῖς
1335 928 1451 963 νεύμασι
1463 928 1636 964 καθημέραν,

1034 975 1090 1002 Kal
1104 975 1154 1010 τὴν
1166 975 1304 1002 θάλασσαν
1319 976 1351 1010 σῇ
1369 975 1535 1010 κυϐερνήσει
1549 975 1634 1005 πλέω,

1033 1019 1070 1045 Τὸ
1083 1019 1130 1045 τοῦ
1142 1019 1202 1051 νοὸς
1215 1019 1243 1045 δὲ
1257 1019 1355 1054 λαῖφος
1371 1019 1437 1046 ἰστῶ
1453 1019 1523 1054 πρὸς
1537 1019 1617 1045 πόλον
1631 1026 1638 1033 ’

1038 1064 1110 1099 Ὁρῶ
1125 1064 1153 1091 δὲ
1169 1064 1215 1093 τὸν
1231 1064 1314 1091 πλοῦν
1328 1065 1493 1099 πνευμάτων
1509 1064 1638 1092 ἐναντίων

1034 1110 1167 1145 Γέμοντα,
1181 1111 1229 1136 καὶ
1248 1110 1356 1137 δέδοικα
1368 1111 1418 1142 τὰς
1433 1112 1605 1145 καταιγίδας.

1034 1157 1089 1183 Καὶ
1101 1156 1155 1183 τῶν
1166 1157 1263 1192 παρῶν
1283 1158 1304 1173 ⁸¹
1323 1157 1448 1193 πέφρικα
1466 1158 1514 1190 τὰς
1525 1159 1686 1194 τρικυμίας,

1036 1202 1090 1228 Καὶ
1106 1203 1160 1229 τῶν
1173 1203 1313 1239 λογισμῶν
1327 1203 1357 1230 τὺ
1372 1203 1519 1230 κλυδώνιον
1530 1205 1635 1240 τρέμω.

1036 1248 1098 1279 Πῶς
1115 1246 1161 1274 οὖν
1177 1249 1289 1283 περάσω
1305 1249 1353 1275 καὶ
1369 1249 1445 1284 τέμω
1460 1250 1506 1277 τὸν
1521 1250 1600 1285 ἀέρα,

1034 1294 1087 1320 Kal
1103 1294 1153 1325 τὰς
1166 1295 1300 1326 τοσαύτας
1314 1295 1457 1326 ἐνστάσεις
1468 1296 1604 1331 διαδράσω
1618 1305 1626 1329 ;

1033 1339 1087 1365 Kal
1103 1340 1139 1374 μὴ
1153 1340 1281 1366 τοσοῦτον
1294 1342 1441 1377 ναυαγήσω
1457 1342 1504 1368 καὶ
1518 1343 1595 1368 πέσω

1033 1386 1080 1416 Εἰς
1095 1386 1209 1421 ἔσχατον
1224 1387 1276 1422 γῆς
1291 1388 1331 1419 εἰς
1348 1387 1451 1422 μυχοὺς
1464 1387 1511 1414 τοῦ
1526 1388 1664 1424 ταρτάρου
1675 1410 1682 1421 ,

1033 1431 1066 1457 Ei'
1080 1439 1126 1465 μοι
1139 1431 1229 1465 γένοιο
1247 1432 1342 1467 χερσὶν
1359 1433 1556 1468 οἰακοστρόφος
1568 1441 1576 1450 ο

1116 1508 1162 1535 48.
1181 1508 1213 1535 lu
1228 1508 1404 1535 inventionem
1420 1508 1515 1540 capitis
1533 1508 1723 1537 Prwcursoris.

1066 1563 1100 1591 Ut
1123 1564 1199 1599 prius
1217 1568 1368 1597 mortuum,
1390 1565 1514 1598 lucerna,
1533 1573 1606 1593 nunc
1631 1566 1824 1596 absconditum

1027 1608 1153 1636 revelans
1165 1607 1267 1636 fontem
1279 1609 1480 1645 prodigiorum,
1495 1610 1532 1637 ita
1548 1610 1677 1639 Christus
1688 1616 1764 1639 tuum
1776 1620 1824 1640 ca-

1027 1657 1076 1688 put
1090 1653 1218 1688 praestitit
1235 1661 1251 1681 a
1266 1655 1412 1682 meretrice
1428 1662 1546 1683 caesum.

1255 1710 1300 1738 49.
1318 1710 1351 1737 1η
1366 1711 1497 1746 egregium
1509 1715 1599 1746 caput.

1063 1753 1104 1782 Tu
1120 1755 1279 1790 passionum
1291 1757 1410 1792 gladius,
1423 1758 1610 1792 prodigiorum
1625 1758 1706 1791 latex,
1729 1765 1823 1786 vocem

1028 1801 1193 1836 amisisti,et
1217 1805 1316 1831 iterum
1341 1804 1481 1831 abscissus
1503 1805 1690 1839 prodigiorum
1715 1805 1825 1838 forts,et.

1028 1848 1218 1876 absconditum
1240 1854 1282 1877 est
1312 1854 1414 1886 caput;
1433 1858 1496 1878 vere
1517 1855 1545 1878 tu
1569 1851 1645 1879 vocis
1670 1851 1825 1886 lingua,c&

1029 1892 1147 1921 lucernae
1163 1893 1263 1929 fulgor.

1401 1941 1448 1968 50.

1065 1982 1198 2018 Loqueris
1215 1988 1352 2016 mortuus,
1365 1990 1392 2012 et
1405 1985 1585 2013 absconditus
1599 1986 1680 2017 nites,
1694 1992 1711 2012 ο
1727 1985 1822 2018 beate;

1027 2033 1056 2055 tu
1075 2028 1167 2056 lumen
1183 2036 1248 2056 vere
1263 2033 1290 2056 et
1306 2030 1382 2058 verbi
1400 2038 1463 2062 vox,
1479 2031 1599 2058 lucerna.

1098 2083 1144 2112 5L
1164 2084 1198 2112 In
1214 2084 1350 2113 Christum
1367 2086 1553 2113 dormitantem
1567 2086 1594 2112 iu
1609 2087 1743 2114 navicula.

1062 2129 1100 2158 Es
1116 2130 1199 2163 Deus,
1222 2138 1254 2159 es
1270 2131 1364 2165 homo,
1383 2132 1498 2165 dormis,
1519 2132 1565 2159 scd
1587 2132 1702 2159 ﬂuctum
1722 2133 1822 2161 sedans

1028 2175 1153 2210 dormis;
1184 2177 1468 2214 excitare,;excitare,
1496 2183 1524 2205 et
1557 2177 1704 2205 tumultum
1735 2179 1821 2207 maris

1028 2221 1104 2249 seda.

1301 2269 1346 2297 52.
1364 2269 1396 2297 In
1409 2278 1438 2297 te
1451 2271 1548 2305 ipsum.

1063 2313 1148 2342 Terra
1164 2319 1191 2342 et
1203 2323 1279 2342 mare
1292 2321 1320 2343 et
1334 2316 1447 2350 coelum,
1463 2321 1501 2348 tu,
1518 2315 1637 2348 Christe,
1655 2315 1734 2342 mihi.
1754 2314 1822 2343 Ter-

1027 2368 1086 2388 ram
1113 2361 1189 2389 calco
1212 2362 1268 2389 tuis
1283 2362 1426 2398 praeceptis
1447 2362 1582 2398 quotidie,
1608 2368 1687 2388 mare
1705 2367 1750 2389 tua
1769 2370 1820 2396 gu-

1026 2407 1188 2435 bernatione
1211 2407 1321 2442 navigo,
1348 2409 1448 2435 mentis
1462 2412 1554 2435 autem
1577 2407 1636 2434 vela
1659 2406 1693 2434 ad
1717 2407 1818 2435 cmlum

1027 2453 1125 2487 dirigo.
1142 2453 1232 2481 Cerno
1255 2459 1346 2482 autent
1363 2454 1565 2489 navigationem
1583 2453 1672 2481 ventis
1695 2454 1818 2481 adversis

1027 2500 1145 2534 plenam,
1158 2505 1186 2527 et
1201 2506 1293 2528 metuo
1303 2505 1489 2536 tempestates.
1503 2505 1530 2528 et
1544 2500 1702 2535 passionum
1719 2499 1818 2526 horreo

1027 2545 1168 2578 lluctus,el
1177 2546 1373 2581 cogitationum
1385 2546 1548 2582 agitationes
1561 2546 1654 2573 timeo.
1672 2543 1817 2577 Quomodo

1026 2599 1091 2626 ergo
1107 2592 1283 2627 pertransibo
1305 2597 1332 2619 et
1351 2599 1444 2620 aerem
1463 2592 1589 2622 sulcabo.
1604 2595 1631 2618 et
1646 2595 1737 2618 tantas
1747 2589 1817 2616 dim-

1026 2638 1142 2666 cultates
1163 2639 1300 2666 evadant?
1322 2644 1349 2667 et
1363 2639 1503 2674 quomodo
1525 2645 1580 2665 non
1607 2635 1776 2670 nanfragabo
1789 2640 1817 2662 et

1026 2692 1079 2711 non
1102 2684 1199 2712 cadam
1222 2684 1250 2712 in
1277 2684 1408 2713 inferiora
1431 2689 1512 2713 terras
1538 2683 1609 2711 etin
1632 2682 1746 2717 :ubyssos
1761 2685 1814 2708 tar—

1026 2730 1077 2758 tari
1089 2730 1101 2757 ?
1115 2730 1138 2759 si
1147 2730 1215 2759 mihi
1226 2731 1302 2759 adsis
1312 2731 1527 2767 gubernaculum
1541 2729 1668 2757 manibus
1681 2727 1814 2762 dirigens,

214 2792 254 2829 (Ι)
271 2792 353 2829 Forte
373 2793 417 2821 hic
433 2792 602 2829 Nicephorus
623 2792 667 2820 ille
687 2797 728 2821 est
742 2793 789 2828 qui
803 2792 913 2827 scripsit
947 2791 1036 2821 Vitam
1058 2792 1167 2821 Antonii
1199 2793 1319 2828 Cauleae,
1340 2793 1500 2829 patriarchae
1517 2792 1570 2820 ΟΡ.
1600 2790 1716 2827 (1-!)0l).
1733 2796 1815 2825 quam

178 2828 260 2864 Supra
275 2828 411 2857 drdimus.
430 2829 508 2856 Eutr.
524 2828 609 2856 Pun.

215 2889 237 2904 ²’
253 2887 309 2916 Sic.
349 2889 372 2904 δι’
386 2888 453 2916 Cod.
472 2889 603 2921 γλύσσας.
643 2889 665 2905 ⁸⁸
682 2888 746 2924 ch.
765 2887 870 2915 παθῶν.
