2082 3157
249 246 351 278 mecm
362 244 389 271 δὲ
404 245 454 278 τὴν
469 243 531 277 γῆν,
544 241 612 269 ἀλλὰ
627 239 674 266 νῦν
690 239 785 275 βάπτω
801 238 898 273 κάραν,

247 292 301 319 Καὶ
316 289 477 326 συμὸυθίζω
491 287 538 314 τοῦ
555 287 701 321 δράκοντος
714 285 764 320 τὴν
779 285 882 319 κάραν-

245 338 336 364 Κλίνω
348 336 376 363 δὲ
387 335 473 369 δούλῳ
490 333 624 367 δεσπότης
638 332 683 358 τὸν
698 331 810 366 αὐχένα,

247 384 300 410 Καὶ
311 382 425 415 πλάσμα
441 379 543 413 τούμὸν
561 378 688 412 ὲξανυψῶ
701 378 768 414 πρὸς
787 376 880 403 πόλον.

274 427 321 459 ξξι.
346 424 457 459 Ἧρῷονν
473 425 516 457 εὶς
527 423 582 450 τὸν
602 423 771 458 mir-torpor
786 421 938 456 Θεόδωρον
951 422 1004 448 τὸν
1058 449 1060 451 ,

550 459 734 487 Δεκαπότην.

245 506 381 542 Παρθένον
394 505 560 540 αὶγλήεσσαν
574 505 629 531 ἀπὺ
646 504 741 540 χθονὸς
759 503 855 539 αἰθέρα
871 502 968 538 βάσιν,

245 553 298 578 ’Ἢν
309 560 338 578 τε
352 551 432 586 δίκην
447 550 592 577 καλέουσιν
607 550 654 576 ἀπ’
672 549 800 584 αἰθερίιυν
817 549 898 574 πάλιν
910 547 984 582 ἠθῶν

251 597 383 631 Ὶθυδίκης
399 597 536 631 Θεόδωρος
548 596 594 621 ἐπὶ
609 595 692 630 χθόνα
703 595 829 628 δεύτερον
845 592 922 625 αὖθις

246 644 382 676 Ἦγαγεν,
397 641 567 676 ἱδμοσύναισι
583 641 673 678 νόμιον
688 640 736 668 καὶ
753 641 830 675 ἤθεσι
848 640 986 675 χρηστοῖς.

244 687 291 723 Τῷ
308 688 336 714 δὲ
351 687 527 722 παρεζομένη
543 686 632 712 λαοῖσι
651 686 745 718 δίκαζε
761 685 876 720 τάληθῆ.

253 733 299 764 Ὠς
312 732 406 767 νύμφη
419 732 557 763 ἀλίαστος,
571 731 703 767 παρθένος
715 730 831 765 ἄφθορος
846 728 899 756 οἷα.

250 779 322 805 Ἀλλ’
339 778 384 804 ὅτε
403 778 475 813 μοῖρ’
492 777 555 813 ὀλοὴ
566 777 615 804 καὶ
626 777 701 803 τόνδε
718 777 798 811 φίλης
818 776 914 806 αἰῶνος

251 824 409 859 Ἐκτέμνειν
424 823 568 858 ὴΰούλετο,
583 823 641 849 λῖνα
655 823 684 849 δὲ
698 823 787 849 πάντα
801 822 920 848 λελοίπει
929 827 937 835 ⁸

244 871 308 897 Οὐδ’
324 870 410 901 οὕτως
428 869 582 896 ἀπάνευθεν
593 869 735 904 ¹ὴίὶούλετο,
750 868 808 895 ἀλλ’
825 869 866 895 ἑνὶ
880 867 976 903 τύμϐῳ

247 915 322 950 Τᾠδε
338 915 511 950 παρεξομένη
529 913 682 949 μινύρεται,
703 912 735 940 ἇῑ
753 913 825 948 μέγα
846 913 947 948 θαῦμα,

248 962 385 996 νΛθρησον
400 961 448 987 καὶ
462 961 580 995 ἀστέρας
594 960 715 987 εἰδώλοιο
729 960 860 994 γυναικὸς

244 1007 348 1040 Φέγγος
365 1006 587 1041 ἀμαυροτέρους,
606 1007 652 1031 καὶ
669 1007 697 1037 ὲς
709 1005 790 1032 πόλον
805 1005 880 1031 ἵκετο
893 1003 1002 1034 πένθος.

254 1052 343 1083 Ἀλλὰ,
354 1051 443 1086 νόμοι,
463 1051 570 1085 γοάοιτε
582 1050 633 1077 δίκ’
650 1050 804 1078 ἀπάνευθεν
820 1051 922 1082 ἐόντες,

246 1097 294 1129 Τίς
312 1097 339 1123 δὲ
353 1097 432 1132 δίκης
450 1097 618 1132 παράκοιτιν
633 1096 700 1132 ὁμοῦ
715 1096 838 1132 καθαρόν
864 1105 893 1123 τε
909 1095 1020 1130 φυλάξει
1033 1103 1040 1128 ;

373 1152 423 1188 En’.
441 1153 493 1185 El;-
510 1153 582 1185 τοὺς
592 1153 698 1187 ἁγίους
709 1153 914 1186 ἀποστόλους.

247 1195 298 1225 Ὠν
311 1198 358 1226 καὶ
369 1199 432 1225 καθ’
445 1196 486 1230 εἷς
500 1198 603 1225 ἔσωσεν
617 1198 770 1233 ἀνθρώπων
783 1199 871 1231 ἔθνος,

247 1243 306 1269 Νῦν
323 1243 424 1274 πάντες
434 1243 465 1269 οὺ
487 1242 605 1269 σώσουσι
617 1242 726 1278 Μιχαὴλ
743 1242 834 1278 μόνον.

284 1288 332 1321 ἔθ’.
345 1289 397 1321 ΕΙς
414 1287 459 1321 τὸ,
476 1296 486 1313 ι
507 1289 719 1322 Διεμερίσαντο
741 1288 777 1316 τὰ
794 1288 894 1324 ἱμάτιά
903 1298 973 1324 μου.
991 1298 1001 1313 ι

250 1344 337 1380 ΙΙνοὴν
352 1344 466 1380 μερίζω,
482 1344 579 1379 χόρτον
595 1344 680 1380 ἀγρὸν
695 1345 790 1377 ὲνδύω,

250 1391 304 1417 Καὶ
317 1390 364 1417 νῦν
381 1390 512 1426 μεριστῆς
528 1390 582 1417 τῶν
598 1391 673 1425 ἐμῶν
690 1391 848 1426 ἐνδυμάτων

254 1436 325 1472 Ἰιῖμή
341 1436 420 1472 μερὶς
434 1436 482 1463 καὶ
493 1436 594 1471 κλῆρος
605 1444 612 1451 ·
626 1436 684 1463 ἀλλ’
703 1437 782 1472 ἄφες,
803 1437 904 1472 Πάτερ.

315 1481 346 1508 (ι’.
367 1483 420 1514 Εἰς
435 1481 583 1508 Θεοτόκον
597 1481 753 1515 φέρουσαν
769 1482 824 1508 τὸν
837 1476 976 1516 Χριστόν.

248 1538 344 1574 Nysi;
360 1538 391 1565 τὸ
408 1538 462 1564 πᾶν
476 1537 519 1568 σὺ,
535 1536 585 1564 κᾶν
600 1537 672 1574 φέρῃ
689 1545 719 1564 σε
735 1536 879 1570 παρθένος.

248 1634 345 1663 ιλιψιιις
362 1629 448 1663 tingo.
464 1634 491 1656 et
502 1636 556 1656 una
573 1636 666 1663 mergo
678 1628 807 1655 draconis
819 1633 900 1662 caput
912 1636 919 1660 ;
937 1627 1038 1654 inclino
1051 1631 1073 1662 ί]

248 1683 327 1702 servo
341 1675 448 1702 Domini
459 1675 570 1707 collum,
590 1679 617 1702 et
632 1679 786 1702 creaturam
813 1681 900 1700 meam
922 1673 1038 1701 sustollo

248 1723 282 1748 ad
301 1721 412 1748 caelum.

285 1778 332 1805 (Π.
373 1777 544 1812 Epitaphium
562 1777 603 1812 Vin
638 1777 797 1812 magistrum
835 1775 999 1803 Theodorum

555 1811 722 1844 Decaputem.

286 1866 425 1902 Virginem
438 1866 606 1901 splendidam
621 1875 636 1894 e
653 1871 724 1894 terra
742 1867 775 1894 ad
804 1867 902 1894 cmlum
934 1874 1041 1901 regres-

251 1921 322 1945 sam,
338 1920 419 1947 quam
441 1911 578 1940 Justitiam
596 1916 705 1945 vacant,
719 1919 733 1939 e
746 1913 905 1940 cmlestibus
931 1919 1040 1939 rursum

251 1958 365 1985 sedibus
381 1957 557 1992 aequissimus
573 1956 734 1985 Theodorus
751 1958 778 1985 in
799 1962 898 1985 terram
920 1957 1041 1985 secundo

251 2003 376 2035 adduxit,
412 2003 480 2036 iuris
505 2003 648 2037 prudentia
671 2008 698 2030 et
721 2003 814 2038 probis
842 2004 975 2031 moribus.
1003 2003 1042 2031 Illi

251 2054 342 2074 amem
358 2046 481 2074 assidens
495 2047 603 2081 populis
632 2054 694 2074 vera
719 2047 862 2082 judicabat
885 2052 916 2075 nt
941 2055 1042 2082 sponsa

251 2092 352 2124 tidelis,
374 2097 403 2118 ut
420 2092 496 2125 virgo
510 2091 651 2119 inviolata.
670 2092 722 2120 Sed
738 2093 849 2128 quando
865 2093 950 2120 latum
969 2093 1045 2120 fune-

252 2143 323 2164 stunt
348 2137 431 2172 hujus
447 2138 593 2172 pretiosam
610 2138 691 2164 vitam
717 2146 811 2166 secare
832 2138 927 2171 voluit.
956 2143 983 2165 et
1000 2138 1044 2165 lila

251 2183 343 2210 omnia
360 2184 453 2217 rupit,.
470 2190 525 2210 non
546 2183 583 2209 ita
604 2185 723 2211 amoveri
743 2185 829 2211 voluit
841 2185 897 2214 illa.
912 2185 959 2212 sed
989 2192 1046 2212 uno

252 2228 380 2264 :epuicro
395 2228 433 2255 illi
447 2228 573 2256 assidens
589 2229 684 2264 gemit,
699 2237 715 2256 o
727 2238 855 2265 magnum
872 2231 1023 2265 prodigium
1036 2231 1043 2257 ι

252 2274 412 2308 Contempla
425 2273 516 2302 sidera
530 2274 653 2303 mulieris
677 2275 794 2310 imagine
820 2276 993 2308 obscuriOra,
1017 2276 1044 2304 in

253 2318 353 2346 ιλωΙιιιιι
373 2326 484 2354 quoque
494 2319 542 2346 ivit
557 2320 666 2353 luctus;
701 2321 760 2353 sed,
778 2321 860 2356 leges,
888 2322 1002 2356 plorate,
1029 2330 1044 2349 ιι

252 2364 358 2398 iustitia
370 2364 468 2391 iterum
480 2365 609 2399 exsules;
625 2366 688 2401 quis
708 2367 781 2394 enim
809 2367 945 2402 justitiam
978 2375 1044 2396 con-

252 2411 344 2445 iugem
359 2410 442 2438 simul
456 2415 483 2438 et
498 2411 657 2439 inviolatam
669 2413 811 2440 servabit?

448 2467 490 2494 '58.
507 2467 540 2495 1η
549 2473 653 2496 sanctos
665 2469 816 2500 Apostolus.

289 2513 411 2546 Quorum
428 2522 500 2541 unus
514 2515 619 2542 salvum
639 2516 748 2543 iecisset
773 2516 914 2544 hominum
947 2525 1044 2552 genus.

255 2567 329 2586 nunc
359 2567 457 2587 omnes
481 2568 536 2587 non
568 2561 658 2588 solum
689 2561 849 2590 Michaelem
874 2563 979 2590 salvum
1003 2563 1045 2591 fa-

254 2607 336 2634 cient.

325 2652 370 2680 69.
386 2652 495 2679 lnillud
515 2663 525 2679 ι
539 2653 689 2694 Diviseruut
708 2655 860 2682 vestimenta
874 2664 940 2683 mea.
950 2665 959 2681 ι

290 2707 422 2742 Spiritum
456 2708 558 2742 divido,
602 2710 724 2745 gramine
755 2718 882 2745 campum
911 2709 1045 2742 vestio,et

255 2759 329 2778 nunc
353 2752 582 2780 vestimentorum
603 2761 727 2780 meorum
742 2753 877 2781 divisores
895 2758 959 2781 sunt
984 2761 1044 2781 mea

256 2798 345 2830 portio
357 2803 383 2824 et
397 2798 559 2832 baereditas;
578 2799 625 2827 sed
645 2799 761 2834 dimitte,
775 2799 866 2827 Pater.

291 2883 313 2899 “
326 2884 391 2911 Cod.
414 2895 477 2919 μρσ.

886 182 1046 216 JOANNIS
1062 182 1279 214 GEOMETRE

1056 242 1078 268 Α
1093 237 1158 268 Υἱὸς
1170 236 1237 263 Θεοῦ
1253 236 1298 269 σὺ,
1313 235 1366 262 κᾶν
1384 234 1480 271 βροτοῦ
1498 235 1582 271 φαίνῃ
1597 233 1701 261 τέκον.

1094 281 1266 317 ’Δπανταχοῦ
1279 282 1324 314 σὺ,
1338 281 1390 308 κᾶν
1403 277 1454 309 ὦδε
1468 280 1577 316 βλέπεις
1592 279 1683 314 μόνον.

1331 352 1382 376 οα’.
1398 350 1450 382 Εἰς
1468 348 1522 375 τὸν
1540 347 1639 381 Ἰωήλ.

1094 407 1249 440 Ἐξίστατιι
1263 406 1370 442 βλέπων
1380 415 1422 438 τις
1436 406 1613 440 ἐξεστηκότα,

1088 453 1194 487 Θάμὸει
1207 453 1352 488 προφήτην
1368 451 1483 486 εἰσορῶν
1495 450 1642 486 τεθηπότα.

1089 499 1167 526 Οὕτω
1180 498 1210 524 τὸ
1223 498 1327 532 θάμϐος
1347 498 1430 532 μέχρι
1445 497 1558 524 καὶτῶν
1569 495 1726 531 χρωμάτων

1089 543 1213 569 Δείκνυσι
1223 542 1305 577 τέχνη
1321 542 1371 577 τὴν
1387 541 1468 576 φύσιν
1485 540 1654 576 μιμουμένη.

1306 600 1355 635 οβ’.
1372 601 1423 633 Εἷς
1440 599 1493 626 τὸν
1507 598 1670 626 Μαλεῖνον,

1095 667 1198 700 Ῥύτις,
1212 667 1332 703 Μιχαὴλ,
1357 663 1408 693 ὧδε
1424 666 1458 701 σὴ
1472 666 1520 693 καὶ
1536 665 1581 697 ob;
1599 665 1655 699 βίος
1879 688 1894 703 .

1092 715 1171 749 Ἔριν
1186 714 1294 740 δικαίαν
1307 710 1386 749 εὗρον
1396 720 1404 728 ⁶
1418 711 1534 746 ἄγγελον
1548 711 1615 746 βίος,

1096 760 1128 786 Ἦ
1141 759 1164 786 δ’
1179 758 1214 786 αὖ
1230 759 1310 794 ῥύσις
1325 758 1421 794 Θνητόν
1434 766 1463 785 σε
1476 757 1522 784 καὶ
1538 756 1632 791 βροτὸν
1645 756 1731 784 λέγει.

1090 807 1243 841 Συνήγορον
1257 804 1378 831 λαῦοῦσα
1390 804 1485 830 τούτου
1497 803 1542 829 τὸν
1559 802 1654 836 τάφον.

1266 875 1317 906 of.
1329 872 1380 903 Εἰς
1395 870 1448 897 τὸν
1467 869 1706 904 Εὑαγγελισμόν.

1056 927 1074 953 υ
1091 929 1167 967 Δοκῶ
1188 938 1351 974 βροτοῦσθαι
1366 940 1412 966 καὶ
1428 939 1508 966 πάλιν
1523 938 1568 964 τὸν
1586 937 1726 972 Δεσπότην

1089 988 1200 1023 Χαίρων
1217 988 1231 1013 ό
1254 986 1401 1020 πεμφθεὶς,
1417 986 1434 1019 ή
1448 985 1525 1020 Κόρη
1540 983 1728 1020 Θαμὸουμένη.

1096 1034 1152 1060 Ὠσὶ
1167 1033 1197 1059 τὸ
1213 1033 1337 1068 Πνεῦμα,
1352 1031 1459 1067 Πατρὺς
1472 1032 1488 1066 ἡ
1506 1035 1566 1066 χεὶρ
1584 1030 1692 1063 ὑψόθεν,
1754 1067 1759 1071 ⁸

1100 1081 1217 1107 Ἤκουσα
1233 1079 1343 1110 πάντως
1358 1079 1405 1105 καὶ
1421 1078 1462 1110 τὸ,
1479 1078 1604 1112 Χαίροις,
1621 1076 1739 1111 ἀγγέλου
1750 1083 1759 1094 ⁸

1092 1126 1123 1152 Εἰ
1141 1126 1179 1161 μὴ
1194 1126 1225 1152 τὺ
1238 1125 1357 1160 πρᾶγμα
1369 1124 1416 1150 καὶ
1432 1122 1514 1150 πάλιν
1529 1122 1622 1149 λαθεῖν
1636 1123 1700 1149 ἔδει.

1130 1171 1244 1206 Χαίροις
1256 1171 1291 1197 τὰ
1306 1171 1440 1205 μνῆστρα,
1460 1168 1546 1196 ταῦτα
1559 1169 1581 1195 δ’
1595 1169 1658 1195 ἕδνα
1670 1177 1723 1200 σοι,
1740 1169 1828 1204 Κόρη,

1094 1217 1186 1249 Χθὼν,
1203 1216 1330 1250 οὐρανὸς,
1347 1215 1480 1247 θάλασσα,
1499 1215 1632 1250 σύμπασα
1648 1215 1749 1246 κτίσις,

1095 1263 1202 1298 Βροτοὶ,
1219 1262 1291 1295 νόες,
1303 1263 1334 1288 τὸ
1352 1262 1460 1297 πρῶτον
1478 1261 1494 1296 ἢ
1511 1261 1621 1288 πάντων
1637 1260 1730 1292 πλέον,

1094 1309 1144 1340 Σὸς
1162 1309 1238 1340 Παῖς,
1254 1307 1322 1334 Θεοῦ
1337 1308 1417 1338 Παῖς,
1431 1306 1583 1340 Δεσπότης,
1604 1306 1650 1338 σὸς
1667 1307 1794 1340 νυμφίος.

1137 1354 1166 1380 Ὁ
1181 1353 1254 1386 Νοῦς
1265 1353 1307 1386 τὸ,
1320 1353 1416 1389 Χαῖρε,
1433 1353 1480 1380 καὶ
1498 1353 1583 1386 Λόγος
1598 1353 1647 1379 σὺν
1658 1352 1697 1387 τῷ
1709 1352 1782 1388 λόγῳ

1097 1400 1184 1436 Ὑπὲρ
1195 1400 1290 1434 λόγον,
1308 1400 1368 1436 σὴν,
1386 1400 1493 1434 Μῆτερ,
1510 1400 1579 1426 οἰκεῖ
1593 1399 1726 1433 γαστέρα.

1128 1446 1211 1481 Δέχου
1224 1446 1254 1472 τδ
1270 1445 1325 1480 πῦρ
1340 1444 1474 1480 χαίρουσα
1491 1452 1497 1459 ·
1510 1444 1601 1479 χρυσᾶ
1614 1443 1710 1478 λυχνία

1092 1491 1189 1526 Φλέγει
1203 1490 1356 1526 Χερουϐὶμ,
1368 1490 1438 1525 πλήν
1454 1498 1482 1516 σε
1498 1489 1546 1516 καὶ
1561 1488 1667 1523 τέρψει,
1684 1489 1773 1525 Κόρη.

1125 1536 1155 1565 ὐ
1168 1537 1272 1573 μητρὸς
1288 1536 1310 1553 ⁸⁸
1326 1536 1405 1569 ἐκτὸς
1422 1535 1472 1572 σὴν
1487 1536 1650 1572 προμήτορα
1666 1535 1781 1569 πλάσας,

1200 1628 1245 1655 70.
1264 1626 1295 1654 1η
1310 1627 1452 1662 Deiparam
1475 1627 1612 1656 Christum
1626 1626 1761 1659 ferentem.

1127 1683 1193 1711 Fers
1211 1684 1337 1711 universa
1351 1689 1390 1716 tn,
1404 1684 1467 1711 licet
1481 1689 1506 1711 le
1530 1683 1606 1718 virgo
1632 1682 1701 1709 {erat
1715 1690 1722 1714 ;
1739 1682 1823 1709 Filius
1842 1681 1890 1710 ιιι

1093 1734 1132 1762 ιιι,
1149 1729 1212 1757 licet
1230 1730 1353 1757 mortalis
1366 1735 1447 1757 natus
1463 1729 1598 1762 videaris;
1612 1729 1712 1763 ubique
1720 1736 1750 1755 es
1767 1733 1807 1760 tu,
1825 1727 1889 1755 licet

1091 1776 1127 1804 ibi
1145 1781 1248 1803 tantum
1262 1776 1394 1803 ccrnaris.

1395 1822 1440 1850 7|.
1455 1821 1487 1848 In
1501 1821 1572 1848 Joet.

1129 1867 1284 1895 Retrocedit
1294 1867 1341 1902 qni
1353 1867 1442 1895 cernit
1449 1867 1551 1894 exstasi
1564 1867 1720 1901 abreptum,
1728 1870 1816 1899 stupet
1824 1871 1890 1900 pm-

1094 1912 1203 1947 phetam
1217 1913 1262 1947 qui
1279 1913 1378 1948 aspicit
1400 1913 1536 1946 territum,
1554 1913 1594 1941 sic
1603 1917 1741 1948 stuporem
1754 1919 1842 1946 usque
1854 1911 1888 1938 ad

1093 1958 1199 1986 colores
1212 1959 1333 1986 ostendit
1346 1967 1394 1987 ars
1410 1964 1534 1986 naturam
1553 1959 1672 1987 itnilata.

1362 2005 1407 2032 ’12-
1424 2004 1457 2032 In
1473 2005 1617 2033 Melinum.

1130 2050 1201 2083 Tua,
1214 2051 1346 2085 Michael,
1366 2051 1441 2079 salus
1458 2059 1588 2086 praesens,
1605 2056 1632 2079 et
1645 2052 1699 2079 vita
1715 2056 1760 2079 tua
1786 2052 1844 2086 just
1862 2059 1889 2078 ιιι

1094 2097 1318 2132 disceptationem
1340 2097 1448 2131 attulit;
1464 2098 1589 2132 angelum
1609 2099 1675 2131 vita,
1703 2098 1778 2126 salus
1795 2105 1886 2124 aruum

1096 2143 1238 2169 mortalem
1268 2147 1294 2170 te
1312 2147 1340 2170 et
1372 2142 1512 2170 hominem
1523 2143 1601 2176 dicit,
1621 2147 1720 2171 testem
1747 2143 1830 2179 hujus
1843 2151 1889 2169 sr-

1097 2188 1224 2222 pulcrum
1238 2196 1362 2216 sumens.

1346 2243 1390 2271 75.
1414 2243 1447 2270 In
1460 2243 1643 2279 Evnngelium.

1061 2302 1083 2330 ο
1131 2298 1195 2326 Mihi
1214 2299 1324 2327 videtur
1343 2300 1465 2328 mortalis
1475 2301 1640 2328 ﬁeriiternm
1670 2300 1820 2334 Dominus;
1846 2309 1891 2328 sa-

1099 2345 1190 2373 lutans
1220 2345 1345 2376 nuntius.
1365 2346 1443 2381 virgo
1469 2346 1590 2377 turbata,
1611 2347 1724 2374 auribus
1749 2346 1888 2381 spiritum,

1100 2390 1189 2418 Patris
1203 2391 1343 2418 dexteram
1361 2391 1499 2423 altissimi,
1513 2391 1605 2418 audivi
1632 2391 1780 2419 admodum
1799 2395 1827 2418 et
1839 2391 1891 2418 Are

1099 2436 1208 2470 angeli;
1226 2436 1249 2462 si
1269 2444 1322 2462 non
1340 2444 1397 2463 rem
1419 2437 1518 2463 iterum
1539 2441 1665 2472 oporteat
1682 2436 1778 2464 latere.

1135 2483 1202 2514 Ave,
1216 2482 1249 2509 de
1275 2483 1450 2517 sponsalibus
1460 2483 1560 2516 laetare,
1576 2483 1632 2510 haec
1647 2482 1693 2510 tibi
1707 2487 1782 2513 sunt.
1796 2482 1889 2517 Virgo.

1101 2534 1225 2558 numera,
1243 2532 1327 2559 terra,
1346 2529 1456 2559 malum.
1470 2536 1556 2562 mare,
1569 2530 1672 2556 creatio
1688 2529 1791 2560 omnis,
1816 2536 1891 2555 mor-

1101 2574 1179 2606 tales,
1192 2574 1306 2607 spiritus
1323 2575 1396 2609 quod
1421 2576 1496 2609 prius
1513 2580 1540 2602 et
1567 2576 1657 2610 majus
1680 2575 1808 2603 omnibus
1838 2579 1890 2608 est,

1101 2619 1174 2646 lilins
1187 2625 1262 2650 tuus,
1281 2618 1328 2646 Dei
1341 2619 1438 2652 Filius,
1452 2620 1586 2648 Dominus
1600 2625 1663 2648 tuus
1679 2629 1806 2656 sponsus.

1135 2663 1265 2699 Spiritus,
1281 2672 1342 2697 ave,
1361 2671 1388 2692 et
1399 2665 1517 2693 Verbum
1543 2674 1605 2694 cum
1626 2667 1709 2694 verbo
1718 2674 1799 2702 supra
1832 2674 1890 2693 ver-

1099 2711 1174 2742 bum,
1190 2713 1278 2742 tuum,
1295 2702 1515 2743 materfbabitat
1530 2716 1661 2740 venirent.

1119 2755 1218 2790 Accipe
1233 2755 1322 2790 ignem
1341 2756 1496 2785 laetabunda
1511 2766 1518 2784 :
1535 2766 1633 2785 aureas
1646 2757 1728 2785 taedas
1741 2757 1891 2785 inccmlunt

1100 2800 1260 2836 Cberubim,
1278 2807 1304 2830 et
1320 2807 1411 2831 tamen
1428 2809 1454 2831 te
1480 2803 1629 2837 delectant,
1642 2803 1736 2839 Virgo.
1755 2803 1807 2838 Qui
1833 2803 1891 2830 sine
