2082 3157
230 170 281 203 937

231 226 287 254 Νῦν
301 225 403 261 πατρὺς
416 226 493 257 ἐκτὸς
508 225 654 253 πλάττεται
667 234 720 258 σοι,
733 225 865 261 Παρθένε.

267 272 390 306 Χαίροις,
402 270 431 296 τὸ
444 271 519 305 ῥῆμα
535 270 582 298 καὶ
598 271 628 297 eo
639 271 755 306 πρᾶγμά
770 278 816 306 μοι
831 269 929 304 λέγων,

230 318 279 349 Σδς
293 318 370 349 Παῖς,
382 316 449 343 Θεοῦ
466 317 544 348 Παῖς,
560 317 708 351 Δεσπότης,
725 316 770 348 σὸς
785 315 910 351 νυμφίος.

265 363 388 398 Χαίρηις,
401 364 414 388 ὁ
425 361 507 393 Νοῦς.
523 361 636 397 ἔφησας,
649 362 672 388 ὣ
684 362 802 397 τερπνοῦ
815 363 903 396 Λόγου

232 410 370 443 ’Λῤῥητος
385 408 402 442 ὴ
414 407 562 442 σάρκωπιςῑ
580 406 602 432 ὢ
619 407 714 433 καινοῦ
728 407 840 442 τρόπουῑ

229 453 338 488 Γαστὴρ
350 451 478 486 γυναικὸς
493 449 607 486 οὐρανοῦ
626 453 688 487 νικᾷ
704 452 796 484 κύτος.

227 510 272 536 οδ’.
293 511 343 541 Εἰς
355 509 412 541 τὴν
430 508 575 535 Θευτόκον
591 508 640 534 καὶ
658 508 729 541 τοὺς
739 508 887 542 ἀγγέλους
902 508 950 534 καὶ
965 507 1018 534 τὸν

263 545 348 577 ᾶτιον
361 543 483 570 Παῦλον
497 543 546 569 καὶ
561 543 631 575 τοὺς
641 543 835 576 άποστόλοῠς
848 542 889 576 τῷ
901 542 1018 577 Χριστῷ

262 580 492 613 προσφέροντας
508 579 562 604 τὸν
577 578 803 613 Χριισόστομον.

227 635 327 666 Σκεῦος
339 635 369 661 τὺ
382 633 501 669 χρυσοῦν
516 634 631 668 χρύσεον
645 633 731 669 δῶρον
746 634 824 668 φέρει

227 680 283 712 Σοὶ,
302 679 412 714 Χριστὲ,
427 678 542 710 Παῦλος,
564 678 597 712 σὴ
609 678 638 704 δὲ
652 677 759 713 λυχνία,
776 679 875 713 Λόγον,

225 726 286 757 Φῶς
304 723 488 758 αὺτολαμπὲς,
510 723 661 759 πυρφλόγοι
676 723 722 750 τὸν
741 724 890 760 πυρπνόον.

227 771 282 806 Τὴν
295 771 318 797 δ’
337 767 370 797 αὖ
386 770 508 805 σαγήνην
523 770 539 804 ἠ
555 769 677 797 Θάλασσα
689 769 744 795 τῶν
761 769 849 804 λόγων

226 818 258 844 Οἱ
271 817 325 844 πᾶν
340 815 557 850 σαγηνεύσαντες
571 815 599 842 ἐν
613 814 702 848 λόγοις
715 815 801 847 ἔθνος.

259 862 356 897 Χρυσῆ
373 863 405 888 σὺ
418 860 505 896 πηγὴ,
523 860 638 895 χρύσεον
650 860 728 895 δέχου
740 861 827 895 στόμα

224 909 263 935 Δι’
276 905 307 935 οὗ
327 908 359 934 τὰ
379 907 468 942 χρυσᾶ
486 905 593 941 ῥεῖθρα,
607 906 718 940 Χριστὲ,
735 906 790 932 σῶν
804 905 892 940 λόγων

225 955 326 990 Κύκλῳ
341 953 455 990 χεθέντα
472 954 563 980 πᾶσαν
583 952 691 988 ἀρδεύει
707 953 802 988 χθόνα.

464 1013 512 1038 os'.
527 1012 578 1044 Εἰς
594 1010 648 1037 τὸν
668 1010 771 1045 τάφον.

224 1058 307 1095 ᾍδης
322 1057 466 1094 νεκροῦται
483 1057 581 1092 νεκρὸν
598 1057 726 1093 ἁρπάσας
740 1057 818 1084 κάτω

224 1105 258 1131 Σὲ
272 1104 317 1131 τὸν
332 1104 436 1139 νεκρῶν
447 1103 599 1139 κρατοῦντα
612 1103 660 1130 καὶ
675 1101 796 1134 ζώντων,
810 1101 892 1137 Λόγε.

225 1151 279 1178 Καὶ
295 1151 336 1177 σοὶ
354 1151 566 1183 συνεξέπνευσεν
576 1149 787 1181 ὲκπεπνευκότι,

225 1197 301 1231 Ζωῆς
317 1196 429 1232 χορηγι,
445 1196 493 1223 καὶ
509 1195 593 1230 πνοῆς
605 1194 789 1231 αὐτοκράτορ.

259 1242 297 1267 Τὸ
310 1241 429 1276 πνεῦμα,
442 1241 488 1268 τὸν
502 1240 578 1274 νοῦν,
588 1241 640 1275 τὴν
656 1240 824 1275 πυρίστομον
842 1239 930 1275 φλόγα

225 1287 288 1318 Πῶς
301 1287 391 1322 σῶμα,
407 1287 467 1318 πῶς
483 1286 558 1322 χοῦς,
580 1286 641 1318 πῶς
659 1286 692 1313 σὺ
707 1286 803 1322 χόρτος
821 1285 860 1313 ὦν
876 1286 1011 1322 γράφεις;

226 1333 318 1359 Πείθει
335 1333 418 1359 πόθου
435 1332 501 1367 φλὸξ
516 1331 564 1358 καὶ
578 1331 678 1366 φλογὸς
695 1331 811 1366 γράφειν
828 1331 940 1363 τύπους.

270 1379 299 1405 '0
311 1378 372 1409 νοῦς
386 1377 481 1412 βλέπει
496 1377 568 1410 νοῦν,
585 1375 694 1411 πνεῦμα
711 1375 777 1411 πῦρ,
791 1376 809 1411 ἡ
828 1376 927 1412 καρδία

232 1424 278 1451 Ἐν
290 1424 393 1455 ὑλικοῖς
405 1424 486 1454 ἇῦλος
501 1423 530 1449 ὲν
546 1422 617 1457 τόσῳ
631 1422 716 1456 τόπῳ.

267 1470 296 1496 ’0
315 1469 368 1505 γῆς
380 1469 486 1497 κυκλῶν
498 1477 528 1495 τε
539 1468 631 1495 καὶτὰ
641 1467 688 1494 τοῦ
701 1466 784 1494 πόλου
805 1466 906 1502 πλάτη,

228 1515 273 1548 Et;
286 1515 338 1550 γῆν
349 1516 363 1542 ό
378 1514 492 1550 πληρῶν
504 1514 552 1541 καὶ
563 1513 655 1545 πόλον,
672 1513 721 1540 καὶ
733 1513 873 1548 Δεσπότης

882 170 1054 201 CARMINA
1070 171 1198 202 VARIA.

1034 235 1054 261 Α
1071 226 1183 253 Πάντων
1198 226 1288 252 άῢλων
1302 225 1403 252 ὺλικῶν
1418 234 1446 252 τε
1460 224 1628 261 κτισμάτων,

1803 170 1856 202 938

1071 272 1256 307 Περιγραφεὶς
1271 271 1372 306 ἕστηκε
1389 274 1437 307 τῆς
1451 272 1552 307 σαρκὸς
1562 272 1651 307 τύπῳ.

1069 317 1102 343 Τί
1118 317 1210 343 καινὸν
1225 318 1250 344 et
1265 317 1312 344 καὶ
1325 318 1418 349 δοῦλος
1435 317 1484 353 ὕλῃ
1499 317 1546 344 τὸν
1559 317 1646 344 τύπον

1069 361 1192 394 Δίδωσιν,
1211 361 1292 393 αὐτὸς
1305 361 1414 396 πνεῦμα
1432 362 1479 388 καὶ
1490 361 1551 393 νοῦς
1565 362 1707 397 τυγχάνων
1719 369 1728 396 ς

1243 410 1297 439 ος¹.
1317 408 1369 439 Είς
1382 407 1505 435 ὑέλινον
1522 407 1678 442 ἀγγελίην.

1109 451 1154 485 Ἐξ
1167 451 1252 478 ὑέλων
1266 451 1316 486 μὲν
1330 451 1389 485 φῶς
1405 451 1505 486 ὁρατοῦ
1520 452 1678 486 φωσφόρου,

1068 497 1122 524 Τοῦ
1134 498 1156 524 δ’
1172 497 1205 524 αὖ
1217 497 1347 532 θεουργοῦ
1363 498 1452 532 φωτὸς
1470 497 1686 529 ἀντανακλάσεις

1068 544 1151 570 Κάτω
1161 543 1333 579 διαρρέουσιν
1344 544 1368 570 οῑ
1385 543 1453 570 θεῖοι
1464 543 1534 574 νόες.

1105 590 1248 625 Ἔσοπτρα
1260 590 1347 624 φωτὸς
1364 589 1437 617 ὔελοι
1453 590 1503 625 μὲν
1519 589 1608 624 ἡλίου,

1067 635 1120 661 Τοῦ
1134 635 1156 661 δ’
1171 635 1246 670 ἥλιον
1264 634 1405 666 κτίσαντος
1421 635 1445 661 οἱ
1456 635 1522 662 θεῖοι
1538 635 1607 666 νόες.

1109 681 1156 707 Ἐκ
1176 682 1302 716 φοινικῆς
1318 681 1472 716 μορφοῦσθε
1488 681 1587 715 λευκῆς
1604 681 1683 708 ὑέλου

1067 726 1122 753 Τοῦ
1139 727 1228 761 φωτὸς
1241 726 1278 759 ὡς
1291 725 1422 763 ἔσοπτρα,
1437 727 1484 754 τοῦ
1503 727 1589 762 πυρὸς
1605 728 1713 762 φλόγες.

1240 785 1289 817 οζν,
1304 786 1357 818 εὶς
1367 785 1420 812 τὸν
1434 785 1686 820 ἀρχιστράτηγον.

1066 841 1137 873 Φῶς,
1153 840 1274 876 πνεῦμα,
1289 840 1363 873 νοῦς.
1377 840 1444 876 πῦρ,
1459 841 1506 868 καὶ
1521 842 1657 876 φλογῶδες
1671 843 1704 869 σὺ
1720 842 1807 877 ξίφος,

1073 885 1151 921 Ἐμοὶ
1167 885 1217 920 μὲν
1226 883 1274 913 οὖν
1289 886 1359 920 φῶς,
1371 886 1492 921 πνεῦμα,
1504 886 1565 919 νοῦς
1576 887 1720 920 ἔναντίοις,

1067 930 1127 966 Πῦρ
1141 931 1188 958 καὶ
1203 930 1279 965 ξίφος
1291 931 1392 966 φάνηθι
1410 932 1458 958 καὶ
1470 932 1546 966 φλὸξ,
1561 933 1610 964 τὰς
1623 932 1719 967 φύσεις

1067 976 1166 1008 Καλῶς
1181 975 1301 1012 μερίζων
1317 977 1355 1008 ὡς
1374 977 1527 1012 στρατηγὸς
1541 978 1592 1013 τῆς
1605 978 1707 1013 μάχης.

1250 1035 1301 1068 οη’.
1318 1034 1369 1066 Εὶς
1384 1032 1442 1066 τὴν
1454 1033 1615 1068 Σαμσρῒτιν
1631 1034 1666 1062 ⁸⁹ο

1065 1077 1208 1104 Θάλασσαν
1224 1078 1368 1111 ἐξέϐλυοα,
1387 1079 1435 1105 καὶ
1453 1079 1529 1114 πόλῳ
1545 1081 1644 1115 στέγην

1072 1123 1116 1156 Ἐξ
1134 1123 1240 1150 ὑδάτων
1249 1123 1366 1159 ἦπλωσα
1375 1132 1382 1140 °
1395 1124 1444 1151 νῦν
1459 1125 1483 1152 δ’
1497 1125 1566 1152 αἰτῶ
1579 1125 1665 1161 πόμα,

1072 1168 1102 1195 '0
1113 1168 1165 1204 γῆν
1179 1169 1293 1197 πιαίνων
1309 1170 1411 1205 νάμασι
1430 1170 1601 1206 καθημέραν.

1066 1224 1114 1253 οϐ’.
1129 1226 1181 1259 Εἰς
1197 1226 1252 1254 τὸν
1267 1226 1451 1262 Πρόὸρομον,
1469 1226 1523 1254 τὸν
1548 1227 1707 1262 Θεολόγον,
1728 1229 1777 1256 καὶ
1801 1230 1856 1257 τόν

1348 1260 1577 1297 Χρυσόστομον.

1066 1317 1121 1352 Τὴν
1132 1316 1162 1349 ἐξ
1173 1317 1277 1352 ἐρήμου
1293 1318 1427 1353 μουσικὴν
1438 1318 1550 1354 ἀηδόνα,

1067 1363 1243 1399 Χρυσήλατον
1257 1363 1406 1399 σάλπιγγα,
1422 1365 1469 1391 καὶ
1484 1365 1600 1400 βροντῆς
1612 1365 1702 1400 γόνον,

1073 1408 1199 1444 Ἰωάννην
1215 1408 1306 1444 τστησι
1321 1409 1367 1436 καὶ
1378 1409 1416 1445 νῷ
1426 1409 1472 1436 καὶ
1488 1409 1576 1445 τύπῳ.

1193 1465 1231 1492 π’.
1248 1467 1300 1498 Εις
1312 1465 1371 1499 τὴν
1383 1466 1495 1497 ,βίϐλον
1509 1467 1563 1493 τοῦ
1579 1468 1738 1502 Θεολόγου.

1073 1511 1204 1539 ἐνταῦθα
1214 1512 1338 1548 γλώττης
1350 1513 1491 1548 ἀστραπαὶ
1507 1513 1558 1547 τῆς
1574 1515 1715 1549 πυρπνόου

227 1589 314 1612 matre
324 1589 398 1612 tuam
414 1583 528 1619 primam
544 1587 659 1610 matrem
680 1581 819 1615 formavit,
853 1581 927 1609 nunc
953 1581 1047 1617 sinec
1099 1581 1150 1615 Qui
1158 1585 1237 1609 terra:
1245 1586 1273 1609 et
1286 1581 1348 1609 coeli
1371 1581 1581 1609 immensitatem
1598 1582 1678 1616 capit,
1695 1583 1741 1618 qui
1755 1589 1854 1612 terram

227 1635 302 1665 patre
314 1627 341 1656 in
351 1633 376 1656 te
392 1627 537 1661 formatur,
547 1627 643 1663 Virgo.

267 1676 336 1707 Ave,
353 1680 379 1702 et
392 1675 485 1702 laetare
499 1674 533 1702 de
559 1673 641 1701 verbo
657 1676 684 1701 et
705 1681 745 1708 re,
759 1673 825 1702 dicit
836 1671 913 1704 mihi,
929 1670 1015 1700 Filius

226 1725 300 1754 tuus,
318 1720 362 1748 Dei
381 1720 476 1752 Filius,
493 1718 625 1746 Dominus
640 1726 756 1753 sponsus
773 1722 847 1746 tuus.

263 1766 328 1797 Ave,
344 1764 446 1798 dixisti,
462 1763 593 1799 Spiritus,
606 1763 677 1791 heu!
693 1763 803 1798 propitii
816 1762 897 1791 Verbi
920 1762 1016 1789 inclta-

225 1812 288 1839 bilis
298 1816 340 1840 est
360 1810 524 1843 incamatio,
549 1809 622 1838 heu!
649 1810 732 1837 modo
764 1809 886 1838 insolito.
914 1808 1011 1836 Venter

226 1857 348 1885 mulieris
363 1856 424 1886 costi
440 1855 651 1884 immensitatem
671 1855 769 1884 vincit.

227 1912 271 1939 Ἡ.
289 1910 322 1938 In
341 1910 486 1945 Dcfpuram
500 1915 525 1937 et
545 1909 665 1944 angelos,
692 1913 814 1945 sanctum
844 1908 962 1936 Paulum
989 1913 1013 1936 et

295 1946 430 1981 apostolos
443 1945 549 1974 Clm'slo
564 1945 701 1979 offerentes
712 1944 939 1979 Chryrouomm.

266 2001 387 2030 Aureum
402 2002 626 2033 instrumentum,
641 2007 755 2028 aureum
768 2000 869 2028 donum
884 2000 936 2028 fert
954 2000 1013 2031 tibi.

223 2045 635 2079 Christe,Paulus;luaantem
668 2044 791 2077 lucerna,
816 2043 948 2076 Verbum.
974 2043 1014 2070 Iu-

224 2098 283 2118 cem
293 2098 328 2118 ex
348 2098 378 2118 se
397 2090 605 2126 splendentem;
621 2089 793 2124 ﬂammigeri,
807 2093 927 2116 mentem
942 2088 1015 2124 igni-

225 2142 456 2172 tam;sagenam,
471 2143 548 2163 mare
573 2136 720 2163 verborum
751 2136 800 2170 qui
822 2135 921 2170 piscati
950 2139 1014 2163 sunt

225 2181 317 2209 verbis
327 2188 439 2208 omnem
448 2180 591 2208 mundum.

260 2227 312 2260 Tu,
332 2233 416 2253 aurea
427 2226 500 2259 fons,
517 2232 631 2253 aureum
646 2233 678 2254 os
688 2225 797 2260 accipe;
816 2233 849 2253 ex
861 2233 916 2261 quo
928 2232 1011 2253 aurea

226 2273 327 2300 fluenta
354 2277 465 2299 tuorum
489 2271 649 2304 verborum,
668 2270 789 2304 Christe,
804 2271 909 2299 circum
926 2271 1012 2300 εποδε

225 2326 336 2346 omnem
353 2319 441 2354 rigant
454 2321 567 2345 terram.

468 2363 511 2390 75.
542 2361 575 2389 1η
589 2362 749 2396 sepulcrum.

262 2408 399 2436 infernum
420 2413 510 2436 morte
540 2408 666 2442 plectitr
691 2412 831 2435 mortuum
848 2407 1012 2436 todeorsum

225 2455 335 2490 rapiens
350 2461 522 2482 mortuorum
531 2462 621 2490 regem
638 2458 665 2482 et
677 2454 812 2487 vivorum,
841 2453 973 2487 Verbum,
987 2460 1014 2482 et

226 2505 315 2527 tecum
329 2500 486 2535 erspirante
504 2499 664 2535 exspiravit,
688 2499 751 2528 vita:
765 2500 820 2528 dux
840 2504 868 2527 et
888 2500 1012 2536 spiritus,

226 2545 350 2572 Domine.

260 2591 405 2626 Spiritum,
420 2595 548 2623 mentem,
567 2591 646 2626 igneo
658 2599 690 2618 ex
707 2599 754 2619 ore
771 2595 914 2620 exeuntem
935 2591 1014 2620 llam-

225 2644 309 2670 mam,
336 2638 472 2672 quomodo
498 2645 599 2672 corpus
620 2645 702 2664 arena
721 2642 748 2664 et
763 2637 855 2665 fenum
880 2645 943 2665 eum
962 2638 1009 2670 sis,

225 2683 372 2711 inscribis?
398 2683 495 2710 suadet
515 2682 620 2710 amoris
646 2683 756 2710 flamma
771 2683 888 2710 ﬂamma:
901 2691 1012 2719 quoque

225 2729 325 2764 ﬁguras
338 2729 497 2757 inscribere.

262 2774 337 2802 Mens
352 2775 440 2802 cernit
449 2780 579 2808 mentem,
589 2774 702 2809 spiritus
714 2774 816 2809 ignem.
833 2781 880 2804 cor
889 2775 1013 2806 immate-

226 2820 302 2848 rialis
313 2821 340 2848 in
353 2820 541 2848 malerialibus
557 2820 609 2848 hoc
624 2820 685 2848 loco
697 2825 748 2848 est.

267 2879 290 2896 λ’
306 2879 375 2907 Cod.
391 2878 438 2905 τὸν
452 2879 624 2914 Σαμαρίτην.

389 2928 524 2958 ΡΛτιιυι..
547 2930 604 2958 Gn.
625 2928 699 2958 CVI.

1065 1630 1093 1654 et
1107 1628 1206 1655 coelum
1216 1627 1345 1663 complet.
1356 1631 1383 1655 et
1395 1625 1527 1655 Dominus
1539 1631 1580 1655 est
1595 1628 1718 1656 omnium
1732 1630 1853 1658 immate-

1066 1671 1174 1700 rialium
1183 1677 1210 1700 et
1225 1673 1405 1701 materialium
1415 1678 1616 1706 creaturarum,
1628 1674 1855 1711 circumscriptus

1065 1718 1239 1746 stetitcarnis
1256 1719 1354 1754 ﬁgura.
1368 1718 1438 1753 Quid
1449 1720 1548 1747 mirum
1562 1719 1585 1747 si
1609 1727 1705 1748 servus
1735 1722 1857 1749 materiae

1065 1763 1178 1800 figuram
1193 1765 1306 1800 praebet,
1322 1773 1385 1793 cum
1401 1766 1459 1801 ipse
1471 1766 1585 1801 spiritus
1594 1769 1621 1794 et
1633 1774 1710 1795 mens
1722 1768 1856 1796 exsistat?

1258 1821 1303 1849 76.
1320 1821 1354 1849 In
1368 1822 1489 1850 nuntium
1504 1823 1702 1858 crystallinum.

1101 1878 1122 1905 E
1136 1879 1264 1915 crystallo
1290 1880 1400 1915 quidem
1417 1880 1463 1908 lux
1487 1881 1601 1909 visibilis
1620 1880 1736 1914 luciferi,
1757 1881 1857 1910 divinre

1065 1929 1154 1952 autem
1164 1925 1232 1954 lucis
1244 1925 1424 1955 refractiones
1435 1926 1562 1954 deorsum
1576 1927 1740 1956 transﬂuunt
1757 1928 1856 1956 divina:

1065 1976 1180 1999 mentes.

1102 2017 1218 2052 Specula
1239 2018 1308 2047 lucis
1318 2017 1384 2046 solis
1400 2023 1466 2047 sunt
1477 2019 1615 2055 crystalla,
1624 2019 1683 2054 ejus
1697 2024 1789 2047 autem
1805 2020 1854 2055 qui

1065 2065 1150 2093 solem
1167 2065 1270 2092 creavit
1284 2064 1385 2092 divina:
1399 2068 1515 2093 mentes.

1100 2110 1122 2137 Ε
1142 2111 1226 2138 rubro
1240 2109 1366 2139 formata:
1380 2110 1449 2139 estis
1466 2115 1495 2138 et
1505 2110 1571 2138 albo
1581 2111 1724 2147 crystallo,
1743 2117 1773 2140 ut
1785 2113 1855 2140 lucis

1065 2156 1186 2192 specula,
1200 2155 1272 2192 ignis
1280 2156 1407 2184 ﬂammae.

1277 2213 1320 2241 77.
1337 2212 1371 2241 In
1383 2214 1513 2242 exercitus
1536 2219 1639 2242 ducem.

1100 2256 1170 2290 Lux,
1182 2257 1306 2292 spiritus,
1315 2266 1405 2292 mens,
1414 2258 1531 2293 ignis,let
1541 2258 1684 2288 ﬂammeus
1692 2261 1765 2289 ensis
1777 2266 1802 2289 tu
1813 2270 1854 2295 es,

1065 2303 1132 2331 mihi
1142 2303 1251 2339 quidem
1260 2304 1342 2339 igitur
1353 2304 1450 2338 lucem,
1460 2305 1597 2340 spiritum,
1611 2311 1727 2334 mentem
1738 2315 1855 2344 oppono.

1065 2349 1137 2384 ignis
1149 2354 1175 2377 et
1189 2350 1262 2378 ensis
1275 2350 1398 2378 cernaris
1410 2354 1437 2378 et
1448 2350 1567 2384 ﬂamma,
1589 2357 1701 2380 naturas
1715 2359 1787 2381 recte
1813 2355 1854 2382 di-

1065 2395 1162 2423 videns
1179 2400 1209 2422 ut
1223 2395 1278 2423 dux
1288 2396 1456 2424 certaminis.

1295 2441 1338 2469 78.
1362 2441 1396 2469 In
1410 2441 1622 2471 Samaritanam.

1103 2488 1175 2516 Mare
1197 2488 1282 2516 ﬂuere
1306 2487 1370 2520 feci.
1387 2492 1412 2515 et
1441 2488 1511 2516 coelo
1527 2493 1628 2517 teetnm
1642 2498 1675 2517 ex
1706 2490 1786 2525 aquis
1807 2499 1854 2518 er-

1067 2535 1165 2569 pandi;
1182 2542 1255 2562 nunc
1265 2538 1357 2562 autem
1374 2539 1468 2569 potum
1479 2541 1555 2571 rogo,
1581 2537 1629 2571 qui
1659 2541 1760 2564 terran-
1783 2537 1850 2564 rivis

1068 2579 1190 2614 quotidie
1201 2579 1314 2607 imbibo.

1071 2625 1115 2652 79.
1133 2626 1167 2652 In
1180 2633 1380 2660 praeunorem,
1404 2625 1571 2662 Theotogum,
1583 2632 1606 2654 el
1627 2626 1853 2661 Chryrorlomum.

1105 2668 1235 2697 Musicam
1248 2678 1263 2697 e
1277 2670 1387 2698 deserto
1403 2671 1560 2704 lusciniam,
1575 2679 1688 2699 auream
1705 2671 1812 2704 tubam,
1827 2677 1855 2700 et

1068 2715 1182 2743 tonitrui
1191 2715 1288 2750 lilium,
1298 2715 1418 2744 Joannes
1434 2716 1517 2744 refert
1528 2721 1618 2744 mente
1629 2721 1656 2745 et
1669 2717 1767 2752 figura.

1290 2772 1336 2800 80.
1352 2770 1383 2800 1η
1393 2772 1488 2799 librum
1500 2772 1634 2807 Theologi,

1105 2818 1143 2845 lbi
1163 2818 1262 2854 linqu
1273 2818 1379 2854 fulgura
1402 2818 1491 2854 ignem
1507 2818 1647 2853 spirantis,
1661 2824 1690 2846 ut
1715 2826 1730 2846 e
1749 2819 1856 2847 duolus

1620 2926 1658 2956 30
