2082 3157
259 255 305 285 Ὦς
324 253 356 279 ὲκ
367 252 439 278 δυοῖν
455 251 544 286 ῥέουσι
557 247 652 283 πηγῶν
664 246 717 272 τῶν
731 245 796 276 ἄνω,

252 300 312 330 ⁶ῐνῶς
326 297 486 332 ὸρθοδόξοις,
506 293 672 328 αἱρετισταῖς
685 292 711 317 δὲ
727 290 826 325 φλόγα.

295 342 426 370 Ἐνταῦθα
439 339 556 373 σάλπιγξ
569 339 586 373 ή
601 337 748 368 θεόκτυπος
758 335 827 370 λύρα

255 388 374 424 Βροντῆς
387 387 474 420 λόγων
490 383 632 419 πληροῦσα
644 382 696 417 γῆν
709 391 739 408 τε
751 381 798 408 καὶ
808 380 897 407 πόλον.

253 433 383 460 Ἐνταῦθα
397 431 468 458 κινεῖ
485 429 534 465 τὴν
546 428 697 455 θεόκτυπον
709 427 795 462 λύραν

257 477 372 512 Ὀρφεὺς
386 477 401 502 ὁ
418 473 548 510 Χριστοῦ,
564 474 618 500 πᾶν
631 473 722 500 ἀπίτω
739 472 832 507 θηρίον
844 479 852 486 θ

252 523 308 549 Πᾶν
323 521 435 556 θρέμμα
448 519 567 555 Χριστοῦ
583 518 638 545 τῶν
661 518 765 553 κρότων
781 516 912 544 ἀκουέτω.

465 577 521 601 πα’.
539 575 590 606 Εἰς
607 574 660 600 τὸν·
678 573 823 607 σπόγγον.

253 632 347 666 ’Ύδωρ
368 630 471 664 πέτρας
487 628 592 662 ἀφῆκα,
606 627 653 653 καὶ
669 627 750 653 πόλου
768 626 828 660 μέλι

251 676 313 703 Τῶν
327 676 413 711 ἡδέων
425 674 539 708 ἓπλησα,
554 672 628 703 λαός,
646 672 691 698 σὺν
711 671 808 706 στόμα,

254 722 326 757 Πρὸς
342 721 375 756 τῇ
392 721 483 754 σφαγῇ
500 718 529 744 δὲ
546 717 593 744 καὶ
610 717 691 752 χολὴν
708 716 785 748 δίδως
799 724 830 742 συ
848 724 892 751 μοι

254 768 287 794 Ὢ
302 766 444 800 σπλάγχνα
459 764 556 798 πικρὰ,
574 763 643 797 πλὴν
657 762 692 788 τὰ
709 763 816 796 χρηστά
828 769 878 795 μου
893 761 965 795 πάθη

254 813 347 839 Πᾶσαν
364 810 490 844 καθαίρει
503 808 557 834 σῶν
574 807 668 833 παθῶν
681 806 730 841 τὴν
746 806 869 841 πικρίαν.

474 862 529 896 φιβ’.
549 862 600 893 Εἰς
614 860 672 893 τὴν
685 860 813 894 λόγχην.

255 919 380 953 ιιλευρᾶς
394 917 499 943 ἓπλασα
515 915 628 949 πλάσμα
645 915 696 948 σῆς
713 914 784 940 Εὕαν
801 913 894 942 πάλαι.

255 963 377 998 Πλευρὰν
394 962 423 988 δὲ
439 962 549 996 ρήσσεις
563 960 612 994 τὴν
626 959 695 994 ἐμὴν
707 959 792 993 λόγχῃ
810 957 842 984 σύ
856 966 899 992 μοι
909 965 916 972 ·

258 1011 355 1045 Ὅμως
370 1009 401 1035 τὸ
416 1007 527 1042 τραῦμα
544 1006 690 1040 φάρμακον
707 1003 849 1039 κεραννύει

255 1055 316 1082 Τῶν
327 1053 491 1088 τραυμάτων
505 1059 553 1078 σου
565 1051 612 1077 καὶ
626 1050 660 1076 τὰ
673 1049 767 1084 ῥεῖθρα
782 1048 935 1083 βλυστόινει.

467 1107 524 1139 πῇ.
540 1105 591 1137 Eli;
607 1103 665 1137 τὴν
679 1102 829 1137 χλαμύδα.

257 1165 294 1190 Th
311 1162 366 1197 φῶς
381 1160 462 1196 στολή
480 1168 535 1195 μοι,
551 1158 597 1185 νῦν
610 1158 637 1185 δὲ
652 1157 759 1193 χλαμὺς
774 1156 872 1188 ὲνδὺει,

258 1209 358 1244 Στυλὴν
371 1206 546 1235 ἀπεκδύουσα
556 1205 604 1240 τὴν
622 1203 670 1239 σὴν
689 1202 830 1238 αἰσχύνης.

294 1266 346 1290 πέ.
364 1263 415 1295 Εἰς
429 1261 473 1292 τὸ,
493 1270 501 1286 ι
518 1259 730 1294 Διεμερίσαντο
745 1258 780 1284 τὰ
794 1257 891 1293 Ιμίὶτιά
908 1266 977 1291 μου.
997 1266 1005 1282 ι

260 1316 367 1344 Χιτῶνα
381 1315 460 1341 τείνω
474 1315 506 1349 τῇ
527 1313 614 1339 κτίσει
629 1312 676 1338 τὶν
690 1312 770 1346 ἀέρα,

261 1362 349 1395 Πλοὴν
365 1359 479 1396 μερίζω,
496 1357 544 1384 νῦν
560 1357 582 1383 δ’
594 1356 669 1391 ὲμῶν
685 1355 844 1390 ἐνδυμάτων

253 1407 347 1441 σἘμδς
362 1405 492 1441 μεριστὴς
504 1403 603 1438 κλῆρος
617 1411 624 1417 ·
641 1401 699 1428 ἀλλ’
711 1401 789 1435 ἄφες,
801 1400 892 1435 περῶν
907 1400 940 1426 ⁵⁵.

297 1451 384 1486 [ἶν’,ὴν
402 1449 518 1485 μερίζω,
537 1448 586 1474 νῦν
611 1447 689 1482 μερὶς
704 1446 805 1481 κλῆρός
821 1445 845 1471 τ’
863 1445 927 1479 spuit;

262 1499 362 1533 Κλήρῳ
378 1506 409 1532 με
415 1496 504 1532 ρισταὶ
516 1494 571 1520 τῶν
585 1493 660 1528 ἐμῶν
677 1491 844 1526 ἐνδυμάτων.

304 1543 472 1578 Ἀφθαρσίας
488 1541 590 1574 ἔνδυμα
604 1539 634 1566 τὸ
649 1538 714 1575 πρὶν
729 1537 824 1569 ὲνδὺω,

881 187 1041 219 JOANNIS
1061 187 1277 217 GEOMETii/E

1821 183 1872 215 340

1055 247 1078 276 Α
1093 245 1149 271 Νῦν
1164 245 1251 279 σάρκα
1266 244 1316 280 τὴν
1333 253 1381 278 σην
1394 245 1472 276 αὐτὸς
1489 245 1660 279 ἐνδεδυμένον

1096 291 1261 323 ’Λπεκδύει;,
1276 291 1402 326 ἄνθρωπε
1413 299 1420 307 ·
1438 291 1508 326 πλὴν
1523 291 1591 317 ἀλλὰ
1608 290 1705 323 στέγω,

1088 338 1196 364 Μᾶλλον
1212 338 1240 364 δὲ
1250 337 1299 373 τὴν
1314 337 1412 363 θέωσιν
1427 337 1507 368 αὐτὸς
1520 338 1616 364 ὲνδύω.

1300 392 1352 419 πδ’.
1370 392 1421 425 Εἰς
1435 393 1470 418 τὰ
1493 392 1662 425 σπάργανα.

1089 447 1120 473 Εἰ
1134 447 1181 473 καὶ
1193 447 1319 474 tamtva
1333 446 1476 480 ἐνδέδυμαί
1492 455 1533 473 σοι
1553 446 1646 480 ῥάκος,

1089 492 1125 518 Τὺ
1138 492 1264 527 λαμπρὸν
1278 492 1398 527 ἐξύφηνα
1412 491 1460 518 τοῦ
1477 491 1559 518 πόλου
1576 489 1687 520 πλάτος.

1327 558 1386 582 πςν.
1401 556 1451 587 Εἰς
1470 553 1506 580 τὰ
1525 552 1633 587 δεσμά.

1089 612 1219 646 Δεσμείτε
1234 612 1337 646 χεῖρας,
1358 607 1400 641 αἶς
1414 609 1508 636 παθῶν
1523 608 1577 642 ἐγὼ
1593 608 1678 638 λύσας

1095 657 1183 692 ’Υμᾶς
1199 657 1311 683 τέθεικα
1327 655 1410 690 γῆθεν
1428 654 1650 689 αἱθεροδρὸμους.

1205 710 1259 741 σις’.
1281 710 1454 745 Ἐπιτύμσια
1468 709 1516 736 ἐπὶ
1533 706 1759 737 Κωνσταντίνῳ.

1090 765 1202 800 Πλήρης
1215 765 1350 799 κατέστην
1365 765 1413 790 καὶ
1427 764 1533 798 χρόνων
1547 771 1576 788 τε
1590 762 1637 788 καὶ
1649 760 1738 787 πόνων

1091 812 1263 848 Περιτρέχων
1275 812 1338 847 γῆν,
1354 811 1402 847 τὴν
1414 811 1499 847 ὑγρὰν
1518 809 1683 843 περιπλέων.

1092 858 1173 885 Λίθον
1184 858 1212 884 δὲ
1230 858 1274 885 τὸν
1286 858 1421 893 τρίπηχυν
1436 857 1466 882 οὺ
1479 854 1644 890 παρατρέχω
1656 863 1662 869 ·

1056 914 1079 942 Β
1094 904 1195 937 Κετμαι
1209 903 1237 929 δὲ
1253 902 1366 937 μακρῶν
1383 903 1414 928 ἐκ
1429 901 1519 927 κόπων
1535 898 1720 933 πεπαυμένος,

1092 948 1175 982 Δίκην
1190 947 1312 983 φρικώδη
1324 946 1485 982 προσμένων
1500 945 1549 979 τὴν
1568 943 1697 978 ἐσχάτην,

1093 994 1141 1026 Σὺς
1157 991 1218 1025 ὧδε,
1239 994 1341 1028 Σῶτερ,
1355 993 1463 1026 οἰκέτης
1474 985 1686 1019 ιζωνσταντῖνος.

1130 1040 1231 1074 Πολλὴν
1247 1038 1363 1074 ἐπῆλθον
1374 1038 1422 1072 τῆς
1436 1037 1511 1063 κάτω
1526 1035 1631 1071 χθονὸς,
1645 1034 1726 1068 Λόγε,

1093 1088 1177 1120 Δόξης
1188 1086 1302 1122 ἀνῆλθον
1316 1084 1390 1122 δεξιᾷ
1407 1085 1440 1118 σῇ
1456 1083 1524 1118 προς
1543 1082 1624 1117 μέγα,

1101 1132 1170 1159 Ἀλλ’
1186 1131 1216 1157 οὒ
1230 1120 1369 1165 παρῆλθον
1382 1128 1428 1155 τὸν
1443 1128 1578 1162 τρίπηχυν
1593 1126 1639 1152 νῦν
1652 1124 1736 1151 λίθον.

1102 1176 1171 1202 Ἀλλ’
1184 1175 1229 1207 οὓς
1241 1174 1355 1209 ἐφεῦρον
1368 1174 1397 1200 ὲν
1411 1173 1460 1208 βίῳ
1477 1172 1534 1206 φῶς
1546 1171 1593 1197 τοῦ
1614 1170 1684 1204 βίου,

1097 1222 1133 1248 Τὸ
1145 1221 1202 1255 φῶς
1212 1219 1354 1250 τεκοῦσαν,
1371 1218 1429 1253 φῶς
1443 1218 1482 1247 σὲ.
1498 1217 1544 1243 τοῦ
1565 1215 1653 1251 φωτὸς
1664 1215 1738 1249 γόνε,

1097 1267 1210 1301 Εὖροιμι
1227 1265 1307 1291 κάκεῖ
1318 1263 1376 1298 φῶς
1389 1271 1419 1289 τε
1430 1262 1478 1288 καὶ
1494 1260 1571 1287 λύσιν
1585 1259 1685 1286 πόνων.

1132 1311 1257 1341 Κόλπους
1273 1308 1390 1344 ἐπῆλθον
1402 1307 1449 1335 καὶ
1463 1307 1564 1338 τόπους
1573 1306 1624 1340 γῆς
1641 1303 1764 1339 μυρίους,

1096 1357 1211 1392 Θρόνους
1227 1355 1343 1390 διῆλθον,
1360 1353 1476 1389 ἀρχικὰς
1499 1352 1633 1384 ἐξουσίας,

1103 1403 1173 1430 Ἀλλ’
1187 1396 1217 1428 οὐ
1234 1400 1372 1436 παρῆλθον
1391 1400 1437 1426 τὺν
1450 1399 1585 1433 τρίπηχυν
1599 1396 1647 1423 νῦν
1660 1394 1745 1421 λίθον,

1098 1447 1201 1480 Κεῖμαι
1220 1445 1248 1471 δὲ
1259 1444 1355 1479 νεκρὸς
1369 1443 1425 1470 τῶν
1437 1443 1530 1469 κόπων
1543 1439 1727 1474 πεπαυμένος,

1099 1491 1181 1525 Δίκην
1198 1489 1321 1525 φρικώδη
1339 1488 1501 1524 προσμένων
1515 1486 1563 1521 τὴν
1576 1485 1703 1520 ἐσχάτην.

1105 1535 1175 1561 ‘AD.’
1189 1536 1206 1570 ἠ
1222 1535 1255 1561 τὰ
1269 1534 1369 1569 ῥευστὰ
1380 1532 1461 1560 δοῦσα
1474 1532 1522 1559 τοῦ
1537 1532 1612 1558 κάτω
1628 1529 1698 1565 βίου,

265 1634 348 1660 ﬂuant
364 1629 521 1658 caelestibus
546 1627 664 1655 fontibus
681 1626 726 1654 lux
743 1624 910 1656 orthodoxis,
937 1623 1043 1651 lucreti-
1057 1629 1079 1659 ρ
1131 1623 1348 1658 Incorruptiouis
1368 1622 1559 1650 vestimentum
1589 1620 1654 1647 olim
1670 1618 1767 1647 .induo
1779 1638 1785 1648 ,
1811 1625 1884 1646 nunc

263 1679 305 1705 eis
318 1684 427 1711 quoque
437 1675 564 1701 ﬂammat.

301 1723 338 1749 lbi
370 1722 444 1753 tuba,
474 1719 596 1746 divinum
623 1725 726 1745 sonans
745 1717 803 1751 lyra
823 1714 936 1742 tonitrui
960 1714 1049 1742 verbis

266 1770 386 1804 complet
402 1774 501 1796 terram
529 1771 555 1793 et
569 1766 679 1792 ccelum.
708 1764 747 1791 lbi
762 1764 851 1798 pulsat
866 1763 987 1790 divinum
1005 1769 1049 1789 so-

268 1821 377 1843 nantem
395 1815 480 1849 lyram
499 1811 624 1846 Orpheus
639 1809 752 1840 Christi,
765 1808 856 1835 Omnis
871 1807 950 1835 abeat
976 1806 1050 1838 fera;

268 1861 357 1888 omnis
375 1858 475 1887 Christi
491 1857 621 1884 alumnus
637 1863 721 1883 sonos
733 1853 835 1881 audiat.

531 1902 561 1938 έΙ
587 1910 619 1937 In
635 1910 781 1945 spongiam.

303 1971 408 2004 Aquam
420 1975 435 1995 c
446 1970 524 2002 petra
538 1964 633 1996 ‘eduxi,
655 1967 682 1990 ct
695 1962 798 1990 cwlesti
831 1960 910 1988 melle
932 1959 1054 1995 jucundo

270 2021 347 2044 tuum
364 2022 405 2046 os,
427 2021 444 2041 ο
470 2011 579 2047 pepule,
602 2009 704 2045 repleri
728 2008 780 2042 ;in
806 2006 992 2034 immolatione
1019 2004 1055 2032 fel

269 2059 373 2094 praebes
390 2062 417 2084 tu
451 2054 562 2083 mihi.0
582 2054 664 2081 corda
687 2052 796 2079 amara!
825 2055 943 2078 attamen
959 2049 1056 2077 fausta:

271 2111 338 2131 mea:
359 2101 500 2137 passiones
530 2105 638 2128 onmem
661 2097 759 2125 tollunt
773 2101 881 2124 tuorum
898 2095 1053 2130 passionum

271 2147 489 2177 amaritudinem.

551 2199 596 2226 8‘2.
607 2199 641 2225 In
654 2199 782 2224 lanceam.

308 2259 330 2286 E
359 2257 443 2284 latere
464 2259 512 2282 tuo
541 2253 625 2280 Evam
650 2251 763 2278 formavi
780 2250 856 2281 olim.
878 2255 906 2277 et
930 2254 956 2276 tu
987 2249 1058 2276 latus

275 2303 380 2338 rumpis
410 2301 504 2328 lancea
522 2299 588 2326 mihi
612 2307 619 2324 :
641 2301 759 2324 attamen
789 2296 889 2322 vulnus
909 2295 1056 2322 remedium
1073 2299 1095 2326 Ι)

274 2351 371 2377 miscet
381 2353 487 2375 tuarum
505 2345 646 2371 vulnerum
662 2348 688 2370 et
699 2343 799 2369 ﬂuenta
815 2341 924 2368 emittit.

525 2398 568 2425 83.
589 2396 622 2424 In
639 2396 813 2431 chlamydem.

312 2457 369 2484 Lux
385 2453 575 2483 vestimentum
589 2450 655 2479 mihi
672 2454 728 2483 cst,
744 2457 815 2477 nunc
830 2449 952 2484 chlamys
971 2447 1060 2480 vestit,

275 2504 438 2533 vestimento
448 2505 476 2527 te
488 2504 540 2527 tua:
551 2496 726 2532 turpitudinis
737 2503 851 2523 exuens.

328 2559 373 2587 ει.
389 2557 421 2584 In
437 2554 505 2582 illud
516 2574 523 2587 ,
542 2563 551 2579 ‹
573 2551 721 2579 Diviserunt
739 2550 892 2577 vestimenta
908 2556 975 2574 mea.
994 2556 1002 2573 ν

312 2613 445 2641 Tunicam
458 2609 539 2637 tendo
553 2605 682 2635 crcationi
695 2611 795 2636 aerem,
812 2603 936 2638 spiritum
951 2601 1058 2632 divido,

278 2666 350 2686 nunc
386 2660 476 2684 autem
501 2659 625 2681 meorum
645 2649 869 2677 vestimentorum
894 2647 998 2674 divisor
1021 2650 1063 2673 est

279 2711 336 2731 mea
351 2701 506 2730 haereditas.
516 2699 563 2727 sed
573 2697 688 2728 dimitte,
696 2696 784 2722 Pater.

315 2749 445 2784 Spiritum
465 2746 571 2776 divido,
586 2751 660 2771 nunc
685 2741 773 2776 portio
789 2747 848 2767 mea
865 2743 893 2767 et
921 2737 1063 2766 lucreditas

280 2794 502 2821 cestimentorum
519 2797 641 2818 meorum
657 2787 789 2816 divisores
803 2789 877 2813 sunt.

319 2883 343 2898 °°
362 2882 438 2910 Fers.
453 2883 550 2914 πάτερ.

1099 1677 1208 1698 carnem
1224 1675 1298 1696 tuam
1313 1669 1436 1696 indutum
1461 1668 1520 1702 ipse
1536 1667 1630 1698 exuis,
1652 1666 1749 1698 homo;
1764 1669 1884 1692 attamen

1100 1716 1232 1747 sustineo,
1253 1715 1308 1742 imo
1324 1720 1413 1742 autem
1429 1717 1456 1741 et
1470 1713 1613 1740 divinitate
1629 1717 1654 1739 te
1665 1712 1763 1738 vestio.

1377 1768 1420 1795 85.
1441 1767 1473 1794 In
1489 1775 1601 1802 pannos.

1139 1824 1214 1851 Licet
1230 1822 1380 1850 humilibus
1391 1821 1485 1848 videar
1501 1819 1550 1847 tibi
1568 1820 1678 1846 indutus
1694 1818 1792 1854 pannis
1803 1838 1812 1852 ,
1825 1824 1886 1845 ma-

1103 1869 1227 1906 gniﬁcam
1239 1867 1349 1895 extendi
1360 1866 1493 1894 ccelorum
1509 1864 1733 1893 immensitateln.

1384 1912 1429 1940 86.
1446 1911 1478 1938 In
1492 1910 1608 1938 vincula.

1139 1960 1234 1987 Manus
1250 1959 1359 1986 vincitis
1376 1957 1478 1992 quibus
1501 1957 1611 1985 solvens
1634 1961 1682 1983 vos
1702 1953 1831 1990 patiendo
1852 1952 1886 1980 ad

1105 2006 1189 2034 cmlos
1203 2013 1219 2033 e
1231 2009 1303 2033 terra
1319 2002 1468 2031 introduxi.

1297 2058 1340 2085 87.
1357 2057 1500 2092 Epitaphia
1517 2055 1695 2082 Constantini.

1141 2105 1240 2133 Plenus
1255 2104 1345 2132 exstiti
1361 2103 1466 2130 dierum
1486 2106 1512 2129 ct
1530 2101 1665 2132 laborum,
1681 2104 1780 2127 terram
1795 2098 1888 2133 perlu-

1107 2156 1208 2183 strans,
1219 2150 1306 2177 undas
1315 2148 1563 2183 circumnavigans,
1573 2146 1688 2180 lapidem
1703 2151 1793 2172 autem
1805 2144 1888 2171 trium

1107 2194 1260 2222 cubitorum
1284 2201 1336 2220 non
1357 2192 1468 2226 ell'ugio.
1489 2191 1570 2219 Jaceo
1598 2190 1684 2225 longis
1709 2197 1725 2216 a
1750 2187 1890 2216 laboribus

1107 2239 1262 2274 quiescens,
1273 2238 1436 2265 sententiam
1444 2236 1591 2264 terribilem
1597 2239 1745 2270 expectans
1755 2234 1890 2262 ultimam.

1109 2289 1173 2312 tuus
1188 2284 1235 2317 ibi,
1254 2283 1389 2315 Salvator,
1409 2282 1529 2310 famulus
1539 2281 1749 2308 Constantinus.

1146 2329 1259 2356 Multum
1278 2327 1418 2362 peragravi
1432 2326 1590 2354 inferiorem
1603 2325 1674 2352 hanc
1688 2329 1787 2352 terram
1799 2342 1807 2355 ,
1827 2322 1893 2350 Ver-

1111 2375 1187 2406 bum,
1205 2380 1337 2401 summam
1354 2373 1386 2400 ad
1403 2373 1502 2399 tamam
1518 2372 1618 2400 dextrae
1632 2374 1685 2397 tua:
1698 2376 1749 2404 ope
1764 2368 1891 2400 aseendi;

1111 2419 1158 2448 sed
1179 2427 1232 2446 nou
1246 2418 1326 2453 eﬂ‘ugi
1350 2418 1431 2444 trium
1446 2417 1599 2444 cubitorum
1615 2415 1750 2449 lapidem,
1764 2413 1810 2441 sed
1824 2420 1895 2447 quos

1113 2465 1201 2492 inveni
1219 2465 1244 2491 in
1261 2464 1313 2490 vita
1328 2464 1389 2490 vitae
1410 2463 1496 2490 lucem
1510 2482 1517 2494 ,
1538 2461 1606 2489 lueis
1629 2465 1743 2487 matrem
1766 2463 1792 2486 et
1810 2463 1837 2486 te
1854 2458 1895 2484 lu-

1113 2518 1183 2541 cem,
1200 2510 1267 2537 lucis
1283 2515 1358 2544 pater
1369 2529 1376 2542 ,
1390 2508 1525 2536 inveniam
1539 2512 1566 2534 et
1579 2507 1615 2534 ibi
1628 2507 1714 2534 lucem
1732 2509 1760 2533 et
1769 2504 1893 2532 laborant

1112 2555 1243 2588 requiem.

1149 2599 1232 2627 Sinus
1249 2598 1371 2634 percurri
1389 2603 1416 2625 et
1430 2597 1504 2624 mille
1525 2597 1649 2631 regiones
1667 2600 1765 2628 terrae;
1783 2594 1897 2621 thronos

1112 2644 1225 2679 adeptus
1247 2651 1327 2676 sum,
1353 2646 1500 2677 potestates
1526 2642 1635 2677 regias,
1657 2641 1703 2667 sed
1724 2647 1778 2667 non
1798 2637 1896 2666 evitari

1113 2690 1195 2716 trium
1211 2689 1365 2716 cubitorum
1381 2687 1516 2722 lapidem;
1531 2687 1609 2721 iaceo
1633 2691 1723 2713 autem
1741 2689 1866 2712 mortuus
1881 2690 1897 2709 a

1114 2735 1253 2763 laboribus
1270 2735 1430 2769 quiescens,
1446 2733 1608 2761 sententiam
1644 2730 1792 2760 terribilem
1812 2736 1897 2764 expe-

1115 2786 1192 2808 ctans
1200 2781 1335 2808 ultimam.
1350 2779 1414 2811 Sed,
1433 2787 1492 2812 qua:
1506 2778 1616 2806 caduca:
1626 2778 1686 2805 vita:
1699 2775 1836 2804 terrestris
1848 2775 1898 2802 de—
