2082 3157
239 213 292 247 913

241 269 294 295 Ἴθι
312 268 452 304 πρόϐαινε,
464 268 534 302 φωτὶ
547 268 604 302 φῶς
619 267 848 303 προσλαμϐάνων,

241 314 312 348 Πρὸς
326 314 389 340 ναὸν
404 314 496 346 ἁγνὸν,
515 312 577 344 ναὸς
591 313 799 348 ὲμψυχωμένος.

275 362 321 391 Εἰς
338 360 367 386 ἓν
377 359 410 386 τὰ
424 360 508 394 κάλλη
523 359 578 386 τῶν
598 359 667 387 ὅλων
686 359 864 395 ἠθροισμέναι,

242 406 378 440 νΑστρων,
393 404 542 440 θαλάσσης,
558 405 651 441 ἀέρος.
667 407 728 440 γῆς,
747 407 794 432 καὶ
810 407 891 433 πόλου

239 448 302 477 Ὧδε
318 451 435 485 βλέπων,
458 451 595 486 ἄνθρωπε,
613 452 650 487 μὴ
668 453 767 487 κάμοις
783 453 900 487 βλέπων.

272 497 302 522 Εἰ
318 497 406 523 πάντα
416 496 502 532 κάλλη
513 497 565 532 γῆς
575 497 642 531 ὁμοῦ
655 506 685 523 τε
703 498 749 524 καὶ
765 498 848 524 πόλου

240 543 294 569 Καὶ
307 543 397 568 πᾶσαν
417 542 483 577 ὓλην
498 542 594 578 τιμίαν
609 543 700 575 ποθεῖς
714 543 836 578 βλέπειν,

246 588 337 621 Ἀφεὶς
350 587 383 614 τὰ
401 588 486 614 πολλὰ
500 588 552 622 γῆς
570 589 742 624 περιτρέχειν
755 590 857 625 πλάτη,

238 633 333 659 Λιπὼν
349 633 383 659 τὰ
401 635 510 669 μακρὰν
522 634 638 670 οὐρανοῦ
652 635 743 669 ζητεῖν
759 635 840 670 βάθη,

244 679 378 707 Ἐνταῦθα
393 680 481 707 πάντα
495 681 683 718 συνδραμόντα
699 690 744 716 μοι
761 682 868 714 σκόπει,

238 725 275 752 Τὺ
287 725 342 751 τῶν
359 725 427 752 ὅλων
442 726 565 761 μίμημα,
581 727 628 753 τὸν
645 727 744 762 μικρόν
759 727 850 763 δόμον.

243 771 311 806 ’Λὴρ
328 771 377 806 μὲν
387 768 476 803 οὗτος,
492 771 549 798 ἀλλ’
562 773 576 798 ὁ
593 772 677 807 αἰθὴρ
693 773 722 799 ὲν
738 772 811 806 φάει.

239 817 329 844 Λίθων
347 817 375 844 δὲ
387 817 490 844 τούτων
505 818 521 852 ὴ
537 817 651 853 διαυγὴς
664 817 770 852 λειότης

239 863 323 898 ’Ἄλλη
335 863 408 892 δοκεῖ
423 864 544 891 θάλασσα
561 865 693 899 κυμάτων
707 864 772 891 ἄνευ

242 909 287 940 Ὠς
304 908 333 934 ιν
343 908 448 943 γαλήνῃ
463 909 511 935 νῦν
525 908 778 942 κατεστορεσμένη.

236 954 313 989 Αὐτὴ
324 954 352 981 δὲ
364 954 469 981 τούτων
487 954 586 982 κιόνων
604 954 651 982 καὶ
664 955 797 990 λευκότης

237 1000 292 1026 Καὶ
304 999 402 1034 συχνὸν
414 999 612 1037 ἀστράπτουσα
627 999 725 1035 χροιᾶς
738 998 901 1034 τερπνότης,

243 1046 286 1077 Ὡς
297 1043 342 1072 οἷα
358 1045 467 1081 ῥεῖθρον
483 1045 646 1080 ὲκτακείσης
659 1044 750 1080 χιόνος

239 1090 382 1126 Λαμπρδν,
396 1090 503 1123 διειδὲς,
518 1090 638 1125 ἀψοφητί
651 1099 709 1121 πως
727 1090 799 1126 ῥέεν,

243 1137 286 1168 Ὠς
302 1135 371 1171 πρὸς
387 1135 526 1163 θάλασσαν
538 1135 622 1171 ἄλλην
632 1135 654 1152 ⁵³
670 1135 800 1170 ἐμϐάλλει
813 1135 889 1162 κάτω

238 1183 301 1214 Τοῖς
312 1181 553 1215 ὲξαποστίλὸουσιν
566 1182 594 1207 ὲν
610 1182 689 1217 πάτῳ
704 1181 798 1213 λίθοις.

236 1229 327 1264 Λὺτὴν
343 1229 372 1255 δὲ
384 1228 433 1263 τὴν
445 1228 498 1262 γῆν
513 1227 608 1255 καὶτὰ
623 1228 671 1263 τῆς
684 1228 748 1262 γῆς,
768 1229 792 1254 εἰ
812 1228 910 1262 θέλοις,

237 1274 333 1301 Λῦτῶν
347 1274 443 1300 σκόπει
457 1282 502 1307 μοι
522 1273 678 1308 χρωμάτων
691 1273 721 1300 τὸ
737 1273 871 1305 ποικίλον,

239 1319 293 1346 Καὶ
307 1319 361 1345 τῶν
374 1318 489 1354 γραφῶν
511 1319 541 1344 τὸ
554 1318 652 1350 κάλλος
663 1326 670 1333 ο
684 1319 764 1346 ἄλλον
779 1319 873 1346 ἐνθάδε

237 1363 366 1398 Λειμῶνα
378 1362 515 1398 γραπτὸν,
531 1363 563 1388 ἐκ
576 1363 674 1398 τέχνης
693 1363 886 1398 εἰργασμένον,

238 1409 324 1444 Ἃνθη
338 1407 465 1443 κομῶντα
480 1407 518 1444 μὴ
533 1407 747 1442 παρωθοῦνται
765 1408 788 1424 ⁵⁵
801 1409 890 1444 χρόνῳ

239 1455 270 1481 Ei
285 1455 313 1481 δὲ
329 1453 398 1489 πρὸς
411 1453 511 1487 αὐτοὺς
527 1453 642 1489 οὐρανοῦ
656 1454 719 1486 τοὺς
731 1454 860 1489 ἀστέρας,

238 1502 273 1527 Ἢ
295 1502 414 1536 σφαῖραν
427 1500 513 1535 αὐτὴν
528 1499 576 1527 τοῦ
590 1501 672 1528 πόλου
689 1500 782 1532 ποθεῖς
801 1501 920 1536 βλέπειν,

238 1547 333 1573 Τεῑνον
349 1546 395 1573 σὺν
415 1545 492 1582 ὄμμα
502 1555 509 1561 ·
523 1547 620 1582 τμῆμα
634 1547 663 1573 δὲ
677 1546 796 1582 σφαίρας
812 1547 895 1582 βλέπε

241 1591 364 1619 ’Δνωθεν
377 1592 507 1626 χρυσοῦν,
522 1592 580 1626 φῶς
594 1592 792 1628 ἀπαστράπτον
805 1593 877 1627 μέγα

874 213 1034 242 JOANNIS
1051 213 1267 243 GEOMETIM‘I

1042 272 1062 298 Α
1079 265 1116 293 Οὗ
1131 267 1320 302 συνδραμοῦσα
1338 268 1412 294 πᾶσα
1429 266 1507 302 xpetit
1521 265 1655 300 ψηφίδων,

1809 208 1862 242 οη

1088 312 1130 344 Ὧς
1142 313 1172 340 ἓν
1185 312 1300 339 τελοῦσα
1315 313 1394 347 σῶμα
1407 312 1625 346 συντεθειμένον,

1084 359 1234 394 Ἕναστρον
1247 358 1264 393 ἢ
1280 358 1431 393 πάμφωτον
1446 358 1617 393 ῂωρημένον,

1085 404 1130 435 Ὦς
1141 404 1218 438 εἴπερ
1230 403 1264 438 ἧν
1279 403 1310 429 τδ
1328 404 1440 438 σύμπαν
1457 401 1573 437 οὐρανοῦ
1590 401 1690 433 πλάτος

1081 449 1225 484 Πάγχρους
1235 457 1277 480 τις
1292 448 1379 483 ἀστὴρ
1393 445 1433 480 εἷς
1449 447 1603 482 διαυγάζων
1615 448 1706 482 μόνος,

1081 495 1189 529 Κόσμον
1206 494 1257 528 μὲν
1268 494 1339 520 οὕτω
1352 495 1407 521 πᾶν
1418 493 1500 521 καλὸν
1511 493 1612 528 τέρπου
1627 493 1733 528 βλέπων

1082 541 1113 567 El
1127 541 1149 567 δ’
1163 540 1314 576 ὲξεκαύθης
1330 541 1370 572 είς
1384 540 1473 576 ἔρωτα
1490 539 1544 566 τῶν
1558 540 1625 570 ἄνω,

1081 586 1135 613 Καὶ
1149 586 1194 613 τὸν
1210 586 1304 622 νοητὸν
1317 587 1418 621 κόσμον
1430 586 1460 612 ὲν
1476 585 1554 621 τύπῳ
1565 585 1659 620 βλέπε.

1081 631 1199 666 Χριστὸς
1216 632 1266 666 μὲν
1282 630 1374 664 οὗτος,
1388 628 1418 658 οὗ
1434 631 1528 666 θρόνος
1545 631 1670 666 λαμπρὸς
1686 630 1778 662 πόλος.

1081 675 1156 710 Αὕτη
1168 676 1196 702 δὲ
1211 676 1322 712 Μήτηρ,
1339 673 1372 711 ἧς
1388 675 1473 711 μόνης
1485 675 1571 710 ἁγνῆς
1583 675 1678 706 Τόκος.

1081 721 1167 754 (ib-.0;
1180 723 1208 749 δὲ
1221 723 1327 760 λύχνος,
1341 720 1371 750 οὗ
1386 723 1466 758 λόγος
1480 723 1549 758 φῶς,
1565 724 1611 749 καὶ
1624 723 1736 758 τρόπος.

1081 768 1161 796 Οὗτοι
1179 769 1207 796 δὲ
1224 769 1299 804 φλὸξ,
1317 769 1390 802 νοῦς,
1409 769 1530 804 πνεῦμα,
1545 769 1615 805 φῶς,
1632 768 1688 802 πῦρ
1705 769 1752 796 καὶ
1781 768 1805 801 Ei

1088 817 1139 843 Ἑώ
1153 816 1278 852 Σεραφὶμ
1294 816 1422 851 τάγματα
1438 815 1649 851 μυριομμάτων,

1088 861 1140 888 Ἒῶ
1157 862 1299 898 Χερουὸὶμ
1310 861 1387 897 ἅρμα
1399 861 1454 889 τῶν
1471 861 1663 896 φλογοτρόφων

1082 907 1138 934 Καὶ
1151 905 1237 935 τᾶλλα
1251 908 1365 942 φρικτὰ,
1381 908 1428 934 καὶ
1440 907 1530 941 λέγειν
1547 915 1575 934 τε
1587 906 1634 933 καὶ
1649 906 1768 941 βλέπειν.

1043 951 1063 978 Β
1085 952 1155 979 “Λλλ’
1174 952 1253 987 εἴπερ
1267 950 1301 988 ἦν
1316 961 1342 978 τι
1353 953 1448 987 κρᾶμα
1461 951 1517 978 τῶν
1530 951 1658 979 ἐναντίων

1081 997 1193 1033 Κόσμου
1208 1006 1238 1024 τε
1253 998 1354 1030 παντὸς
1368 997 1417 1024 τοῦ
1428 998 1503 1026 κάτω
1516 998 1564 1025 καὶ
1575 997 1631 1024 τῶν
1648 997 1716 1027 ἄνω,

1083 1045 1191 1071 Ἔνεστι
1206 1044 1285 1071 τοῦτο
1295 1044 1342 1071 καὶ
1357 1044 1492 1071 καλείσθω
1507 1043 1554 1070 νῦν
1570 1043 1661 1078 μόνον,

1081 1091 1191 1126 Βροτοῖς
1208 1091 1369 1125 πρεπόντως
1383 1090 1437 1117 τῶν
1457 1089 1547 1117 καλῶν
1562 1089 1592 1115 τὸ
1605 1089 1713 1125 χωρίον.

1081 1136 1208 1163 Γλῶσσαι
1223 1136 1308 1171 πυρὸς
1323 1135 1433 1171 δηλοῦσι
1450 1135 1497 1163 καί
1508 1135 1623 1170 βροντῆς
1638 1135 1735 1170 κρότος

1086 1182 1132 1213 Ὧς
1145 1183 1237 1208 πᾶσαν
1250 1181 1422 1217 ὲμπλήσουσι
1434 1181 1484 1217 τὴν
1500 1181 1666 1216 οίκουμένην

1081 1227 1143 1254 Τῶν
1159 1227 1352 1262 βροντοφὼνων
1367 1227 1391 1253 oi
1407 1226 1571 1262 πυρίστομοι
1582 1227 1678 1261 λόγων.

1448 1272 1501 1306 ιζ’.

1081 1319 1138 1347 Νῦν
1157 1319 1208 1354 μὲν
1222 1318 1337 1354 συνῆλθε
1352 1318 1390 1353 τῷ
1404 1317 1492 1344 λέοντι
1505 1317 1660 1353 φωσφόρος,

1081 1366 1136 1392 Καὶ
1152 1365 1284 1400 μουσικὸν
1297 1364 1420 1398 τέττιγες
1432 1363 1525 1399 ᾅδουσι
1541 1363 1632 1398 μέλος.

1081 1411 1136 1438 Νῦν
1153 1412 1200 1437 καὶ
1213 1410 1306 1446 πατὴρ
1325 1411 1441 1437 ἔσπευσε
1455 1409 1619 1445 συνδραμεῖν
1632 1409 1738 1441 τέκνον,

1082 1455 1139 1482 Καὶ
1155 1456 1302 1490 μουσικοὺς
1316 1455 1433 1490 ἑθαλψεν
1445 1455 1486 1487 είς
1501 1454 1572 1490 ᾠδὰς
1592 1454 1681 1485 νέους.

1089 1501 1147 1529 Νῦν
1159 1503 1206 1531 καὶ
1218 1503 1342 1538 γεωργὸς
1355 1503 1405 1534 τὰς
1416 1502 1544 1537 ἀπαρχὰς
1556 1501 1610 1528 τῶν
1624 1501 1714 1528 πόνων

1083 1549 1194 1585 Χαίρων
1207 1548 1268 1584 Θεῷ
1281 1549 1386 1581 δίδωσι.
1402 1548 1450 1576 καὶ
1464 1549 1558 1584 κροτεῖ
1573 1549 1655 1583 μέγα.

1083 1593 1141 1620 Νῦν
1153 1594 1182 1620 δὲ
1197 1594 1229 1621 σύ
1246 1603 1291 1629 μοι
1309 1594 1420 1629 φέροντι
1431 1595 1533 1626 ταύτας
1547 1594 1602 1622 τῶν
1615 1594 1702 1629 λόγων

237 1679 361 1715 gredere,
379 1679 431 1707 luci
450 1679 537 1709 lucem
560 1678 694 1712 all‘et'ens,
713 1679 747 1708 ad
764 1679 894 1715 templum
910 1687 1009 1714 purum
1021 1700 1028 1713 ,
1044 1684 1066 1713 c
1083 1685 1177 1710 uatum
1193 1682 1352 1716 adicientes,
1369 1683 1508 1711 stellatum
1519 1704 1527 1717 ,
1540 1683 1740 1716 illuminalum,
1756 1690 1873 1718 suspen-

238 1725 380 1760 spirituale
397 1725 540 1760 templum.

274 1771 303 1798 In
320 1777 404 1799 unum
420 1771 611 1799 universorum
630 1769 850 1805 pulchritudines
870 1771 1029 1799 coadunata:

237 1823 385 1849 astrorum,
404 1815 499 1847 maris.
515 1815 598 1847 aeris,
618 1821 698 1844 terra:
710 1820 738 1845 et
754 1816 827 1848 cwli,
843 1816 887 1845 hic
901 1824 1027 1850 cernens,

240 1863 334 1893 homo,
351 1869 385 1889 ne
401 1861 539 1889 cernendo
557 1861 676 1889 labores.

274 1908 303 1935 Si
319 1915 414 1935 omnes
429 1907 649 1942 pulchritudines
666 1912 746 1935 terra:
762 1907 844 1935 simul
863 1915 897 1936 ao
909 1907 989 1941 coeli,
1003 1913 1029 1935 et

236 1962 347 1983 omnem
363 1954 502 1993 egregiam
516 1954 660 1984 materiam
674 1954 811 1988 inspicere
823 1955 901 1989 cupis
911 1974 918 1986 ,
935 1953 1029 1981 desine

237 2001 324 2029 multa
340 2005 420 2030 terrae
433 2000 601 2036 perlustrare
611 1999 763 2032 intervalla,
778 2000 869 2035 linque
881 1999 1030 2027 immensos

238 2048 300 2075 cudi
313 2048 457 2082 exquirere
470 2047 604 2082 abyssos;
619 2046 665 2074 hie
678 2047 769 2074 omnia
785 2051 948 2082 congregata
963 2046 1029 2074 mihi

236 2093 407 2128 contempla,
430 2093 623 2122 universorum
648 2092 904 2125 adumbrationem,
932 2100 1030 2127 parvas

238 2139 287 2166 has
300 2138 384 2167 aedes.
396 2138 450 2165 Aer
465 2138 576 2172 quidem
593 2138 657 2170 iste,
669 2137 715 2165 sed
733 2138 820 2166 mlier
832 2138 858 2165 in
872 2138 974 2172 specie,
992 2137 1031 2164 la-

238 2185 314 2220 p'dcs
337 2184 381 2213 isti
400 2183 534 2219 perlucidi
558 2188 586 2212 et
610 2183 737 2219 perpoliti
763 2183 879 2214 alterum
904 2183 1030 2211 videntur

237 2238 315 2258 mare
328 2230 387 2258 sine
397 2229 527 2260 ﬂuctibus
539 2229 614 2261 velut
626 2230 653 2259 iu
665 2229 814 2264 tranquillo
825 2237 899 2257 nune
905 2229 1028 2264 planum.

237 2275 384 2310 Fulgentes
403 2280 494 2304 autem
506 2280 532 2303 et
549 2275 617 2305 albae
631 2275 785 2306 columnae,
801 2278 832 2302 et
842 2274 964 2308 iucundo
981 2282 1030 2303 co—

239 2322 297 2349 lore
316 2321 418 2356 passim
434 2320 588 2353 radiantes,
607 2320 698 2351 rivum
719 2319 843 2349 referunt
866 2320 1031 2349 tabescentis

1080 1735 1161 1761 sum;
1177 1728 1292 1763 perinde
1306 1735 1339 1755 se
1355 1730 1377 1755 si
1392 1735 1474 1755 omne
1491 1728 1554 1755 coeli
1570 1728 1688 1763 spatium
1700 1748 1708 1761 ,
1721 1728 1810 1756 omnis
1825 1735 1873 1755 co-

1078 1770 1146 1801 loris
1174 1773 1252 1801 sidus
1280 1774 1370 1801 solum
1400 1774 1578 1802 illuminaret.
1602 1774 1733 1801 Mundum
1763 1775 1873 1809 quidem

1079 1827 1187 1847 omnem
1213 1820 1249 1847 ita
1270 1819 1415 1854 pulchrum
1440 1820 1559 1847 videndo
1580 1820 1726 1848 delectare.
1749 1819 1779 1847 Si
1805 1827 1871 1847 vero

1079 1865 1160 1893 ardes
1172 1865 1322 1900 cupiditate
1333 1866 1497 1897 caelestium.
1517 1866 1651 1893 mundum
1666 1872 1777 1900 queque
1795 1865 1875 1892 intel-

1079 1909 1222 1938 lectualem
1238 1910 1266 1937 in
1282 1910 1377 1946 ﬁguris
1389 1918 1480 1939 cerne.
1496 1910 1627 1938 Christus
1638 1910 1749 1945 quidem
1758 1910 1873 1945 iste-est,

1079 1956 1161 1991 Cujus
1174 1956 1291 1985 thronus
1304 1956 1467 1992 magnificus
1476 1956 1578 1985 coalqu
1587 1962 1644 1988 est,
1655 1956 1707 1984 ista
1720 1960 1810 1983 autem
1820 1963 1874 1982 ma-

1080 2006 1133 2035 ter,
1141 2001 1220 2036 cujus
1226 2001 1313 2029 solius
1321 2001 1434 2036 virginis
1441 2005 1535 2036 partus
1542 2001 1602 2029 fuit.
1614 1999 1666 2029 iste
1675 2001 1787 2028 lucerna
1795 1999 1874 2036 cuius

1079 2045 1191 2072 verbum
1204 2050 1262 2073 erat
1273 2045 1318 2073 lux
1330 2050 1357 2074 et
1367 2046 1466 2074 modus
1476 2053 1484 2079 ;
1496 2046 1540 2073 isti
1552 2050 1642 2076 autem
1655 2045 1776 2077 ﬂamma,
1785 2052 1874 2078 mens.

1080 2089 1214 2124 spiritus,
1228 2090 1336 2123 lumen.
1353 2091 1424 2125 ignis
1441 2096 1469 2120 et
1490 2091 1609 2126 gladius.
1641 2090 1719 2119 Mitto
1736 2091 1874 2126 seraphim

1081 2136 1155 2164 mille
1176 2138 1272 2164 oculos
1292 2137 1450 2165 habentium
1472 2137 1601 2171 ordines,
1629 2137 1709 2164 mitto
1731 2137 1874 2164 cherubim

1080 2190 1195 2212 currum
1213 2183 1338 2213 ﬂammas
1351 2183 1490 2212 edendum
1501 2203 1510 2217 ,
1523 2187 1552 2211 et
1568 2184 1621 2211 alia
1644 2183 1777 2218 stupenda
1801 2182 1874 2210 dictu

1082 2229 1163 2258 simul
1179 2234 1206 2257 et
1221 2229 1292 2259 visu.
1308 2229 1363 2258 Sed
1374 2230 1400 2258 si
1410 2229 1482 2258 foret
1492 2229 1584 2265 aliqua
1596 2229 1758 2264 coniunctio
1771 2233 1876 2257 contn-

1083 2274 1186 2302 riarum
1201 2282 1294 2304 rerum
1318 2275 1412 2304 mundi
1435 2275 1557 2304 universi
1582 2280 1640 2302 tum
1658 2274 1798 2303 inferioris
1812 2281 1875 2302 eum

1082 2320 1243 2355 superioris,
1257 2321 1312 2349 illic
1325 2321 1406 2354 inest,
1418 2325 1445 2349 et
1458 2329 1531 2349 nunc
1545 2325 1651 2348 tantum
1662 2325 1786 2354 vocetur,
1802 2327 1877 2347 mor-

238 2368 309 2395 nivis
325 2366 456 2394 nitentem
466 2386 473 2398 ,
495 2366 652 2401 limpidum.
670 2366 754 2394 tacito
768 2371 942 2399 currentem,
956 2371 984 2395 et
1001 2372 1031 2395 ut
1046 2367 1069 2396 D
1083 2365 1183 2394 talibus
1190 2366 1581 2402 accommodatapulebrerum
1593 2366 1681 2394 sedes.
1695 2365 1766 2401 Ignis
1776 2366 1877 2401 lingua:

239 2413 272 2440 ad
288 2412 403 2440 alterum
418 2419 494 2439 mare
509 2419 540 2440 se
557 2416 682 2446 agentem
700 2411 830 2441 deorsum
854 2412 881 2439 iu
898 2412 1034 2447 fulgentes

238 2458 385 2495 pavimenti
402 2457 516 2493 lapides.
533 2457 622 2493 Ipsam
638 2465 705 2485 vero
720 2462 823 2486 terram
834 2463 862 2486 et
874 2459 1015 2487 terrestria
1026 2477 1034 2490 ,

238 2505 262 2535 si
278 2505 357 2538 velis,
375 2503 532 2539 contempla
546 2504 666 2539 ipsorum
681 2503 805 2533 colorum
820 2504 993 2537 varietatem,
1004 2513 1036 2536 et

237 2549 453 2585 descriptionum
480 2548 735 2584 pulchritudinem;
772 2549 887 2576 alterum
917 2549 963 2576 hic
988 2550 1036 2577 de-

237 2597 368 2631 scriptum
386 2595 506 2628 hortum,
517 2599 576 2622 arte
589 2595 767 2627 delineatum,
778 2595 858 2622 flores
874 2596 1031 2630 expanden-

237 2647 292 2670 tem
307 2650 361 2670 non
378 2648 501 2676 tempore
518 2646 691 2674 marcentes,
708 2641 734 2670 si
750 2649 814 2669 vero
830 2642 889 2676 ipsa
904 2642 966 2669 coeli
989 2642 1029 2669 si-

236 2687 313 2719 dera,
331 2692 379 2714 aut
397 2688 532 2722 sphaeram
558 2686 648 2722 ipsam
675 2685 739 2715 coeli
761 2686 922 2722 conspicere
943 2687 1027 2720 velis,

237 2734 331 2761 oculos
351 2732 480 2766 intende;
504 2733 619 2767 sphaera
633 2731 786 2768 portionem
809 2732 901 2767 aspice
918 2740 1028 2762 sursum

238 2787 361 2812 auream,
372 2779 461 2808 lucem
475 2779 642 2808 emittentem
659 2785 796 2813 magnam,
815 2778 843 2805 iu
857 2786 914 2813 qua
929 2786 1029 2807 conve-

239 2824 318 2853 niunt
329 2833 423 2853 omnes
436 2825 591 2860 lapillorum
601 2824 708 2852 colores
723 2830 807 2851 unum
817 2831 917 2859 corpus
927 2823 1030 2855 coadu-

274 2915 298 2931 ⁸³
316 2914 380 2943 ἀλλ”
393 2916 453 2944 cod.
506 2918 528 2933 “
548 2917 604 2950 Sic,
628 2917 691 2945 fort.
708 2924 757 2952 pro
776 2916 980 2952 παρανοοῦντα.

1084 2411 1234 2440 ostendunt
1250 2416 1277 2440 et
1293 2412 1444 2441 tonitruum
1460 2412 1553 2448 fragor
1567 2416 1598 2441 ut
1617 2419 1726 2440 omnem
1747 2411 1877 2447 impleant

1085 2457 1179 2485 orbem
1194 2457 1353 2487 tonantibus
1366 2458 1456 2487 verbis
1471 2457 1548 2493 ignea
1560 2457 1618 2486 haec
1631 2464 1690 2485 ora.

1457 2504 1502 2532 97.

1121 2548 1200 2576 Nunc
1214 2549 1330 2577 accessit
1344 2550 1376 2576 ad
1390 2549 1495 2577 leonem
1509 2549 1616 2582 lucifer,
1629 2554 1657 2578 et
1672 2551 1795 2580 musicos
1809 2557 1875 2578 can-

1087 2599 1132 2622 tus
1153 2594 1255 2624 cicadae
1283 2601 1424 2630 promunt.
1450 2595 1529 2623 Nune
1550 2601 1627 2631 pater
1649 2597 1757 2625 curavit
1783 2599 1876 2622 natum

1085 2641 1215 2669 accedere
1237 2646 1265 2668 et
1289 2641 1411 2670 musicos
1431 2642 1465 2670 ad
1486 2646 1583 2670 cantus
1603 2642 1719 2677 juvenes
1737 2641 1876 2669 excitavit.

1079 2684 1162 2714 Nunc
1177 2691 1204 2715 et
1218 2687 1337 2722 agricola
1355 2688 1489 2722 primitias
1506 2688 1630 2715 laborum
1652 2688 1748 2715 ltetans
1766 2686 1821 2714 Deo
1835 2686 1878 2714 of-

1083 2733 1146 2767 fert,
1161 2737 1189 2761 et
1207 2734 1324 2761 multum
1338 2738 1438 2762 cantat.
1457 2733 1535 2761 Nune
1549 2739 1640 2761 autem
1660 2738 1687 2761 tu
1703 2741 1747 2761 me
1759 2732 1878 2760 offeren-

1084 2784 1138 2807 tem
1158 2780 1206 2807 has
1223 2787 1381 2807 sermonum
1396 2787 1494 2815 parvas
1514 2779 1650 2815 primitias
1673 2779 1810 2815 propitius
1829 2787 1877 2807 ex-

1084 2826 1154 2863 cipe.
1170 2826 1222 2855 Alii
1238 2826 1349 2863 quidem
1368 2827 1456 2855 estin
1472 2827 1527 2855 vita
1548 2828 1686 2863 egregium
1704 2834 1806 2862 genus,
1828 2825 1876 2854 alii
