  <div class='ocr_page' id='page_1' title='image "/cluster/home/n/w/nwhite01/storage/ocr_20150623/106/njp.32101077772901/531.png"; bbox 0 0 2082 3157; ppageno 0'>
   <div class='ocr_carea' id='block_1_1' title="bbox 230 136 280 165">
    <p class='ocr_par' dir='ltr' id='par_1_1' title="bbox 230 136 280 165">
     <span class='ocr_line' id='line_1_1' title="bbox 230 136 280 165; baseline -0.02 0"><span class='ocrx_word' id='word_1_1' title='bbox 230 136 280 165; x_wconf 69' lang='lat'><strong>94&#39;!</strong></span> 
     </span>
    </p>
   </div>
   <div class='ocr_carea' id='block_1_2' title="bbox 599 188 650 223">
    <p class='ocr_par' dir='ltr' id='par_1_2' title="bbox 599 188 650 223">
     <span class='ocr_line' id='line_1_2' title="bbox 599 188 650 223; baseline -0.02 0"><span class='ocrx_word' id='word_1_2' title='bbox 599 188 650 223; x_wconf 74' lang='grc' dir='ltr'>ρβ’-</span> 
     </span>
    </p>
   </div>
   <div class='ocr_carea' id='block_1_3' title="bbox 229 233 822 269">
    <p class='ocr_par' dir='ltr' id='par_1_3' title="bbox 229 233 822 269">
     <span class='ocr_line' id='line_1_3' title="bbox 229 233 822 269; baseline 0 -9"><span class='ocrx_word' id='word_1_3' title='bbox 229 233 275 268; x_wconf 82' lang='grc' dir='ltr'><strong>Μὴ</strong></span> <span class='ocrx_word' id='word_1_4' title='bbox 292 233 347 269; x_wconf 84' lang='grc' dir='ltr'><strong>πῦρ</strong></span> <span class='ocrx_word' id='word_1_5' title='bbox 357 233 473 269; x_wconf 79' lang='grc' dir='ltr'>ἀνάψῃς,</span> <span class='ocrx_word' id='word_1_6' title='bbox 486 233 595 268; x_wconf 74' lang='grc' dir='ltr'>χρυσὸς,</span> <span class='ocrx_word' id='word_1_7' title='bbox 608 233 738 268; x_wconf 74' lang='grc' dir='ltr'>ἄργυρος,</span> <span class='ocrx_word' id='word_1_8' title='bbox 754 233 822 260; x_wconf 85' lang='grc' dir='ltr'>λίθοι</span> 
     </span>
    </p>
   </div>
   <div class='ocr_carea' id='block_1_4' title="bbox 227 278 839 313">
    <p class='ocr_par' dir='ltr' id='par_1_4' title="bbox 227 278 839 313">
     <span class='ocr_line' id='line_1_4' title="bbox 227 278 839 313; baseline 0 -8"><span class='ocrx_word' id='word_1_9' title='bbox 227 278 372 312; x_wconf 77' lang='grc' dir='ltr'>Φλέγουσιν</span> <span class='ocrx_word' id='word_1_10' title='bbox 386 279 483 312; x_wconf 79' lang='grc' dir='ltr'><strong>αὐγαῖς</strong></span> <span class='ocrx_word' id='word_1_11' title='bbox 497 278 580 313; x_wconf 81' lang='grc' dir='ltr'>χωρὶς</span> <span class='ocrx_word' id='word_1_12' title='bbox 593 278 737 312; x_wconf 79' lang='grc' dir='ltr'><strong>ἀνθράκων</strong></span> <span class='ocrx_word' id='word_1_13' title='bbox 754 279 839 313; x_wconf 84' lang='grc' dir='ltr'>μύρα.</span> 
     </span>
    </p>
   </div>
   <div class='ocr_carea' id='block_1_5' title="bbox 268 323 847 360">
    <p class='ocr_par' dir='ltr' id='par_1_5' title="bbox 268 323 847 360">
     <span class='ocr_line' id='line_1_5' title="bbox 268 323 847 360; baseline 0 -10"><span class='ocrx_word' id='word_1_14' title='bbox 268 323 419 358; x_wconf 75' lang='grc' dir='ltr'><strong>Ὀφθαλμὸν</strong></span> <span class='ocrx_word' id='word_1_15' title='bbox 434 323 493 357; x_wconf 83' lang='grc' dir='ltr'>ὕλῃ,</span> <span class='ocrx_word' id='word_1_16' title='bbox 505 323 551 349; x_wconf 81' lang='grc' dir='ltr'>τὸν</span> <span class='ocrx_word' id='word_1_17' title='bbox 568 323 697 358; x_wconf 81' lang='grc' dir='ltr'>λογισμὸν</span> <span class='ocrx_word' id='word_1_18' title='bbox 707 325 740 359; x_wconf 78' lang='grc' dir='ltr'><strong>τῇ</strong></span> <span class='ocrx_word' id='word_1_19' title='bbox 755 325 847 360; x_wconf 82' lang='grc' dir='ltr'><strong>τέχνῃ,</strong></span> 
     </span>
    </p>
   </div>
   <div class='ocr_carea' id='block_1_6' title="bbox 227 367 850 405">
    <p class='ocr_par' dir='ltr' id='par_1_6' title="bbox 227 367 850 405">
     <span class='ocr_line' id='line_1_6' title="bbox 227 367 850 405; baseline 0.003 -10"><span class='ocrx_word' id='word_1_20' title='bbox 227 369 334 404; x_wconf 80' lang='grc' dir='ltr'>Τέρπου</span> <span class='ocrx_word' id='word_1_21' title='bbox 350 369 378 396; x_wconf 81' lang='grc' dir='ltr'>δὲ</span> <span class='ocrx_word' id='word_1_22' title='bbox 391 368 441 404; x_wconf 80' lang='grc' dir='ltr'>τὴν</span> <span class='ocrx_word' id='word_1_23' title='bbox 454 367 581 402; x_wconf 79' lang='grc' dir='ltr'>αἴσθησιν</span> <span class='ocrx_word' id='word_1_24' title='bbox 596 368 664 404; x_wconf 76' lang='grc' dir='ltr'>ὀδμῇ</span> <span class='ocrx_word' id='word_1_25' title='bbox 679 369 734 396; x_wconf 85' lang='grc' dir='ltr'><strong>τῶν</strong></span> <span class='ocrx_word' id='word_1_26' title='bbox 747 369 850 405; x_wconf 83' lang='grc' dir='ltr'><strong>μύρων.</strong></span> 
     </span>
    </p>
   </div>
   <div class='ocr_carea' id='block_1_7' title="bbox 433 422 798 456">
    <p class='ocr_par' dir='ltr' id='par_1_7' title="bbox 433 422 798 456">
     <span class='ocr_line' id='line_1_7' title="bbox 433 422 798 456; baseline 0.003 -7"><span class='ocrx_word' id='word_1_27' title='bbox 433 422 484 456; x_wconf 80' lang='grc' dir='ltr'>ργ’.</span> <span class='ocrx_word' id='word_1_28' title='bbox 501 422 552 454; x_wconf 76' lang='grc' dir='ltr'><strong>Εἰς</strong></span> <span class='ocrx_word' id='word_1_29' title='bbox 573 422 629 456; x_wconf 79' lang='grc' dir='ltr'>τὴν</span> <span class='ocrx_word' id='word_1_30' title='bbox 645 423 798 450; x_wconf 78' lang='grc' dir='ltr'>Θεοτόκον.</span> 
     </span>
    </p>
   </div>
   <div class='ocr_carea' id='block_1_8' title="bbox 225 475 926 512">
    <p class='ocr_par' dir='ltr' id='par_1_8' title="bbox 225 475 926 512">
     <span class='ocr_line' id='line_1_8' title="bbox 225 475 926 512; baseline 0.003 -10"><span class='ocrx_word' id='word_1_31' title='bbox 225 476 307 502; x_wconf 74' lang='grc' dir='ltr'>Οὐδὲν</span> <span class='ocrx_word' id='word_1_32' title='bbox 320 475 410 511; x_wconf 77' lang='grc' dir='ltr'>ψυχῆς</span> <span class='ocrx_word' id='word_1_33' title='bbox 423 475 547 511; x_wconf 78' lang='grc' dir='ltr'>βέλτερον</span> <span class='ocrx_word' id='word_1_34' title='bbox 559 477 669 511; x_wconf 77' lang='grc' dir='ltr'>οὐρανὸς</span> <span class='ocrx_word' id='word_1_35' title='bbox 684 477 777 512; x_wconf 71' lang='grc' dir='ltr'>ἔλλαχε</span> <span class='ocrx_word' id='word_1_36' title='bbox 791 477 841 512; x_wconf 78' lang='grc' dir='ltr'>τῆς</span> <span class='ocrx_word' id='word_1_37' title='bbox 858 478 907 512; x_wconf 83' lang='grc' dir='ltr'><strong>σῆς</strong></span> <span class='ocrx_word' id='word_1_38' title='bbox 919 486 926 493; x_wconf 79' lang='grc'><strong>”</strong></span> 
     </span>
    </p>
   </div>
   <div class='ocr_carea' id='block_1_9' title="bbox 225 520 952 557">
    <p class='ocr_par' dir='ltr' id='par_1_9' title="bbox 225 520 952 557">
     <span class='ocr_line' id='line_1_9' title="bbox 225 520 952 557; baseline 0.003 -10"><span class='ocrx_word' id='word_1_39' title='bbox 225 520 309 547; x_wconf 78' lang='grc' dir='ltr'>Οὐδὲν</span> <span class='ocrx_word' id='word_1_40' title='bbox 325 521 430 555; x_wconf 84' lang='grc' dir='ltr'>μορφῆς</span> <span class='ocrx_word' id='word_1_41' title='bbox 448 520 582 555; x_wconf 80' lang='grc' dir='ltr'><strong>παρθένου</strong></span> <span class='ocrx_word' id='word_1_42' title='bbox 599 521 730 556; x_wconf 80' lang='grc' dir='ltr'>φέρτερον</span> <span class='ocrx_word' id='word_1_43' title='bbox 745 522 858 557; x_wconf 78' lang='grc' dir='ltr'><strong>ἔδρακεν</strong></span> <span class='ocrx_word' id='word_1_44' title='bbox 875 523 890 557; x_wconf 85' lang='grc' dir='ltr'><strong>ή</strong></span> <span class='ocrx_word' id='word_1_45' title='bbox 907 522 952 556; x_wconf 81' lang='grc' dir='ltr'>γῆ.</span> 
     </span>
    </p>
   </div>
   <div class='ocr_carea' id='block_1_10' title="bbox 224 564 1006 601">
    <p class='ocr_par' dir='ltr' id='par_1_10' title="bbox 224 564 1006 601">
     <span class='ocr_line' id='line_1_10' title="bbox 224 564 1006 601; baseline 0 -9"><span class='ocrx_word' id='word_1_46' title='bbox 224 564 337 592; x_wconf 71' lang='grc' dir='ltr'>Τοῦνεκ’</span> <span class='ocrx_word' id='word_1_47' title='bbox 351 565 406 599; x_wconf 73' lang='grc' dir='ltr'><strong>ἐγὼ</strong></span> <span class='ocrx_word' id='word_1_48' title='bbox 430 565 479 600; x_wconf 72' lang='grc' dir='ltr'>μὲν</span> <span class='ocrx_word' id='word_1_49' title='bbox 496 566 625 599; x_wconf 78' lang='grc' dir='ltr'><strong>ἀμεμφέα</strong></span> <span class='ocrx_word' id='word_1_50' title='bbox 645 565 769 600; x_wconf 76' lang='grc' dir='ltr'>σώματος</span> <span class='ocrx_word' id='word_1_51' title='bbox 788 567 878 593; x_wconf 70' lang='grc' dir='ltr'>εἰκόνα</span> <span class='ocrx_word' id='word_1_52' title='bbox 899 566 1006 601; x_wconf 80' lang='grc' dir='ltr'>μορφῶ,</span> 
     </span>
    </p>
   </div>
   <div class='ocr_carea' id='block_1_11' title="bbox 225 611 1007 646">
    <p class='ocr_par' dir='ltr' id='par_1_11' title="bbox 225 611 1007 646">
     <span class='ocr_line' id='line_1_11' title="bbox 225 611 1007 646; baseline 0.001 -9"><span class='ocrx_word' id='word_1_53' title='bbox 225 611 451 646; x_wconf 75' lang='grc' dir='ltr'>Ῑῐνευματόεσσαν</span> <span class='ocrx_word' id='word_1_54' title='bbox 470 611 493 636; x_wconf 77' lang='grc' dir='ltr'>δ’</span> <span class='ocrx_word' id='word_1_55' title='bbox 515 611 660 646; x_wconf 82' lang='grc' dir='ltr'><strong>οὐρανόθεν</strong></span> <span class='ocrx_word' id='word_1_56' title='bbox 679 611 758 646; x_wconf 82' lang='grc' dir='ltr'>χάριν</span> <span class='ocrx_word' id='word_1_57' title='bbox 775 612 798 638; x_wconf 74' lang='grc' dir='ltr'>εἰ</span> <span class='ocrx_word' id='word_1_58' title='bbox 814 612 846 637; x_wconf 83' lang='grc' dir='ltr'>σὺ</span> <span class='ocrx_word' id='word_1_59' title='bbox 870 611 1007 646; x_wconf 75' lang='grc' dir='ltr'>κεράσεις,</span> 
     </span>
    </p>
   </div>
   <div class='ocr_carea' id='block_1_12' title="bbox 226 652 938 692">
    <p class='ocr_par' dir='ltr' id='par_1_12' title="bbox 226 652 938 692">
     <span class='ocr_line' id='line_1_12' title="bbox 226 652 938 692; baseline 0.001 -10"><span class='ocrx_word' id='word_1_60' title='bbox 226 656 335 687; x_wconf 76' lang='grc' dir='ltr'>Ὄλϐιος</span> <span class='ocrx_word' id='word_1_61' title='bbox 348 652 425 688; x_wconf 72' lang='grc' dir='ltr'>οὗτος</span> <span class='ocrx_word' id='word_1_62' title='bbox 436 656 450 682; x_wconf 86' lang='grc' dir='ltr'><strong>ό</strong></span> <span class='ocrx_word' id='word_1_63' title='bbox 461 656 548 691; x_wconf 80' lang='grc' dir='ltr'>χῶρος</span> <span class='ocrx_word' id='word_1_64' title='bbox 561 656 589 688; x_wconf 76' lang='grc' dir='ltr'>ὃς</span> <span class='ocrx_word' id='word_1_65' title='bbox 605 657 714 691; x_wconf 76' lang='grc' dir='ltr'>αἰθέρος</span> <span class='ocrx_word' id='word_1_66' title='bbox 731 656 826 692; x_wconf 75' lang='grc' dir='ltr'>ἔλλαχε</span> <span class='ocrx_word' id='word_1_67' title='bbox 841 658 938 692; x_wconf 85' lang='grc' dir='ltr'>πρῶτα</span> 
     </span>
    </p>
   </div>
   <div class='ocr_carea' id='block_1_13' title="bbox 224 701 1007 738">
    <p class='ocr_par' dir='ltr' id='par_1_13' title="bbox 224 701 1007 738">
     <span class='ocr_line' id='line_1_13' title="bbox 224 701 1007 738; baseline 0.004 -11"><span class='ocrx_word' id='word_1_68' title='bbox 224 701 280 728; x_wconf 80' lang='grc' dir='ltr'><strong>Καὶ</strong></span> <span class='ocrx_word' id='word_1_69' title='bbox 292 701 386 736; x_wconf 83' lang='grc' dir='ltr'>χθονὸς</span> <span class='ocrx_word' id='word_1_70' title='bbox 398 701 470 728; x_wconf 78' lang='grc' dir='ltr'>ἔνδον</span> <span class='ocrx_word' id='word_1_71' title='bbox 481 701 553 736; x_wconf 79' lang='grc' dir='ltr'>ἔχειν</span> <span class='ocrx_word' id='word_1_72' title='bbox 566 702 635 736; x_wconf 83' lang='grc' dir='ltr'>γέρα</span> <span class='ocrx_word' id='word_1_73' title='bbox 645 711 652 717; x_wconf 81' lang='lat'><strong>&#39;</strong></span> <span class='ocrx_word' id='word_1_74' title='bbox 663 702 745 729; x_wconf 82' lang='grc' dir='ltr'>τοῖσδ’</span> <span class='ocrx_word' id='word_1_75' title='bbox 763 703 915 734; x_wconf 73' lang='grc' dir='ltr'>ἐπίνευσον,</span> <span class='ocrx_word' id='word_1_76' title='bbox 927 703 1007 738; x_wconf 66' lang='grc' dir='ltr'>κόρη.</span> 
     </span>
    </p>
   </div>
   <div class='ocr_carea' id='block_1_14' title="bbox 382 755 848 792">
    <p class='ocr_par' dir='ltr' id='par_1_14' title="bbox 382 755 848 792">
     <span class='ocr_line' id='line_1_14' title="bbox 382 755 848 792; baseline 0.006 -10"><span class='ocrx_word' id='word_1_77' title='bbox 382 755 429 791; x_wconf 78' lang='grc' dir='ltr'>ρδ¹.</span> <span class='ocrx_word' id='word_1_78' title='bbox 445 757 498 789; x_wconf 81' lang='grc' dir='ltr'><strong>Εις</strong></span> <span class='ocrx_word' id='word_1_79' title='bbox 511 757 564 783; x_wconf 82' lang='grc' dir='ltr'>τὸν</span> <span class='ocrx_word' id='word_1_80' title='bbox 582 757 666 792; x_wconf 80' lang='grc' dir='ltr'>ἅγιον</span> <span class='ocrx_word' id='word_1_81' title='bbox 686 757 848 792; x_wconf 72' lang='grc' dir='ltr'>Στέφανον.</span> 
     </span>
    </p>
   </div>
   <div class='ocr_carea' id='block_1_15' title="bbox 225 810 815 847">
    <p class='ocr_par' dir='ltr' id='par_1_15' title="bbox 225 810 815 847">
     <span class='ocr_line' id='line_1_15' title="bbox 225 810 815 847; baseline 0.003 -11"><span class='ocrx_word' id='word_1_82' title='bbox 225 810 360 844; x_wconf 69' lang='grc' dir='ltr'>Στέφανος</span> <span class='ocrx_word' id='word_1_83' title='bbox 374 811 457 841; x_wconf 75' lang='grc' dir='ltr'>δντως</span> <span class='ocrx_word' id='word_1_84' title='bbox 469 811 483 836; x_wconf 83' lang='grc' dir='ltr'><strong><em>ὁ</em></strong></span> <span class='ocrx_word' id='word_1_85' title='bbox 499 811 631 844; x_wconf 79' lang='grc' dir='ltr'>στέφανος</span> <span class='ocrx_word' id='word_1_86' title='bbox 649 811 797 847; x_wconf 84' lang='grc' dir='ltr'>μαρτύρων</span> <span class='ocrx_word' id='word_1_87' title='bbox 807 821 815 830; x_wconf 89' lang='grc'><strong>·</strong></span> 
     </span>
    </p>
   </div>
   <div class='ocr_carea' id='block_1_16' title="bbox 232 855 832 892">
    <p class='ocr_par' dir='ltr' id='par_1_16' title="bbox 232 855 832 892">
     <span class='ocr_line' id='line_1_16' title="bbox 232 855 832 892; baseline 0.005 -11"><span class='ocrx_word' id='word_1_88' title='bbox 232 855 316 891; x_wconf 82' lang='grc' dir='ltr'>Ἀρχὴ</span> <span class='ocrx_word' id='word_1_89' title='bbox 335 856 428 883; x_wconf 83' lang='grc' dir='ltr'>παθῶν</span> <span class='ocrx_word' id='word_1_90' title='bbox 442 856 495 891; x_wconf 78' lang='grc' dir='ltr'><strong>γὰρ</strong></span> <span class='ocrx_word' id='word_1_91' title='bbox 522 857 568 883; x_wconf 74' lang='grc' dir='ltr'>καὶ</span> <span class='ocrx_word' id='word_1_92' title='bbox 580 857 668 892; x_wconf 84' lang='grc' dir='ltr'>νόμων</span> <span class='ocrx_word' id='word_1_93' title='bbox 680 857 730 892; x_wconf 74' lang='grc' dir='ltr'>ἔφυ</span> <span class='ocrx_word' id='word_1_94' title='bbox 746 858 832 890; x_wconf 82' lang='grc' dir='ltr'>τέλος.</span> 
     </span>
    </p>
   </div>
   <div class='ocr_carea' id='block_1_17' title="bbox 229 900 835 939">
    <p class='ocr_par' dir='ltr' id='par_1_17' title="bbox 229 900 835 939">
     <span class='ocr_line' id='line_1_17' title="bbox 229 900 835 939; baseline 0.005 -12"><span class='ocrx_word' id='word_1_95' title='bbox 229 900 274 933; x_wconf 84' lang='grc' dir='ltr'>Ὦς</span> <span class='ocrx_word' id='word_1_96' title='bbox 288 902 335 928; x_wconf 75' lang='grc' dir='ltr'><strong>καὶ</strong></span> <span class='ocrx_word' id='word_1_97' title='bbox 347 904 488 936; x_wconf 83' lang='grc' dir='ltr'>φονευταϊς</span> <span class='ocrx_word' id='word_1_98' title='bbox 500 903 645 938; x_wconf 81' lang='grc' dir='ltr'>συμπαθὴς</span> <span class='ocrx_word' id='word_1_99' title='bbox 664 905 695 930; x_wconf 84' lang='grc' dir='ltr'>ὲκ</span> <span class='ocrx_word' id='word_1_100' title='bbox 710 903 835 939; x_wconf 76' lang='grc' dir='ltr'>καρδίας.</span> 
     </span>
    </p>
   </div>
   <div class='ocr_carea' id='block_1_18' title="bbox 266 947 840 984">
    <p class='ocr_par' dir='ltr' id='par_1_18' title="bbox 266 947 840 984">
     <span class='ocr_line' id='line_1_18' title="bbox 266 947 840 984; baseline 0.003 -10"><span class='ocrx_word' id='word_1_101' title='bbox 266 947 310 979; x_wconf 85' lang='grc' dir='ltr'>Ὧς</span> <span class='ocrx_word' id='word_1_102' title='bbox 325 947 447 984; x_wconf 77' lang='grc' dir='ltr'>λαμπρὸν</span> <span class='ocrx_word' id='word_1_103' title='bbox 457 949 471 975; x_wconf 84' lang='grc' dir='ltr'><strong><em>ὁ</em></strong></span> <span class='ocrx_word' id='word_1_104' title='bbox 484 949 618 984; x_wconf 77' lang='grc' dir='ltr'>Στέφανος</span> <span class='ocrx_word' id='word_1_105' title='bbox 633 949 729 982; x_wconf 73' lang='grc' dir='ltr'>ἔπλεξε</span> <span class='ocrx_word' id='word_1_106' title='bbox 743 950 840 984; x_wconf 78' lang='grc' dir='ltr'><strong>στέφος</strong></span> 
     </span>
    </p>
   </div>
   <div class='ocr_carea' id='block_1_19' title="bbox 223 992 865 1030">
    <p class='ocr_par' dir='ltr' id='par_1_19' title="bbox 223 992 865 1030">
     <span class='ocr_line' id='line_1_19' title="bbox 223 992 865 1030; baseline 0.003 -11"><span class='ocrx_word' id='word_1_107' title='bbox 223 992 314 1024; x_wconf 79' lang='grc' dir='ltr'>Δῑθοις</span> <span class='ocrx_word' id='word_1_108' title='bbox 330 994 476 1027; x_wconf 83' lang='grc' dir='ltr'>φονευτῶν,</span> <span class='ocrx_word' id='word_1_109' title='bbox 490 995 643 1030; x_wconf 80' lang='grc' dir='ltr'>μαργάροις</span> <span class='ocrx_word' id='word_1_110' title='bbox 659 995 712 1021; x_wconf 87' lang='grc' dir='ltr'><strong>τῶν</strong></span> <span class='ocrx_word' id='word_1_111' title='bbox 727 995 865 1030; x_wconf 71' lang='grc' dir='ltr'>δακρύων,</span> 
     </span>
    </p>
   </div>
   <div class='ocr_carea' id='block_1_20' title="bbox 224 1037 830 1075">
    <p class='ocr_par' dir='ltr' id='par_1_20' title="bbox 224 1037 830 1075">
     <span class='ocr_line' id='line_1_20' title="bbox 224 1037 830 1075; baseline 0.005 -12"><span class='ocrx_word' id='word_1_112' title='bbox 224 1037 313 1073; x_wconf 78' lang='grc' dir='ltr'>Ἄπερ</span> <span class='ocrx_word' id='word_1_113' title='bbox 329 1038 457 1074; x_wconf 78' lang='grc' dir='ltr'>κατέρρει</span> <span class='ocrx_word' id='word_1_114' title='bbox 469 1039 532 1071; x_wconf 70' lang='grc' dir='ltr'>τοὺς</span> <span class='ocrx_word' id='word_1_115' title='bbox 546 1039 678 1073; x_wconf 79' lang='grc' dir='ltr'>φονευτὰς</span> <span class='ocrx_word' id='word_1_116' title='bbox 694 1039 830 1075; x_wconf 81' lang='grc' dir='ltr'><strong>δακρύων.</strong></span> 
     </span>
    </p>
   </div>
   <div class='ocr_carea' id='block_1_21' title="bbox 223 1080 812 1120">
    <p class='ocr_par' dir='ltr' id='par_1_21' title="bbox 223 1080 812 1120">
     <span class='ocr_line' id='line_1_21' title="bbox 223 1080 812 1120; baseline 0.007 -12"><span class='ocrx_word' id='word_1_117' title='bbox 223 1083 358 1117; x_wconf 74' lang='grc' dir='ltr'>Στέφανος</span> <span class='ocrx_word' id='word_1_118' title='bbox 376 1080 453 1115; x_wconf 77' lang='grc' dir='ltr'>οὗτος</span> <span class='ocrx_word' id='word_1_119' title='bbox 469 1084 575 1120; x_wconf 84' lang='grc' dir='ltr'>ἀρετῶν</span> <span class='ocrx_word' id='word_1_120' title='bbox 594 1085 640 1112; x_wconf 78' lang='grc' dir='ltr'>καὶ</span> <span class='ocrx_word' id='word_1_121' title='bbox 652 1085 812 1120; x_wconf 82' lang='grc' dir='ltr'>μαρτύρων.</span> 
     </span>
    </p>
   </div>
   <div class='ocr_carea' id='block_1_22' title="bbox 259 1129 901 1166">
    <p class='ocr_par' dir='ltr' id='par_1_22' title="bbox 259 1129 901 1166">
     <span class='ocr_line' id='line_1_22' title="bbox 259 1129 901 1166; baseline 0.005 -12"><span class='ocrx_word' id='word_1_122' title='bbox 259 1129 290 1154; x_wconf 82' lang='grc' dir='ltr'><strong>Οἱ</strong></span> <span class='ocrx_word' id='word_1_123' title='bbox 310 1130 397 1163; x_wconf 78' lang='grc' dir='ltr'>φωτδς</span> <span class='ocrx_word' id='word_1_124' title='bbox 413 1129 504 1164; x_wconf 70' lang='grc' dir='ltr'>ἐχθροὶ</span> <span class='ocrx_word' id='word_1_125' title='bbox 519 1130 566 1156; x_wconf 78' lang='grc' dir='ltr'>τοῦ</span> <span class='ocrx_word' id='word_1_126' title='bbox 587 1130 698 1162; x_wconf 80' lang='grc' dir='ltr'>σκύτους</span> <span class='ocrx_word' id='word_1_127' title='bbox 713 1131 901 1166; x_wconf 74' lang='grc' dir='ltr'><strong>πρωτοστάται</strong></span> 
     </span>
    </p>
   </div>
   <div class='ocr_carea' id='block_1_23' title="bbox 223 1172 820 1209">
    <p class='ocr_par' dir='ltr' id='par_1_23' title="bbox 223 1172 820 1209">
     <span class='ocr_line' id='line_1_23' title="bbox 223 1172 820 1209; baseline 0.005 -11"><span class='ocrx_word' id='word_1_128' title='bbox 223 1172 275 1198; x_wconf 84' lang='grc' dir='ltr'><strong>Τὸν</strong></span> <span class='ocrx_word' id='word_1_129' title='bbox 290 1174 431 1209; x_wconf 67' lang='grc' dir='ltr'>μάργιρον</span> <span class='ocrx_word' id='word_1_130' title='bbox 447 1174 477 1200; x_wconf 83' lang='grc' dir='ltr'><strong>σὲ</strong></span> <span class='ocrx_word' id='word_1_131' title='bbox 494 1175 642 1208; x_wconf 76' lang='grc' dir='ltr'>χωννύουσι</span> <span class='ocrx_word' id='word_1_132' title='bbox 654 1176 710 1206; x_wconf 78' lang='grc' dir='ltr'>τοῖς</span> <span class='ocrx_word' id='word_1_133' title='bbox 725 1175 820 1207; x_wconf 69' lang='grc' dir='ltr'>λίθοις.</span> 
     </span>
    </p>
   </div>
   <div class='ocr_carea' id='block_1_24' title="bbox 225 1217 867 1256">
    <p class='ocr_par' dir='ltr' id='par_1_24' title="bbox 225 1217 867 1256">
     <span class='ocr_line' id='line_1_24' title="bbox 225 1217 867 1256; baseline 0.006 -13"><span class='ocrx_word' id='word_1_134' title='bbox 225 1217 309 1250; x_wconf 76' lang='grc' dir='ltr'>Λῦτὺς</span> <span class='ocrx_word' id='word_1_135' title='bbox 322 1218 349 1244; x_wconf 83' lang='grc' dir='ltr'>δὲ</span> <span class='ocrx_word' id='word_1_136' title='bbox 360 1218 472 1251; x_wconf 80' lang='grc' dir='ltr'><strong>τούτους</strong></span> <span class='ocrx_word' id='word_1_137' title='bbox 483 1220 643 1254; x_wconf 70' lang='grc' dir='ltr'>προσλαϐὼν</span> <span class='ocrx_word' id='word_1_138' title='bbox 658 1222 698 1252; x_wconf 72' lang='grc' dir='ltr'><strong>εἰς</strong></span> <span class='ocrx_word' id='word_1_139' title='bbox 709 1221 762 1247; x_wconf 77' lang='grc' dir='ltr'>πᾶν</span> <span class='ocrx_word' id='word_1_140' title='bbox 778 1220 867 1256; x_wconf 78' lang='grc' dir='ltr'>μέλος,</span> 
     </span>
    </p>
   </div>
   <div class='ocr_carea' id='block_1_25' title="bbox 225 1263 779 1300">
    <p class='ocr_par' dir='ltr' id='par_1_25' title="bbox 225 1263 779 1300">
     <span class='ocr_line' id='line_1_25' title="bbox 225 1263 779 1300; baseline 0.004 -11"><span class='ocrx_word' id='word_1_141' title='bbox 225 1263 316 1297; x_wconf 57' lang='lat' dir='ltr'><strong>Bitias;</strong></span> <span class='ocrx_word' id='word_1_142' title='bbox 327 1263 458 1299; x_wconf 73' lang='grc' dir='ltr'>ἐρυθροὺς</span> <span class='ocrx_word' id='word_1_143' title='bbox 470 1264 561 1291; x_wconf 76' lang='grc' dir='ltr'>ἄνθεσι</span> <span class='ocrx_word' id='word_1_144' title='bbox 573 1265 627 1292; x_wconf 83' lang='grc' dir='ltr'><strong>τῶν</strong></span> <span class='ocrx_word' id='word_1_145' title='bbox 644 1265 779 1300; x_wconf 79' lang='grc' dir='ltr'><strong>αἱμάτων,</strong></span> 
     </span>
    </p>
   </div>
   <div class='ocr_carea' id='block_1_26' title="bbox 226 1305 820 1346">
    <p class='ocr_par' dir='ltr' id='par_1_26' title="bbox 226 1305 820 1346">
     <span class='ocr_line' id='line_1_26' title="bbox 226 1305 820 1346; baseline 0.007 -12"><span class='ocrx_word' id='word_1_146' title='bbox 226 1308 305 1340; x_wconf 82' lang='grc' dir='ltr'>Ὄλος</span> <span class='ocrx_word' id='word_1_147' title='bbox 323 1309 453 1342; x_wconf 79' lang='grc' dir='ltr'>στέφανος</span> <span class='ocrx_word' id='word_1_148' title='bbox 468 1310 500 1337; x_wconf 81' lang='grc' dir='ltr'>ἐκ</span> <span class='ocrx_word' id='word_1_149' title='bbox 514 1309 596 1336; x_wconf 82' lang='grc' dir='ltr'>λίθων</span> <span class='ocrx_word' id='word_1_150' title='bbox 609 1305 656 1337; x_wconf 74' lang='grc' dir='ltr'>καὶ</span> <span class='ocrx_word' id='word_1_151' title='bbox 670 1313 820 1346; x_wconf 74' lang='grc' dir='ltr'>μαργάρων</span> 
     </span>
    </p>
   </div>
   <div class='ocr_carea' id='block_1_27' title="bbox 224 1354 907 1392">
    <p class='ocr_par' dir='ltr' id='par_1_27' title="bbox 224 1354 907 1392">
     <span class='ocr_line' id='line_1_27' title="bbox 224 1354 907 1392; baseline 0.007 -13"><span class='ocrx_word' id='word_1_152' title='bbox 224 1354 356 1389; x_wconf 66' lang='grc' dir='ltr'>Λαμπρὺς</span> <span class='ocrx_word' id='word_1_153' title='bbox 370 1355 510 1390; x_wconf 79' lang='grc' dir='ltr'>προήχθης</span> <span class='ocrx_word' id='word_1_154' title='bbox 524 1356 606 1382; x_wconf 77' lang='grc' dir='ltr'>αὑτοῦ</span> <span class='ocrx_word' id='word_1_155' title='bbox 623 1356 670 1382; x_wconf 83' lang='grc' dir='ltr'>καὶ</span> <span class='ocrx_word' id='word_1_156' title='bbox 680 1357 734 1383; x_wconf 89' lang='grc' dir='ltr'><strong>τῶν</strong></span> <span class='ocrx_word' id='word_1_157' title='bbox 750 1357 907 1392; x_wconf 81' lang='grc' dir='ltr'>μαρτύρων.</span> 
     </span>
    </p>
   </div>
   <div class='ocr_carea' id='block_1_28' title="bbox 265 1399 921 1437">
    <p class='ocr_par' dir='ltr' id='par_1_28' title="bbox 265 1399 921 1437">
     <span class='ocr_line' id='line_1_28' title="bbox 265 1399 921 1437; baseline 0.005 -12"><span class='ocrx_word' id='word_1_158' title='bbox 265 1399 308 1431; x_wconf 79' lang='grc' dir='ltr'><strong>ἘΞ</strong></span> <span class='ocrx_word' id='word_1_159' title='bbox 325 1400 440 1436; x_wconf 77' lang='grc' dir='ltr'>οὐρανοῦ</span> <span class='ocrx_word' id='word_1_160' title='bbox 455 1401 518 1435; x_wconf 71' lang='grc' dir='ltr'>χθὲς</span> <span class='ocrx_word' id='word_1_161' title='bbox 531 1402 563 1427; x_wconf 86' lang='grc' dir='ltr'>Δε</span> <span class='ocrx_word' id='word_1_162' title='bbox 570 1401 670 1435; x_wconf 73' lang='grc' dir='ltr'>τπότης</span> <span class='ocrx_word' id='word_1_163' title='bbox 683 1401 750 1436; x_wconf 72' lang='grc' dir='ltr'>πρὸς</span> <span class='ocrx_word' id='word_1_164' title='bbox 765 1401 815 1436; x_wconf 83' lang='grc' dir='ltr'>τὴν</span> <span class='ocrx_word' id='word_1_165' title='bbox 829 1401 921 1437; x_wconf 78' lang='grc' dir='ltr'>χθόνα,</span> 
     </span>
    </p>
   </div>
   <div class='ocr_carea' id='block_1_29' title="bbox 230 1445 817 1483">
    <p class='ocr_par' dir='ltr' id='par_1_29' title="bbox 230 1445 817 1483">
     <span class='ocr_line' id='line_1_29' title="bbox 230 1445 817 1483; baseline 0.005 -12"><span class='ocrx_word' id='word_1_166' title='bbox 230 1445 277 1471; x_wconf 83' lang='grc' dir='ltr'>Ἐκ</span> <span class='ocrx_word' id='word_1_167' title='bbox 291 1447 342 1480; x_wconf 83' lang='grc' dir='ltr'><strong>γῆς</strong></span> <span class='ocrx_word' id='word_1_168' title='bbox 354 1447 368 1475; x_wconf 72' lang='grc' dir='ltr'>ὁ</span> <span class='ocrx_word' id='word_1_169' title='bbox 384 1445 477 1478; x_wconf 78' lang='grc' dir='ltr'>δοῦλος</span> <span class='ocrx_word' id='word_1_170' title='bbox 494 1447 613 1482; x_wconf 83' lang='grc' dir='ltr'>σήμερον</span> <span class='ocrx_word' id='word_1_171' title='bbox 629 1447 696 1483; x_wconf 67' lang='grc' dir='ltr'>πρὸς</span> <span class='ocrx_word' id='word_1_172' title='bbox 709 1447 817 1482; x_wconf 71' lang='grc' dir='ltr'>αἰθέρα,</span> 
     </span>
    </p>
   </div>
   <div class='ocr_carea' id='block_1_30' title="bbox 226 1490 832 1527">
    <p class='ocr_par' dir='ltr' id='par_1_30' title="bbox 226 1490 832 1527">
     <span class='ocr_line' id='line_1_30' title="bbox 226 1490 832 1527; baseline 0.003 -11"><span class='ocrx_word' id='word_1_173' title='bbox 226 1490 330 1519; x_wconf 79' lang='grc' dir='ltr'>’Λνεισι</span> <span class='ocrx_word' id='word_1_174' title='bbox 346 1491 458 1526; x_wconf 77' lang='grc' dir='ltr'>φαιδρός</span> <span class='ocrx_word' id='word_1_175' title='bbox 470 1499 478 1507; x_wconf 91' lang='grc'><strong>·</strong></span> <span class='ocrx_word' id='word_1_176' title='bbox 491 1491 547 1517; x_wconf 81' lang='grc' dir='ltr'>ἀλλ’</span> <span class='ocrx_word' id='word_1_177' title='bbox 561 1492 620 1518; x_wconf 74' lang='grc' dir='ltr'>ἐκεῖ</span> <span class='ocrx_word' id='word_1_178' title='bbox 632 1493 677 1519; x_wconf 82' lang='grc' dir='ltr'>τὸν</span> <span class='ocrx_word' id='word_1_179' title='bbox 693 1493 832 1527; x_wconf 76' lang='grc' dir='ltr'><strong>Δεσπότην</strong></span> 
     </span>
    </p>
   </div>
   <div class='ocr_carea' id='block_1_31' title="bbox 259 1628 1004 1671">
    <p class='ocr_par' dir='ltr' id='par_1_31' title="bbox 259 1628 1004 1671">
     <span class='ocr_line' id='line_1_31' title="bbox 259 1628 1004 1671; baseline -0.001 -8"><span class='ocrx_word' id='word_1_180' title='bbox 259 1635 298 1663; x_wconf 80' lang='lat' dir='ltr'><strong>Ne</strong></span> <span class='ocrx_word' id='word_1_181' title='bbox 318 1636 407 1671; x_wconf 86' lang='lat' dir='ltr'><strong>ignem</strong></span> <span class='ocrx_word' id='word_1_182' title='bbox 428 1636 567 1668; x_wconf 67' lang='lat' dir='ltr'><strong>incendis,</strong></span> <span class='ocrx_word' id='word_1_183' title='bbox 591 1628 700 1669; x_wconf 78' lang='lat' dir='ltr'><strong>aurum,</strong></span> <span class='ocrx_word' id='word_1_184' title='bbox 722 1640 875 1671; x_wconf 86' lang='lat' dir='ltr'><strong>argentum,</strong></span> <span class='ocrx_word' id='word_1_185' title='bbox 902 1635 1004 1670; x_wconf 85' lang='lat' dir='ltr'><strong>lapides</strong></span> 
     </span>
    </p>
   </div>
   <div class='ocr_carea' id='block_1_32' title="bbox 225 1681 950 1716">
    <p class='ocr_par' dir='ltr' id='par_1_32' title="bbox 225 1681 950 1716">
     <span class='ocr_line' id='line_1_32' title="bbox 225 1681 950 1716; baseline -0.003 -7"><span class='ocrx_word' id='word_1_186' title='bbox 225 1681 377 1716; x_wconf 77' lang='lat' dir='ltr'><strong>fulgoribus</strong></span> <span class='ocrx_word' id='word_1_187' title='bbox 389 1681 559 1709; x_wconf 85' lang='lat' dir='ltr'><strong>inflammant</strong></span> <span class='ocrx_word' id='word_1_188' title='bbox 571 1681 674 1716; x_wconf 80' lang='lat' dir='ltr'><strong>absque</strong></span> <span class='ocrx_word' id='word_1_189' title='bbox 691 1681 786 1716; x_wconf 90' lang='lat' dir='ltr'><strong>prunis</strong></span> <span class='ocrx_word' id='word_1_190' title='bbox 802 1685 950 1716; x_wconf 79' lang='lat' dir='ltr'><strong>unguenta.</strong></span> 
     </span>
    </p>
   </div>
   <div class='ocr_carea' id='block_1_33' title="bbox 259 1726 1004 1759">
    <p class='ocr_par' dir='ltr' id='par_1_33' title="bbox 259 1726 1004 1759">
     <span class='ocr_line' id='line_1_33' title="bbox 259 1726 1004 1759; baseline -0.001 -5"><span class='ocrx_word' id='word_1_191' title='bbox 259 1726 374 1754; x_wconf 91' lang='lat' dir='ltr'><strong>Oculum</strong></span> <span class='ocrx_word' id='word_1_192' title='bbox 403 1727 529 1759; x_wconf 85' lang='lat' dir='ltr'><strong>materia,</strong></span> <span class='ocrx_word' id='word_1_193' title='bbox 561 1726 694 1753; x_wconf 84' lang='lat' dir='ltr'><strong>rationem</strong></span> <span class='ocrx_word' id='word_1_194' title='bbox 719 1730 789 1759; x_wconf 81' lang='lat' dir='ltr'><strong>arte,</strong></span> <span class='ocrx_word' id='word_1_195' title='bbox 821 1726 1004 1754; x_wconf 82' lang='lat' dir='ltr'><strong>sensationem</strong></span> 
     </span>
    </p>
   </div>
   <div class='ocr_carea' id='block_1_34' title="bbox 226 1770 648 1807">
    <p class='ocr_par' dir='ltr' id='par_1_34' title="bbox 226 1770 648 1807">
     <span class='ocr_line' id='line_1_34' title="bbox 226 1770 648 1807; baseline -0.002 -8"><span class='ocrx_word' id='word_1_196' title='bbox 226 1771 309 1799; x_wconf 81' lang='lat' dir='ltr'><strong>odore</strong></span> <span class='ocrx_word' id='word_1_197' title='bbox 321 1775 520 1807; x_wconf 77' lang='lat' dir='ltr'><strong>unguentorum</strong></span> <span class='ocrx_word' id='word_1_198' title='bbox 536 1770 648 1798; x_wconf 81' lang='lat' dir='ltr'><strong>delecta.</strong></span> 
     </span>
    </p>
   </div>
   <div class='ocr_carea' id='block_1_35' title="bbox 475 1824 753 1860">
    <p class='ocr_par' dir='ltr' id='par_1_35' title="bbox 475 1824 753 1860">
     <span class='ocr_line' id='line_1_35' title="bbox 475 1824 753 1860; baseline 0.007 -8"><span class='ocrx_word' id='word_1_199' title='bbox 475 1825 535 1853; x_wconf 72' lang='grc'><strong>105.</strong></span> <span class='ocrx_word' id='word_1_200' title='bbox 552 1824 586 1852; x_wconf 86' lang='lat' dir='ltr'><strong>In</strong></span> <span class='ocrx_word' id='word_1_201' title='bbox 601 1825 753 1860; x_wconf 77' lang='lat' dir='ltr'><strong>Deiparam.</strong></span> 
     </span>
    </p>
   </div>
   <div class='ocr_carea' id='block_1_36' title="bbox 259 1889 1005 1923">
    <p class='ocr_par' dir='ltr' id='par_1_36' title="bbox 259 1889 1005 1923">
     <span class='ocr_line' id='line_1_36' title="bbox 259 1889 1005 1923; baseline 0 -6"><span class='ocrx_word' id='word_1_202' title='bbox 259 1889 332 1917; x_wconf 82' lang='lat' dir='ltr'><strong>Nihil</strong></span> <span class='ocrx_word' id='word_1_203' title='bbox 356 1889 447 1916; x_wconf 83' lang='lat' dir='ltr'><strong>anima</strong></span> <span class='ocrx_word' id='word_1_204' title='bbox 468 1893 513 1916; x_wconf 89' lang='lat' dir='ltr'><strong>tua</strong></span> <span class='ocrx_word' id='word_1_205' title='bbox 535 1890 634 1917; x_wconf 87' lang='lat' dir='ltr'><strong>melius</strong></span> <span class='ocrx_word' id='word_1_206' title='bbox 653 1890 752 1917; x_wconf 69' lang='lat' dir='ltr'><strong>coelum</strong></span> <span class='ocrx_word' id='word_1_207' title='bbox 778 1889 912 1923; x_wconf 82' lang='lat' dir='ltr'><strong>obtinuit;</strong></span> <span class='ocrx_word' id='word_1_208' title='bbox 937 1890 1005 1917; x_wconf 93' lang='lat' dir='ltr'><strong>nihil</strong></span> 
     </span>
    </p>
   </div>
   <div class='ocr_carea' id='block_1_37' title="bbox 224 1934 1006 1970">
    <p class='ocr_par' dir='ltr' id='par_1_37' title="bbox 224 1934 1006 1970">
     <span class='ocr_line' id='line_1_37' title="bbox 224 1934 1006 1970; baseline 0.001 -8"><span class='ocrx_word' id='word_1_209' title='bbox 224 1935 339 1970; x_wconf 78' lang='lat' dir='ltr'><strong>virginis</strong></span> <span class='ocrx_word' id='word_1_210' title='bbox 355 1934 440 1962; x_wconf 88' lang='lat' dir='ltr'><strong>forma</strong></span> <span class='ocrx_word' id='word_1_211' title='bbox 456 1935 630 1969; x_wconf 71' lang='lat' dir='ltr'><strong>praestantius</strong></span> <span class='ocrx_word' id='word_1_212' title='bbox 643 1939 715 1962; x_wconf 85' lang='lat' dir='ltr'><strong>terra</strong></span> <span class='ocrx_word' id='word_1_213' title='bbox 732 1935 868 1970; x_wconf 72' lang='lat' dir='ltr'><strong>produxit.</strong></span> <span class='ocrx_word' id='word_1_214' title='bbox 883 1935 947 1963; x_wconf 91' lang='lat' dir='ltr'><strong>ldeo</strong></span> <span class='ocrx_word' id='word_1_215' title='bbox 956 1943 1006 1970; x_wconf 79' lang='lat' dir='ltr'><strong>ego</strong></span> 
     </span>
    </p>
   </div>
   <div class='ocr_carea' id='block_1_38' title="bbox 224 1980 1004 2016">
    <p class='ocr_par' dir='ltr' id='par_1_38' title="bbox 224 1980 1004 2016">
     <span class='ocr_line' id='line_1_38' title="bbox 224 1980 1004 2016; baseline 0 -8"><span class='ocrx_word' id='word_1_216' title='bbox 224 1981 334 2016; x_wconf 78' lang='lat' dir='ltr'><strong>quidem</strong></span> <span class='ocrx_word' id='word_1_217' title='bbox 351 1980 615 2015; x_wconf 85' lang='lat' dir='ltr'><strong>irreprehensibilem</strong></span> <span class='ocrx_word' id='word_1_218' title='bbox 629 1981 753 2015; x_wconf 88' lang='lat' dir='ltr'><strong>corporis</strong></span> <span class='ocrx_word' id='word_1_219' title='bbox 767 1980 911 2015; x_wconf 81' lang='lat' dir='ltr'><strong>imaginem</strong></span> <span class='ocrx_word' id='word_1_220' title='bbox 923 1980 1004 2015; x_wconf 83' lang='lat' dir='ltr'><strong>ﬁngo,</strong></span> 
     </span>
    </p>
   </div>
   <div class='ocr_carea' id='block_1_39' title="bbox 224 2026 1007 2062">
    <p class='ocr_par' dir='ltr' id='par_1_39' title="bbox 224 2026 1007 2062">
     <span class='ocr_line' id='line_1_39' title="bbox 224 2026 1007 2062; baseline 0 -8"><span class='ocrx_word' id='word_1_221' title='bbox 224 2027 270 2054; x_wconf 81' lang='lat' dir='ltr'><strong>sed</strong></span> <span class='ocrx_word' id='word_1_222' title='bbox 287 2026 454 2061; x_wconf 89' lang='lat' dir='ltr'><strong>spiritualem</strong></span> <span class='ocrx_word' id='word_1_223' title='bbox 475 2034 490 2053; x_wconf 91' lang='lat' dir='ltr'><strong>e</strong></span> <span class='ocrx_word' id='word_1_224' title='bbox 510 2026 580 2054; x_wconf 72' lang='lat' dir='ltr'><strong>emlo</strong></span> <span class='ocrx_word' id='word_1_225' title='bbox 600 2026 714 2062; x_wconf 76' lang='lat' dir='ltr'><strong>gratiam</strong></span> <span class='ocrx_word' id='word_1_226' title='bbox 733 2027 756 2054; x_wconf 88' lang='lat' dir='ltr'><strong>si</strong></span> <span class='ocrx_word' id='word_1_227' title='bbox 777 2026 909 2058; x_wconf 86' lang='lat' dir='ltr'><strong>infundis,</strong></span> <span class='ocrx_word' id='word_1_228' title='bbox 931 2027 1007 2054; x_wconf 87' lang='lat' dir='ltr'><strong>dives</strong></span> 
     </span>
    </p>
   </div>
   <div class='ocr_carea' id='block_1_40' title="bbox 224 2072 1006 2107">
    <p class='ocr_par' dir='ltr' id='par_1_40' title="bbox 224 2072 1006 2107">
     <span class='ocr_line' id='line_1_40' title="bbox 224 2072 1006 2107; baseline -0.003 -7"><span class='ocrx_word' id='word_1_229' title='bbox 224 2073 276 2100; x_wconf 91' lang='lat' dir='ltr'><strong>erit</strong></span> <span class='ocrx_word' id='word_1_230' title='bbox 289 2072 361 2100; x_wconf 87' lang='lat' dir='ltr'><strong>istud</strong></span> <span class='ocrx_word' id='word_1_231' title='bbox 377 2079 446 2107; x_wconf 90' lang='lat' dir='ltr'><strong>opus</strong></span> <span class='ocrx_word' id='word_1_232' title='bbox 461 2072 533 2107; x_wconf 90' lang='lat' dir='ltr'><strong>quod</strong></span> <span class='ocrx_word' id='word_1_233' title='bbox 549 2072 610 2100; x_wconf 83' lang='lat' dir='ltr'><strong>coeli</strong></span> <span class='ocrx_word' id='word_1_234' title='bbox 624 2072 721 2099; x_wconf 87' lang='lat' dir='ltr'><strong>meruit</strong></span> <span class='ocrx_word' id='word_1_235' title='bbox 737 2072 839 2107; x_wconf 90' lang='lat' dir='ltr'><strong>primas</strong></span> <span class='ocrx_word' id='word_1_236' title='bbox 854 2077 881 2100; x_wconf 90' lang='lat' dir='ltr'><strong>et</strong></span> <span class='ocrx_word' id='word_1_237' title='bbox 897 2072 923 2099; x_wconf 92' lang='lat' dir='ltr'><strong>in</strong></span> <span class='ocrx_word' id='word_1_238' title='bbox 936 2077 1006 2099; x_wconf 85' lang='lat' dir='ltr'><strong>terra</strong></span> 
     </span>
    </p>
   </div>
   <div class='ocr_carea' id='block_1_41' title="bbox 224 2117 658 2153">
    <p class='ocr_par' dir='ltr' id='par_1_41' title="bbox 224 2117 658 2153">
     <span class='ocr_line' id='line_1_41' title="bbox 224 2117 658 2153; baseline -0.002 -7"><span class='ocrx_word' id='word_1_239' title='bbox 224 2119 347 2146; x_wconf 84' lang='lat' dir='ltr'><strong>oblinere</strong></span> <span class='ocrx_word' id='word_1_240' title='bbox 363 2127 370 2146; x_wconf 93' lang='lat'><strong>:</strong></span> <span class='ocrx_word' id='word_1_241' title='bbox 390 2118 433 2146; x_wconf 88' lang='lat' dir='ltr'><strong>his</strong></span> <span class='ocrx_word' id='word_1_242' title='bbox 449 2126 549 2152; x_wconf 83' lang='lat' dir='ltr'><strong>annue,</strong></span> <span class='ocrx_word' id='word_1_243' title='bbox 566 2117 658 2153; x_wconf 81' lang='lat' dir='ltr'><strong>Virgo.</strong></span> 
     </span>
    </p>
   </div>
   <div class='ocr_carea' id='block_1_42' title="bbox 399 2183 830 2218">
    <p class='ocr_par' dir='ltr' id='par_1_42' title="bbox 399 2183 830 2218">
     <span class='ocr_line' id='line_1_42' title="bbox 399 2183 830 2218; baseline 0.002 -8"><span class='ocrx_word' id='word_1_244' title='bbox 399 2183 461 2212; x_wconf 68' lang='grc'>104.</span> <span class='ocrx_word' id='word_1_245' title='bbox 472 2183 504 2211; x_wconf 88' lang='grc' dir='ltr'><strong>1η</strong></span> <span class='ocrx_word' id='word_1_246' title='bbox 523 2189 643 2211; x_wconf 78' lang='lat' dir='ltr'><strong>sanctum</strong></span> <span class='ocrx_word' id='word_1_247' title='bbox 658 2183 830 2218; x_wconf 80' lang='lat' dir='ltr'><strong>Stephanum.</strong></span> 
     </span>
    </p>
   </div>
   <div class='ocr_carea' id='block_1_43' title="bbox 263 2238 1005 2274">
    <p class='ocr_par' dir='ltr' id='par_1_43' title="bbox 263 2238 1005 2274">
     <span class='ocr_line' id='line_1_43' title="bbox 263 2238 1005 2274; baseline -0.003 -7"><span class='ocrx_word' id='word_1_248' title='bbox 263 2240 417 2274; x_wconf 79' lang='lat' dir='ltr'><strong>Stephanus</strong></span> <span class='ocrx_word' id='word_1_249' title='bbox 450 2246 513 2266; x_wconf 87' lang='lat' dir='ltr'><strong>vere</strong></span> <span class='ocrx_word' id='word_1_250' title='bbox 544 2246 646 2266; x_wconf 86' lang='lat' dir='ltr'><strong>corona</strong></span> <span class='ocrx_word' id='word_1_251' title='bbox 675 2243 717 2266; x_wconf 86' lang='lat' dir='ltr'><strong>est</strong></span> <span class='ocrx_word' id='word_1_252' title='bbox 744 2243 905 2273; x_wconf 81' lang='lat' dir='ltr'><strong>martyrum.</strong></span> <span class='ocrx_word' id='word_1_253' title='bbox 939 2238 1005 2266; x_wconf 76' lang='lat' dir='ltr'><strong>Nam</strong></span> 
     </span>
    </p>
   </div>
   <div class='ocr_carea' id='block_1_44' title="bbox 227 2281 1006 2319">
    <p class='ocr_par' dir='ltr' id='par_1_44' title="bbox 227 2281 1006 2319">
     <span class='ocr_line' id='line_1_44' title="bbox 227 2281 1006 2319; baseline -0.001 -9"><span class='ocrx_word' id='word_1_254' title='bbox 227 2283 391 2319; x_wconf 76' lang='lat' dir='ltr'><strong>principium</strong></span> <span class='ocrx_word' id='word_1_255' title='bbox 406 2282 563 2318; x_wconf 81' lang='lat' dir='ltr'><strong>passionum</strong></span> <span class='ocrx_word' id='word_1_256' title='bbox 584 2286 609 2308; x_wconf 81' lang='lat' dir='ltr'><strong>et</strong></span> <span class='ocrx_word' id='word_1_257' title='bbox 623 2281 689 2315; x_wconf 80' lang='lat' dir='ltr'><strong>legis</strong></span> <span class='ocrx_word' id='word_1_258' title='bbox 703 2281 764 2309; x_wconf 87' lang='lat' dir='ltr'><strong>ﬁnis</strong></span> <span class='ocrx_word' id='word_1_259' title='bbox 779 2281 840 2314; x_wconf 88' lang='lat' dir='ltr'><strong>fuit,</strong></span> <span class='ocrx_word' id='word_1_260' title='bbox 856 2286 949 2316; x_wconf 81' lang='lat' dir='ltr'><strong>utpote</strong></span> <span class='ocrx_word' id='word_1_261' title='bbox 963 2282 1006 2309; x_wconf 93' lang='lat' dir='ltr'><strong>in-</strong></span> 
     </span>
    </p>
   </div>
   <div class='ocr_carea' id='block_1_45' title="bbox 226 2327 709 2356">
    <p class='ocr_par' dir='ltr' id='par_1_45' title="bbox 226 2327 709 2356">
     <span class='ocr_line' id='line_1_45' title="bbox 226 2327 709 2356; baseline -0.006 0"><span class='ocrx_word' id='word_1_262' title='bbox 226 2328 399 2356; x_wconf 83' lang='lat' dir='ltr'><strong>terfectorum</strong></span> <span class='ocrx_word' id='word_1_263' title='bbox 414 2335 445 2354; x_wconf 75' lang='lat' dir='ltr'><strong>ex</strong></span> <span class='ocrx_word' id='word_1_264' title='bbox 460 2327 541 2354; x_wconf 82' lang='lat' dir='ltr'><strong>corde</strong></span> <span class='ocrx_word' id='word_1_265' title='bbox 555 2327 709 2354; x_wconf 85' lang='lat' dir='ltr'><strong>miseratus.</strong></span> 
     </span>
    </p>
   </div>
   <div class='ocr_carea' id='block_1_46' title="bbox 263 2373 1006 2408">
    <p class='ocr_par' dir='ltr' id='par_1_46' title="bbox 263 2373 1006 2408">
     <span class='ocr_line' id='line_1_46' title="bbox 263 2373 1006 2408; baseline -0.003 -7"><span class='ocrx_word' id='word_1_266' title='bbox 263 2374 298 2401; x_wconf 87' lang='lat' dir='ltr'><strong>Ut</strong></span> <span class='ocrx_word' id='word_1_267' title='bbox 312 2374 488 2408; x_wconf 80' lang='lat' dir='ltr'><strong>conspicuam</strong></span> <span class='ocrx_word' id='word_1_268' title='bbox 505 2373 658 2408; x_wconf 89' lang='lat' dir='ltr'><strong>Stephanus</strong></span> <span class='ocrx_word' id='word_1_269' title='bbox 673 2373 760 2400; x_wconf 84' lang='lat' dir='ltr'><strong>texuit</strong></span> <span class='ocrx_word' id='word_1_270' title='bbox 774 2379 903 2400; x_wconf 85' lang='lat' dir='ltr'><strong>coronam</strong></span> <span class='ocrx_word' id='word_1_271' title='bbox 922 2373 1006 2400; x_wconf 76' lang='lat' dir='ltr'><strong>inber-</strong></span> 
     </span>
    </p>
   </div>
   <div class='ocr_carea' id='block_1_47' title="bbox 226 2418 1006 2454">
    <p class='ocr_par' dir='ltr' id='par_1_47' title="bbox 226 2418 1006 2454">
     <span class='ocr_line' id='line_1_47' title="bbox 226 2418 1006 2454; baseline -0.003 -6"><span class='ocrx_word' id='word_1_272' title='bbox 226 2421 360 2448; x_wconf 81' lang='lat' dir='ltr'><strong>fectorum</strong></span> <span class='ocrx_word' id='word_1_273' title='bbox 387 2419 531 2454; x_wconf 80' lang='lat' dir='ltr'><strong>lapidibus,</strong></span> <span class='ocrx_word' id='word_1_274' title='bbox 558 2418 739 2453; x_wconf 80' lang='lat' dir='ltr'><strong>larrymarum</strong></span> <span class='ocrx_word' id='word_1_275' title='bbox 756 2418 920 2452; x_wconf 75' lang='lat' dir='ltr'><strong>margaritis,</strong></span> <span class='ocrx_word' id='word_1_276' title='bbox 936 2426 1006 2453; x_wconf 84' lang='lat' dir='ltr'><strong>quas</strong></span> 
     </span>
    </p>
   </div>
   <div class='ocr_carea' id='block_1_48' title="bbox 224 2462 1007 2496">
    <p class='ocr_par' dir='ltr' id='par_1_48' title="bbox 224 2462 1007 2496">
     <span class='ocr_line' id='line_1_48' title="bbox 224 2462 1007 2496; baseline -0.005 -4"><span class='ocrx_word' id='word_1_277' title='bbox 224 2465 354 2492; x_wconf 84' lang='lat' dir='ltr'><strong>fundebat</strong></span> <span class='ocrx_word' id='word_1_278' title='bbox 369 2463 557 2491; x_wconf 84' lang='lat' dir='ltr'><strong>interfectores</strong></span> <span class='ocrx_word' id='word_1_279' title='bbox 567 2462 668 2490; x_wconf 81' lang='lat' dir='ltr'><strong>deflens</strong></span> <span class='ocrx_word' id='word_1_280' title='bbox 680 2471 687 2496; x_wconf 87' lang='lat'><strong>;</strong></span> <span class='ocrx_word' id='word_1_281' title='bbox 698 2469 799 2490; x_wconf 82' lang='lat' dir='ltr'><strong>corona</strong></span> <span class='ocrx_word' id='word_1_282' title='bbox 813 2462 858 2490; x_wconf 90' lang='lat' dir='ltr'><strong>ille</strong></span> <span class='ocrx_word' id='word_1_283' title='bbox 869 2466 911 2490; x_wconf 89' lang='lat' dir='ltr'><strong>est</strong></span> <span class='ocrx_word' id='word_1_284' title='bbox 924 2462 1007 2489; x_wconf 83' lang='lat' dir='ltr'><strong>virtu-</strong></span> 
     </span>
    </p>
   </div>
   <div class='ocr_carea' id='block_1_49' title="bbox 224 2514 494 2545">
    <p class='ocr_par' dir='ltr' id='par_1_49' title="bbox 224 2514 494 2545">
     <span class='ocr_line' id='line_1_49' title="bbox 224 2514 494 2545; baseline -0.011 -7"><span class='ocrx_word' id='word_1_285' title='bbox 224 2517 280 2539; x_wconf 88' lang='lat' dir='ltr'><strong>tum</strong></span> <span class='ocrx_word' id='word_1_286' title='bbox 295 2515 321 2538; x_wconf 80' lang='lat' dir='ltr'><strong>Cl.</strong></span> <span class='ocrx_word' id='word_1_287' title='bbox 335 2514 494 2545; x_wconf 86' lang='lat' dir='ltr'><strong>martyrum.</strong></span> 
     </span>
    </p>
   </div>
   <div class='ocr_carea' id='block_1_50' title="bbox 259 2554 1006 2590">
    <p class='ocr_par' dir='ltr' id='par_1_50' title="bbox 259 2554 1006 2590">
     <span class='ocr_line' id='line_1_50' title="bbox 259 2554 1006 2590; baseline -0.005 -6"><span class='ocrx_word' id='word_1_288' title='bbox 259 2557 341 2585; x_wconf 86' lang='lat' dir='ltr'><strong>Lucis</strong></span> <span class='ocrx_word' id='word_1_289' title='bbox 361 2556 465 2584; x_wconf 90' lang='lat' dir='ltr'><strong>inimici</strong></span> <span class='ocrx_word' id='word_1_290' title='bbox 483 2556 654 2583; x_wconf 82' lang='lat' dir='ltr'><strong>tenebrarum</strong></span> <span class='ocrx_word' id='word_1_291' title='bbox 671 2559 807 2582; x_wconf 82' lang='lat' dir='ltr'><strong>amatores</strong></span> <span class='ocrx_word' id='word_1_292' title='bbox 831 2559 856 2583; x_wconf 80' lang='lat' dir='ltr'><strong>te</strong></span> <span class='ocrx_word' id='word_1_293' title='bbox 875 2554 1006 2590; x_wconf 79' lang='lat' dir='ltr'><strong>margari-</strong></span> 
     </span>
    </p>
   </div>
   <div class='ocr_carea' id='block_1_51' title="bbox 224 2599 1005 2636">
    <p class='ocr_par' dir='ltr' id='par_1_51' title="bbox 224 2599 1005 2636">
     <span class='ocr_line' id='line_1_51' title="bbox 224 2599 1005 2636; baseline -0.006 -6"><span class='ocrx_word' id='word_1_294' title='bbox 224 2609 278 2630; x_wconf 87' lang='lat' dir='ltr'><strong>tam</strong></span> <span class='ocrx_word' id='word_1_295' title='bbox 293 2606 408 2630; x_wconf 84' lang='lat' dir='ltr'><strong>onerant</strong></span> <span class='ocrx_word' id='word_1_296' title='bbox 425 2601 571 2636; x_wconf 74' lang='lat' dir='ltr'><strong>lapidibus.</strong></span> <span class='ocrx_word' id='word_1_297' title='bbox 590 2602 649 2636; x_wconf 88' lang='lat' dir='ltr'><strong>Ipse</strong></span> <span class='ocrx_word' id='word_1_298' title='bbox 663 2605 753 2628; x_wconf 84' lang='lat' dir='ltr'><strong>autem</strong></span> <span class='ocrx_word' id='word_1_299' title='bbox 770 2602 820 2628; x_wconf 89' lang='lat' dir='ltr'><strong>hos</strong></span> <span class='ocrx_word' id='word_1_300' title='bbox 837 2608 884 2636; x_wconf 87' lang='lat' dir='ltr'><strong>per</strong></span> <span class='ocrx_word' id='word_1_301' title='bbox 899 2599 1005 2634; x_wconf 82' lang='lat' dir='ltr'><strong>singula</strong></span> 
     </span>
    </p>
   </div>
   <div class='ocr_carea' id='block_1_52' title="bbox 222 2645 1007 2682">
    <p class='ocr_par' dir='ltr' id='par_1_52' title="bbox 222 2645 1007 2682">
     <span class='ocr_line' id='line_1_52' title="bbox 222 2645 1007 2682; baseline -0.008 -6"><span class='ocrx_word' id='word_1_302' title='bbox 222 2649 344 2676; x_wconf 83' lang='lat' dir='ltr'><strong>membra</strong></span> <span class='ocrx_word' id='word_1_303' title='bbox 378 2647 521 2682; x_wconf 83' lang='lat' dir='ltr'><strong>recipiens.</strong></span> <span class='ocrx_word' id='word_1_304' title='bbox 546 2647 697 2682; x_wconf 88' lang='lat' dir='ltr'><strong>rubrosqne</strong></span> <span class='ocrx_word' id='word_1_305' title='bbox 729 2647 837 2681; x_wconf 76' lang='lat' dir='ltr'><strong>tingens</strong></span> <span class='ocrx_word' id='word_1_306' title='bbox 866 2645 1007 2679; x_wconf 80' lang='lat' dir='ltr'><strong>sanguinis</strong></span> 
     </span>
    </p>
   </div>
   <div class='ocr_carea' id='block_1_53' title="bbox 223 2690 1007 2726">
    <p class='ocr_par' dir='ltr' id='par_1_53' title="bbox 223 2690 1007 2726">
     <span class='ocr_line' id='line_1_53' title="bbox 223 2690 1007 2726; baseline -0.005 -6"><span class='ocrx_word' id='word_1_307' title='bbox 223 2695 353 2726; x_wconf 84' lang='lat' dir='ltr'><strong>tioribus;</strong></span> <span class='ocrx_word' id='word_1_308' title='bbox 371 2699 443 2720; x_wconf 87' lang='lat' dir='ltr'><strong>totus</strong></span> <span class='ocrx_word' id='word_1_309' title='bbox 459 2700 559 2720; x_wconf 84' lang='lat' dir='ltr'><strong>corona</strong></span> <span class='ocrx_word' id='word_1_310' title='bbox 574 2692 722 2726; x_wconf 87' lang='lat' dir='ltr'><strong>conspicua</strong></span> <span class='ocrx_word' id='word_1_311' title='bbox 737 2691 824 2719; x_wconf 84' lang='lat' dir='ltr'><strong>factus</strong></span> <span class='ocrx_word' id='word_1_312' title='bbox 838 2699 853 2718; x_wconf 86' lang='lat' dir='ltr'><strong>e</strong></span> <span class='ocrx_word' id='word_1_313' title='bbox 870 2690 1007 2725; x_wconf 79' lang='lat' dir='ltr'><strong>lapididus</strong></span> 
     </span>
    </p>
   </div>
   <div class='ocr_carea' id='block_1_54' title="bbox 222 2736 917 2773">
    <p class='ocr_par' dir='ltr' id='par_1_54' title="bbox 222 2736 917 2773">
     <span class='ocr_line' id='line_1_54' title="bbox 222 2736 917 2773; baseline -0.003 -8"><span class='ocrx_word' id='word_1_314' title='bbox 222 2744 248 2765; x_wconf 85' lang='lat' dir='ltr'><strong>et</strong></span> <span class='ocrx_word' id='word_1_315' title='bbox 261 2739 414 2773; x_wconf 76' lang='lat' dir='ltr'><strong>margaritis</strong></span> <span class='ocrx_word' id='word_1_316' title='bbox 427 2738 473 2765; x_wconf 86' lang='lat' dir='ltr'><strong>tibi</strong></span> <span class='ocrx_word' id='word_1_317' title='bbox 488 2738 537 2773; x_wconf 87' lang='lat' dir='ltr'><strong>ipsi</strong></span> <span class='ocrx_word' id='word_1_318' title='bbox 552 2737 688 2773; x_wconf 61' lang='lat' dir='ltr'><strong>praferris</strong></span> <span class='ocrx_word' id='word_1_319' title='bbox 701 2742 727 2764; x_wconf 72' lang='lat' dir='ltr'><strong>et</strong></span> <span class='ocrx_word' id='word_1_320' title='bbox 743 2736 917 2772; x_wconf 80' lang='lat' dir='ltr'><strong>martyribus.</strong></span> 
     </span>
    </p>
   </div>
   <div class='ocr_carea' id='block_1_55' title="bbox 259 2781 1006 2814">
    <p class='ocr_par' dir='ltr' id='par_1_55' title="bbox 259 2781 1006 2814">
     <span class='ocr_line' id='line_1_55' title="bbox 259 2781 1006 2814; baseline -0.004 -4"><span class='ocrx_word' id='word_1_321' title='bbox 259 2785 280 2810; x_wconf 73' lang='grc' dir='ltr'>Ε</span> <span class='ocrx_word' id='word_1_322' title='bbox 294 2785 363 2812; x_wconf 68' lang='lat' dir='ltr'><strong>uelo</strong></span> <span class='ocrx_word' id='word_1_323' title='bbox 386 2785 443 2812; x_wconf 90' lang='lat' dir='ltr'><strong>heri</strong></span> <span class='ocrx_word' id='word_1_324' title='bbox 467 2785 598 2812; x_wconf 88' lang='lat' dir='ltr'><strong>Dominus</strong></span> <span class='ocrx_word' id='word_1_325' title='bbox 611 2785 643 2811; x_wconf 88' lang='lat' dir='ltr'><strong>ad</strong></span> <span class='ocrx_word' id='word_1_326' title='bbox 665 2789 775 2814; x_wconf 83' lang='lat' dir='ltr'><strong>terram,</strong></span> <span class='ocrx_word' id='word_1_327' title='bbox 795 2790 809 2809; x_wconf 94' lang='lat' dir='ltr'><strong>e</strong></span> <span class='ocrx_word' id='word_1_328' title='bbox 830 2787 901 2809; x_wconf 80' lang='lat' dir='ltr'><strong>terra</strong></span> <span class='ocrx_word' id='word_1_329' title='bbox 926 2781 1006 2808; x_wconf 82' lang='lat' dir='ltr'><strong>hodie</strong></span> 
     </span>
    </p>
   </div>
   <div class='ocr_carea' id='block_1_56' title="bbox 225 2826 1004 2863">
    <p class='ocr_par' dir='ltr' id='par_1_56' title="bbox 225 2826 1004 2863">
     <span class='ocr_line' id='line_1_56' title="bbox 225 2826 1004 2863; baseline -0.006 -7"><span class='ocrx_word' id='word_1_330' title='bbox 225 2836 318 2856; x_wconf 65' lang='lat' dir='ltr'><strong>servus</strong></span> <span class='ocrx_word' id='word_1_331' title='bbox 338 2829 372 2857; x_wconf 84' lang='lat' dir='ltr'><strong>ad</strong></span> <span class='ocrx_word' id='word_1_332' title='bbox 395 2829 494 2857; x_wconf 82' lang='lat' dir='ltr'><strong>ccelum</strong></span> <span class='ocrx_word' id='word_1_333' title='bbox 516 2829 680 2863; x_wconf 80' lang='lat' dir='ltr'><strong>conspicuus</strong></span> <span class='ocrx_word' id='word_1_334' title='bbox 699 2828 781 2856; x_wconf 86' lang='lat' dir='ltr'><strong>subit.</strong></span> <span class='ocrx_word' id='word_1_335' title='bbox 798 2826 850 2854; x_wconf 82' lang='lat' dir='ltr'><strong>Sed</strong></span> <span class='ocrx_word' id='word_1_336' title='bbox 863 2827 898 2854; x_wconf 86' lang='lat' dir='ltr'><strong>ibi</strong></span> <span class='ocrx_word' id='word_1_337' title='bbox 914 2826 1004 2853; x_wconf 89' lang='lat' dir='ltr'><strong>Domi-</strong></span> 
     </span>
    </p>
   </div>
   <div class='ocr_carea' id='block_1_57' title="bbox 854 134 1245 165">
    <p class='ocr_par' dir='ltr' id='par_1_57' title="bbox 854 134 1245 165">
     <span class='ocr_line' id='line_1_57' title="bbox 854 134 1245 165; baseline -0.003 0"><span class='ocrx_word' id='word_1_338' title='bbox 854 135 1012 165; x_wconf 77' lang='lat' dir='ltr'><strong>JOANNIS</strong></span> <span class='ocrx_word' id='word_1_339' title='bbox 1030 134 1245 165; x_wconf 73' lang='lat' dir='ltr'><strong>GEOMETRIE</strong></span> 
     </span>
    </p>
   </div>
   <div class='ocr_carea' id='block_1_58' title="bbox 1025 183 1680 223">
    <p class='ocr_par' dir='ltr' id='par_1_58' title="bbox 1025 183 1680 223">
     <span class='ocr_line' id='line_1_58' title="bbox 1025 183 1680 223; baseline -0.008 -9"><span class='ocrx_word' id='word_1_340' title='bbox 1025 190 1047 218; x_wconf 81' lang='grc' dir='ltr'><strong>Α</strong></span> <span class='ocrx_word' id='word_1_341' title='bbox 1062 187 1107 223; x_wconf 84' lang='grc' dir='ltr'><strong>Τῷ</strong></span> <span class='ocrx_word' id='word_1_342' title='bbox 1123 188 1209 222; x_wconf 62' lang='lat' dir='ltr'><strong>Harp!</strong></span> <span class='ocrx_word' id='word_1_343' title='bbox 1223 185 1403 220; x_wconf 81' lang='grc' dir='ltr'>συγκάθεόρον</span> <span class='ocrx_word' id='word_1_344' title='bbox 1418 184 1548 218; x_wconf 79' lang='grc' dir='ltr'>Ενσαρκον</span> <span class='ocrx_word' id='word_1_345' title='bbox 1564 183 1680 219; x_wconf 81' lang='grc' dir='ltr'>βλέπων,</span> 
     </span>
    </p>
   </div>
   <div class='ocr_carea' id='block_1_59' title="bbox 1059 230 1694 268">
    <p class='ocr_par' dir='ltr' id='par_1_59' title="bbox 1059 230 1694 268">
     <span class='ocr_line' id='line_1_59' title="bbox 1059 230 1694 268; baseline -0.006 -8"><span class='ocrx_word' id='word_1_346' title='bbox 1059 233 1161 268; x_wconf 86' lang='grc' dir='ltr'><strong>Πληροῖ</strong></span> <span class='ocrx_word' id='word_1_347' title='bbox 1176 233 1230 267; x_wconf 85' lang='grc' dir='ltr'><strong>πρδ</strong></span> <span class='ocrx_word' id='word_1_348' title='bbox 1240 232 1349 259; x_wconf 82' lang='grc' dir='ltr'>πάντων</span> <span class='ocrx_word' id='word_1_349' title='bbox 1359 231 1389 257; x_wconf 85' lang='grc' dir='ltr'>τὸ</span> <span class='ocrx_word' id='word_1_350' title='bbox 1403 231 1482 266; x_wconf 82' lang='grc' dir='ltr'>χρέος</span> <span class='ocrx_word' id='word_1_351' title='bbox 1494 230 1548 257; x_wconf 87' lang='grc' dir='ltr'><strong>τῶν</strong></span> <span class='ocrx_word' id='word_1_352' title='bbox 1561 230 1694 265; x_wconf 78' lang='grc' dir='ltr'>αἱμάτων.</span> 
     </span>
    </p>
   </div>
   <div class='ocr_carea' id='block_1_60' title="bbox 1093 276 1681 312">
    <p class='ocr_par' dir='ltr' id='par_1_60' title="bbox 1093 276 1681 312">
     <span class='ocr_line' id='line_1_60' title="bbox 1093 276 1681 312; baseline -0.007 -7"><span class='ocrx_word' id='word_1_353' title='bbox 1093 278 1191 312; x_wconf 86' lang='grc' dir='ltr'>Λόγοις</span> <span class='ocrx_word' id='word_1_354' title='bbox 1206 279 1219 304; x_wconf 87' lang='grc' dir='ltr'><strong><em>ὸ</em></strong></span> <span class='ocrx_word' id='word_1_355' title='bbox 1233 277 1336 312; x_wconf 84' lang='grc' dir='ltr'><strong>βάλλων</strong></span> <span class='ocrx_word' id='word_1_356' title='bbox 1351 277 1460 311; x_wconf 79' lang='grc' dir='ltr'>καρδίας</span> <span class='ocrx_word' id='word_1_357' title='bbox 1475 276 1681 311; x_wconf 80' lang='grc' dir='ltr'>χριστοκτόνων,</span> 
     </span>
    </p>
   </div>
   <div class='ocr_carea' id='block_1_61' title="bbox 1058 321 1648 359">
    <p class='ocr_par' dir='ltr' id='par_1_61' title="bbox 1058 321 1648 359">
     <span class='ocr_line' id='line_1_61' title="bbox 1058 321 1648 359; baseline -0.007 -8"><span class='ocrx_word' id='word_1_358' title='bbox 1058 324 1145 359; x_wconf 60' lang='lat' dir='ltr'><strong>nam</strong></span> <span class='ocrx_word' id='word_1_359' title='bbox 1162 324 1246 354; x_wconf 71' lang='grc' dir='ltr'>λίθοις</span> <span class='ocrx_word' id='word_1_360' title='bbox 1261 323 1291 350; x_wconf 83' lang='grc' dir='ltr'><strong>τδ</strong></span> <span class='ocrx_word' id='word_1_361' title='bbox 1308 323 1387 357; x_wconf 84' lang='grc' dir='ltr'>σῶμα</span> <span class='ocrx_word' id='word_1_362' title='bbox 1401 321 1625 356; x_wconf 87' lang='grc' dir='ltr'>μαρτυροκτόνων</span> <span class='ocrx_word' id='word_1_363' title='bbox 1639 329 1648 336; x_wconf 89' lang='grc'><strong>·</strong></span> 
     </span>
    </p>
   </div>
   <div class='ocr_carea' id='block_1_62' title="bbox 1058 366 1645 403">
    <p class='ocr_par' dir='ltr' id='par_1_62' title="bbox 1058 366 1645 403">
     <span class='ocr_line' id='line_1_62' title="bbox 1058 366 1645 403; baseline -0.007 -7"><span class='ocrx_word' id='word_1_364' title='bbox 1058 369 1159 403; x_wconf 79' lang='grc' dir='ltr'><strong>Εὑχαῖς</strong></span> <span class='ocrx_word' id='word_1_365' title='bbox 1173 368 1274 403; x_wconf 75' lang='grc' dir='ltr'>ἀμείϐῃ</span> <span class='ocrx_word' id='word_1_366' title='bbox 1287 368 1334 399; x_wconf 78' lang='grc' dir='ltr'><strong>τὰς</strong></span> <span class='ocrx_word' id='word_1_367' title='bbox 1347 367 1426 403; x_wconf 84' lang='grc' dir='ltr'>βολὰς</span> <span class='ocrx_word' id='word_1_368' title='bbox 1442 367 1488 394; x_wconf 82' lang='grc' dir='ltr'>καὶ</span> <span class='ocrx_word' id='word_1_369' title='bbox 1499 366 1626 402; x_wconf 83' lang='grc' dir='ltr'>δακρύοις</span> <span class='ocrx_word' id='word_1_370' title='bbox 1638 373 1645 381; x_wconf 86' lang='grc'><strong>·</strong></span> 
     </span>
    </p>
   </div>
   <div class='ocr_carea' id='block_1_63' title="bbox 1065 411 1711 449">
    <p class='ocr_par' dir='ltr' id='par_1_63' title="bbox 1065 411 1711 449">
     <span class='ocr_line' id='line_1_63' title="bbox 1065 411 1711 449; baseline -0.006 -9"><span class='ocrx_word' id='word_1_371' title='bbox 1065 413 1135 440; x_wconf 81' lang='grc' dir='ltr'>Ἀνθ’</span> <span class='ocrx_word' id='word_1_372' title='bbox 1148 411 1185 440; x_wconf 83' lang='grc' dir='ltr'>ὦν</span> <span class='ocrx_word' id='word_1_373' title='bbox 1198 414 1294 449; x_wconf 82' lang='grc' dir='ltr'>στέφῃ,</span> <span class='ocrx_word' id='word_1_374' title='bbox 1310 413 1439 447; x_wconf 76' lang='grc' dir='ltr'>Στέφανε,</span> <span class='ocrx_word' id='word_1_375' title='bbox 1452 412 1597 447; x_wconf 85' lang='grc' dir='ltr'>τρίπλοκον</span> <span class='ocrx_word' id='word_1_376' title='bbox 1613 411 1711 446; x_wconf 81' lang='grc' dir='ltr'>στέφος</span> 
     </span>
    </p>
   </div>
   <div class='ocr_carea' id='block_1_64' title="bbox 1058 457 1692 493">
    <p class='ocr_par' dir='ltr' id='par_1_64' title="bbox 1058 457 1692 493">
     <span class='ocr_line' id='line_1_64' title="bbox 1058 457 1692 493; baseline -0.003 -7"><span class='ocrx_word' id='word_1_377' title='bbox 1058 458 1119 486; x_wconf 88' lang='grc' dir='ltr'>Τῶν</span> <span class='ocrx_word' id='word_1_378' title='bbox 1133 458 1286 493; x_wconf 85' lang='grc' dir='ltr'>δογμάτων,</span> <span class='ocrx_word' id='word_1_379' title='bbox 1302 458 1388 493; x_wconf 69' lang='grc' dir='ltr'>εὐχῶν</span> <span class='ocrx_word' id='word_1_380' title='bbox 1401 467 1431 484; x_wconf 81' lang='grc' dir='ltr'><strong>τε</strong></span> <span class='ocrx_word' id='word_1_381' title='bbox 1446 458 1494 484; x_wconf 80' lang='grc' dir='ltr'>καὶ</span> <span class='ocrx_word' id='word_1_382' title='bbox 1513 457 1692 491; x_wconf 82' lang='grc' dir='ltr'>παθημάτων.</span> 
     </span>
    </p>
   </div>
   <div class='ocr_carea' id='block_1_65' title="bbox 1218 511 1681 549">
    <p class='ocr_par' dir='ltr' id='par_1_65' title="bbox 1218 511 1681 549">
     <span class='ocr_line' id='line_1_65' title="bbox 1218 511 1681 549; baseline -0.004 -10"><span class='ocrx_word' id='word_1_383' title='bbox 1218 514 1264 549; x_wconf 71' lang='grc' dir='ltr'>ρξ’.</span> <span class='ocrx_word' id='word_1_384' title='bbox 1285 513 1336 546; x_wconf 75' lang='grc' dir='ltr'><strong>Εἰς</strong></span> <span class='ocrx_word' id='word_1_385' title='bbox 1348 513 1400 539; x_wconf 82' lang='grc' dir='ltr'>τὸν</span> <span class='ocrx_word' id='word_1_386' title='bbox 1418 513 1503 547; x_wconf 77' lang='grc' dir='ltr'>ἅγιον</span> <span class='ocrx_word' id='word_1_387' title='bbox 1518 511 1681 546; x_wconf 61' lang='grc' dir='ltr'>Στέφανον.</span> 
     </span>
    </p>
   </div>
   <div class='ocr_carea' id='block_1_66' title="bbox 1062 565 1685 604">
    <p class='ocr_par' dir='ltr' id='par_1_66' title="bbox 1062 565 1685 604">
     <span class='ocr_line' id='line_1_66' title="bbox 1062 565 1685 604; baseline -0.006 -9"><span class='ocrx_word' id='word_1_388' title='bbox 1062 569 1093 596; x_wconf 79' lang='lat'><strong>&#39;0</strong></span> <span class='ocrx_word' id='word_1_389' title='bbox 1107 567 1294 604; x_wconf 77' lang='grc' dir='ltr'>συμφονευτὴς</span> <span class='ocrx_word' id='word_1_390' title='bbox 1312 569 1368 598; x_wconf 77' lang='grc' dir='ltr'>τοῖς</span> <span class='ocrx_word' id='word_1_391' title='bbox 1387 567 1527 601; x_wconf 80' lang='grc' dir='ltr'>φονευταῖς</span> <span class='ocrx_word' id='word_1_392' title='bbox 1538 565 1685 600; x_wconf 79' lang='grc' dir='ltr'>Στεφάνου,</span> 
     </span>
    </p>
   </div>
   <div class='ocr_carea' id='block_1_67' title="bbox 1058 609 1680 647">
    <p class='ocr_par' dir='ltr' id='par_1_67' title="bbox 1058 609 1680 647">
     <span class='ocr_line' id='line_1_67' title="bbox 1058 609 1680 647; baseline -0.006 -8"><span class='ocrx_word' id='word_1_393' title='bbox 1058 613 1115 640; x_wconf 70' lang='grc' dir='ltr'><strong>Νῦν</strong></span> <span class='ocrx_word' id='word_1_394' title='bbox 1129 612 1313 647; x_wconf 79' lang='grc' dir='ltr'>συγχορευτὴς</span> <span class='ocrx_word' id='word_1_395' title='bbox 1326 613 1373 638; x_wconf 75' lang='grc' dir='ltr'>καὶ</span> <span class='ocrx_word' id='word_1_396' title='bbox 1387 611 1516 642; x_wconf 84' lang='grc' dir='ltr'>σύναολος</span> <span class='ocrx_word' id='word_1_397' title='bbox 1533 609 1680 643; x_wconf 84' lang='grc' dir='ltr'>Στεφάνου,</span> 
     </span>
    </p>
   </div>
   <div class='ocr_carea' id='block_1_68' title="bbox 1060 656 1651 692">
    <p class='ocr_par' dir='ltr' id='par_1_68' title="bbox 1060 656 1651 692">
     <span class='ocr_line' id='line_1_68' title="bbox 1060 656 1651 692; baseline -0.005 -8"><span class='ocrx_word' id='word_1_398' title='bbox 1060 657 1148 692; x_wconf 79' lang='grc' dir='ltr'>Ὠφθη</span> <span class='ocrx_word' id='word_1_399' title='bbox 1161 657 1266 684; x_wconf 84' lang='grc' dir='ltr'>διώκων</span> <span class='ocrx_word' id='word_1_400' title='bbox 1279 658 1342 689; x_wconf 71' lang='grc' dir='ltr'>τοὺς</span> <span class='ocrx_word' id='word_1_401' title='bbox 1361 657 1491 692; x_wconf 84' lang='grc' dir='ltr'>φονευτὰς</span> <span class='ocrx_word' id='word_1_402' title='bbox 1504 656 1651 690; x_wconf 78' lang='grc' dir='ltr'>Στεφάνου.</span> 
     </span>
    </p>
   </div>
   <div class='ocr_carea' id='block_1_69' title="bbox 1099 700 1711 737">
    <p class='ocr_par' dir='ltr' id='par_1_69' title="bbox 1099 700 1711 737">
     <span class='ocr_line' id='line_1_69' title="bbox 1099 700 1711 737; baseline -0.003 -9"><span class='ocrx_word' id='word_1_403' title='bbox 1099 702 1128 729; x_wconf 92' lang='lat'><strong>&#39;0</strong></span> <span class='ocrx_word' id='word_1_404' title='bbox 1144 702 1209 737; x_wconf 73' lang='grc' dir='ltr'>πρὶν</span> <span class='ocrx_word' id='word_1_405' title='bbox 1225 701 1341 736; x_wconf 81' lang='grc' dir='ltr'>διώκτης</span> <span class='ocrx_word' id='word_1_406' title='bbox 1358 702 1404 728; x_wconf 77' lang='grc' dir='ltr'>καὶ</span> <span class='ocrx_word' id='word_1_407' title='bbox 1417 702 1547 736; x_wconf 80' lang='grc' dir='ltr'>φονευτὴς</span> <span class='ocrx_word' id='word_1_408' title='bbox 1561 700 1711 734; x_wconf 76' lang='grc' dir='ltr'>Στεφάνου,</span> 
     </span>
    </p>
   </div>
   <div class='ocr_carea' id='block_1_70' title="bbox 1058 746 1707 782">
    <p class='ocr_par' dir='ltr' id='par_1_70' title="bbox 1058 746 1707 782">
     <span class='ocr_line' id='line_1_70' title="bbox 1058 746 1707 782; baseline -0.003 -8"><span class='ocrx_word' id='word_1_409' title='bbox 1058 748 1112 774; x_wconf 78' lang='grc' dir='ltr'><strong>Καὶ</strong></span> <span class='ocrx_word' id='word_1_410' title='bbox 1126 747 1173 774; x_wconf 81' lang='grc' dir='ltr'>νῦν</span> <span class='ocrx_word' id='word_1_411' title='bbox 1188 747 1294 774; x_wconf 82' lang='grc' dir='ltr'>διώκων</span> <span class='ocrx_word' id='word_1_412' title='bbox 1306 748 1354 782; x_wconf 80' lang='grc' dir='ltr'>τὴν</span> <span class='ocrx_word' id='word_1_413' title='bbox 1375 747 1482 782; x_wconf 73' lang='grc' dir='ltr'>σφαγὴν</span> <span class='ocrx_word' id='word_1_414' title='bbox 1497 747 1544 773; x_wconf 83' lang='grc' dir='ltr'><strong>τοῦ</strong></span> <span class='ocrx_word' id='word_1_415' title='bbox 1558 746 1707 780; x_wconf 80' lang='grc' dir='ltr'>Στεφάνου,</span> 
     </span>
    </p>
   </div>
   <div class='ocr_carea' id='block_1_71' title="bbox 1059 792 1659 829">
    <p class='ocr_par' dir='ltr' id='par_1_71' title="bbox 1059 792 1659 829">
     <span class='ocr_line' id='line_1_71' title="bbox 1059 792 1659 829; baseline -0.003 -10"><span class='ocrx_word' id='word_1_416' title='bbox 1059 792 1138 829; x_wconf 77' lang='grc' dir='ltr'><strong>Ζήλῳ</strong></span> <span class='ocrx_word' id='word_1_417' title='bbox 1149 793 1177 819; x_wconf 84' lang='grc' dir='ltr'>δὲ</span> <span class='ocrx_word' id='word_1_418' title='bbox 1192 792 1292 827; x_wconf 82' lang='grc' dir='ltr'>ταύτης</span> <span class='ocrx_word' id='word_1_419' title='bbox 1307 795 1357 828; x_wconf 80' lang='grc' dir='ltr'><strong>γῆς</strong></span> <span class='ocrx_word' id='word_1_420' title='bbox 1374 793 1544 828; x_wconf 75' lang='grc' dir='ltr'>περιτρέχων</span> <span class='ocrx_word' id='word_1_421' title='bbox 1561 792 1659 824; x_wconf 84' lang='grc' dir='ltr'>κύκλα,</span> 
     </span>
    </p>
   </div>
   <div class='ocr_carea' id='block_1_72' title="bbox 1023 839 1647 887">
    <p class='ocr_par' dir='ltr' id='par_1_72' title="bbox 1023 839 1647 887">
     <span class='ocr_line' id='line_1_72' title="bbox 1023 839 1647 887; baseline -0.003 -20"><span class='ocrx_word' id='word_1_422' title='bbox 1023 858 1044 887; x_wconf 73' lang='grc' dir='ltr'><strong>Β</strong></span> <span class='ocrx_word' id='word_1_423' title='bbox 1059 840 1158 876; x_wconf 79' lang='grc' dir='ltr'>Εἵληφε</span> <span class='ocrx_word' id='word_1_424' title='bbox 1171 840 1273 875; x_wconf 82' lang='grc' dir='ltr'>ταύτην</span> <span class='ocrx_word' id='word_1_425' title='bbox 1286 841 1333 867; x_wconf 75' lang='grc' dir='ltr'><strong>καὶ</strong></span> <span class='ocrx_word' id='word_1_426' title='bbox 1349 841 1485 874; x_wconf 74' lang='grc' dir='ltr'>Στεφάνου</span> <span class='ocrx_word' id='word_1_427' title='bbox 1496 840 1527 866; x_wconf 84' lang='grc' dir='ltr'><strong>τὺ</strong></span> <span class='ocrx_word' id='word_1_428' title='bbox 1538 839 1647 873; x_wconf 79' lang='grc' dir='ltr'>στέφος.</span> 
     </span>
    </p>
   </div>
   <div class='ocr_carea' id='block_1_73' title="bbox 1090 890 1806 930">
    <p class='ocr_par' dir='ltr' id='par_1_73' title="bbox 1090 890 1806 930">
     <span class='ocr_line' id='line_1_73' title="bbox 1090 890 1806 930; baseline -0.007 -8"><span class='ocrx_word' id='word_1_429' title='bbox 1090 898 1146 930; x_wconf 68' lang='lat' dir='ltr'><strong>pg’.</strong></span> <span class='ocrx_word' id='word_1_430' title='bbox 1167 895 1218 927; x_wconf 75' lang='grc' dir='ltr'><strong>Εἰς</strong></span> <span class='ocrx_word' id='word_1_431' title='bbox 1233 894 1290 929; x_wconf 80' lang='grc' dir='ltr'><strong>τὴν</strong></span> <span class='ocrx_word' id='word_1_432' title='bbox 1306 895 1447 929; x_wconf 57' lang='lat' dir='ltr'><strong>ito/gnam</strong></span> <span class='ocrx_word' id='word_1_433' title='bbox 1463 894 1518 930; x_wconf 82' lang='grc' dir='ltr'>τῆς</span> <span class='ocrx_word' id='word_1_434' title='bbox 1537 893 1682 921; x_wconf 80' lang='grc' dir='ltr'>Θεοτόκου</span> <span class='ocrx_word' id='word_1_435' title='bbox 1696 891 1730 918; x_wconf 78' lang='grc' dir='ltr'>ἐκ</span> <span class='ocrx_word' id='word_1_436' title='bbox 1752 890 1806 918; x_wconf 84' lang='grc' dir='ltr'>τοῦ</span> 
     </span>
    </p>
   </div>
   <div class='ocr_carea' id='block_1_74' title="bbox 1379 929 1518 963">
    <p class='ocr_par' dir='ltr' id='par_1_74' title="bbox 1379 929 1518 963">
     <span class='ocr_line' id='line_1_74' title="bbox 1379 929 1518 963; baseline 0.007 -8"><span class='ocrx_word' id='word_1_437' title='bbox 1379 929 1518 963; x_wconf 83' lang='grc' dir='ltr'>Χριστοῦ.</span> 
     </span>
    </p>
   </div>
   <div class='ocr_carea' id='block_1_75' title="bbox 1056 980 1705 1019">
    <p class='ocr_par' dir='ltr' id='par_1_75' title="bbox 1056 980 1705 1019">
     <span class='ocr_line' id='line_1_75' title="bbox 1056 980 1705 1019; baseline -0.005 -10"><span class='ocrx_word' id='word_1_438' title='bbox 1056 983 1111 1018; x_wconf 85' lang='grc' dir='ltr'><strong>Γῆν</strong></span> <span class='ocrx_word' id='word_1_439' title='bbox 1125 983 1158 1009; x_wconf 85' lang='grc' dir='ltr'>ὲκ</span> <span class='ocrx_word' id='word_1_440' title='bbox 1175 983 1256 1010; x_wconf 83' lang='grc' dir='ltr'>πόλου</span> <span class='ocrx_word' id='word_1_441' title='bbox 1271 991 1328 1019; x_wconf 90' lang='grc' dir='ltr'>μοι,</span> <span class='ocrx_word' id='word_1_442' title='bbox 1347 983 1400 1018; x_wconf 84' lang='grc' dir='ltr'><strong>γῆς</strong></span> <span class='ocrx_word' id='word_1_443' title='bbox 1411 982 1466 1017; x_wconf 77' lang='grc' dir='ltr'><strong>ἐγώ</strong></span> <span class='ocrx_word' id='word_1_444' title='bbox 1482 990 1523 1009; x_wconf 87' lang='grc' dir='ltr'><strong>σοι</strong></span> <span class='ocrx_word' id='word_1_445' title='bbox 1536 980 1605 1017; x_wconf 78' lang='grc' dir='ltr'>[τὸν]</span> <span class='ocrx_word' id='word_1_446' title='bbox 1622 980 1705 1007; x_wconf 81' lang='grc' dir='ltr'>πόλον</span> 
     </span>
    </p>
   </div>
   <div class='ocr_carea' id='block_1_76' title="bbox 1062 1027 1588 1064">
    <p class='ocr_par' dir='ltr' id='par_1_76' title="bbox 1062 1027 1588 1064">
     <span class='ocr_line' id='line_1_76' title="bbox 1062 1027 1588 1064; baseline -0.004 -9"><span class='ocrx_word' id='word_1_447' title='bbox 1062 1028 1127 1055; x_wconf 86' lang='grc' dir='ltr'>Ίδοὺ</span> <span class='ocrx_word' id='word_1_448' title='bbox 1139 1028 1219 1063; x_wconf 78' lang='grc' dir='ltr'>βατδν</span> <span class='ocrx_word' id='word_1_449' title='bbox 1229 1028 1335 1064; x_wconf 76' lang='grc' dir='ltr'>τίθημι,</span> <span class='ocrx_word' id='word_1_450' title='bbox 1351 1028 1446 1063; x_wconf 86' lang='grc' dir='ltr'>Μῆτερ</span> <span class='ocrx_word' id='word_1_451' title='bbox 1458 1027 1588 1062; x_wconf 77' lang='grc' dir='ltr'>παρθένε.</span> 
     </span>
    </p>
   </div>
   <div class='ocr_carea' id='block_1_77' title="bbox 1092 1078 1807 1119">
    <p class='ocr_par' dir='ltr' id='par_1_77' title="bbox 1092 1078 1807 1119">
     <span class='ocr_line' id='line_1_77' title="bbox 1092 1078 1807 1119; baseline -0.01 -7"><span class='ocrx_word' id='word_1_452' title='bbox 1092 1081 1142 1119; x_wconf 75' lang='grc' dir='ltr'>ρξ’.</span> <span class='ocrx_word' id='word_1_453' title='bbox 1164 1083 1336 1119; x_wconf 81' lang='grc' dir='ltr'>Ἐπιτύμόια</span> <span class='ocrx_word' id='word_1_454' title='bbox 1364 1084 1406 1115; x_wconf 84' lang='grc' dir='ltr'><strong>εις</strong></span> <span class='ocrx_word' id='word_1_455' title='bbox 1423 1083 1479 1119; x_wconf 77' lang='grc' dir='ltr'>τὸν</span> <span class='ocrx_word' id='word_1_456' title='bbox 1502 1081 1688 1116; x_wconf 74' lang='grc' dir='ltr'>πατριάρχην</span> <span class='ocrx_word' id='word_1_457' title='bbox 1713 1078 1807 1114; x_wconf 76' lang='grc' dir='ltr'>κυρὸν</span> 
     </span>
    </p>
   </div>
   <div class='ocr_carea' id='block_1_78' title="bbox 1349 1118 1550 1145">
    <p class='ocr_par' dir='ltr' id='par_1_78' title="bbox 1349 1118 1550 1145">
     <span class='ocr_line' id='line_1_78' title="bbox 1349 1118 1550 1145; baseline -0.01 0"><span class='ocrx_word' id='word_1_458' title='bbox 1349 1118 1550 1145; x_wconf 74' lang='grc' dir='ltr'>Πολύευκτον.</span> 
     </span>
    </p>
   </div>
   <div class='ocr_carea' id='block_1_79' title="bbox 1057 1170 1718 1210">
    <p class='ocr_par' dir='ltr' id='par_1_79' title="bbox 1057 1170 1718 1210">
     <span class='ocr_line' id='line_1_79' title="bbox 1057 1170 1718 1210; baseline -0.009 -8"><span class='ocrx_word' id='word_1_459' title='bbox 1057 1176 1079 1202; x_wconf 87' lang='grc' dir='ltr'>Τ</span> <span class='ocrx_word' id='word_1_460' title='bbox 1082 1175 1134 1207; x_wconf 84' lang='grc' dir='ltr'>ίνος</span> <span class='ocrx_word' id='word_1_461' title='bbox 1149 1175 1192 1208; x_wconf 75' lang='grc' dir='ltr'><strong>σὺ,</strong></span> <span class='ocrx_word' id='word_1_462' title='bbox 1205 1175 1292 1210; x_wconf 74' lang='grc' dir='ltr'>τύμὸε</span> <span class='ocrx_word' id='word_1_463' title='bbox 1304 1182 1311 1207; x_wconf 87' lang='grc'><strong>;</strong></span> <span class='ocrx_word' id='word_1_464' title='bbox 1324 1174 1384 1200; x_wconf 87' lang='grc' dir='ltr'><strong>Τῶν</strong></span> <span class='ocrx_word' id='word_1_465' title='bbox 1395 1172 1485 1199; x_wconf 81' lang='grc' dir='ltr'>καλῶν</span> <span class='ocrx_word' id='word_1_466' title='bbox 1501 1171 1609 1202; x_wconf 83' lang='grc' dir='ltr'>πάντως</span> <span class='ocrx_word' id='word_1_467' title='bbox 1622 1170 1718 1204; x_wconf 83' lang='grc' dir='ltr'>τάφος.</span> 
     </span>
    </p>
   </div>
   <div class='ocr_carea' id='block_1_80' title="bbox 1057 1217 1651 1255">
    <p class='ocr_par' dir='ltr' id='par_1_80' title="bbox 1057 1217 1651 1255">
     <span class='ocr_line' id='line_1_80' title="bbox 1057 1217 1651 1255; baseline -0.008 -8"><span class='ocrx_word' id='word_1_468' title='bbox 1057 1221 1093 1247; x_wconf 72' lang='grc' dir='ltr'>Τὸ</span> <span class='ocrx_word' id='word_1_469' title='bbox 1111 1221 1192 1255; x_wconf 85' lang='grc' dir='ltr'>σῶμα</span> <span class='ocrx_word' id='word_1_470' title='bbox 1206 1220 1263 1251; x_wconf 80' lang='grc' dir='ltr'><strong>πῶς</strong></span> <span class='ocrx_word' id='word_1_471' title='bbox 1275 1219 1304 1246; x_wconf 77' lang='grc' dir='ltr'>δὲ</span> <span class='ocrx_word' id='word_1_472' title='bbox 1319 1218 1451 1253; x_wconf 78' lang='grc' dir='ltr'>φροῦδον;</span> <span class='ocrx_word' id='word_1_473' title='bbox 1473 1217 1518 1250; x_wconf 76' lang='grc' dir='ltr'><strong>Ἐξ</strong></span> <span class='ocrx_word' id='word_1_474' title='bbox 1532 1217 1651 1247; x_wconf 80' lang='grc' dir='ltr'>ἀσιτίας.</span> 
     </span>
    </p>
   </div>
   <div class='ocr_carea' id='block_1_81' title="bbox 1098 1262 1703 1300">
    <p class='ocr_par' dir='ltr' id='par_1_81' title="bbox 1098 1262 1703 1300">
     <span class='ocr_line' id='line_1_81' title="bbox 1098 1262 1703 1300; baseline -0.005 -8"><span class='ocrx_word' id='word_1_475' title='bbox 1098 1266 1127 1293; x_wconf 83' lang='lat'><strong>&#39;0</strong></span> <span class='ocrx_word' id='word_1_476' title='bbox 1137 1265 1241 1300; x_wconf 77' lang='grc' dir='ltr'>τύμϐος</span> <span class='ocrx_word' id='word_1_477' title='bbox 1253 1262 1330 1296; x_wconf 74' lang='grc' dir='ltr'>οὗτος</span> <span class='ocrx_word' id='word_1_478' title='bbox 1350 1265 1402 1295; x_wconf 81' lang='grc' dir='ltr'>σοὶ,</span> <span class='ocrx_word' id='word_1_479' title='bbox 1414 1264 1579 1294; x_wconf 86' lang='grc' dir='ltr'>Πολύευκτε,</span> <span class='ocrx_word' id='word_1_480' title='bbox 1590 1262 1703 1297; x_wconf 77' lang='grc' dir='ltr'>κλίμαξ,</span> 
     </span>
    </p>
   </div>
   <div class='ocr_carea' id='block_1_82' title="bbox 1064 1308 1666 1346">
    <p class='ocr_par' dir='ltr' id='par_1_82' title="bbox 1064 1308 1666 1346">
     <span class='ocr_line' id='line_1_82' title="bbox 1064 1308 1666 1346; baseline -0.003 -9"><span class='ocrx_word' id='word_1_481' title='bbox 1064 1311 1121 1345; x_wconf 73' lang='grc' dir='ltr'>Ἐφ’</span> <span class='ocrx_word' id='word_1_482' title='bbox 1136 1308 1168 1346; x_wconf 88' lang='grc' dir='ltr'>ἦς</span> <span class='ocrx_word' id='word_1_483' title='bbox 1180 1311 1212 1337; x_wconf 81' lang='grc' dir='ltr'><strong>σὺ</strong></span> <span class='ocrx_word' id='word_1_484' title='bbox 1229 1310 1328 1346; x_wconf 81' lang='grc' dir='ltr'>βαίνων</span> <span class='ocrx_word' id='word_1_485' title='bbox 1344 1310 1461 1345; x_wconf 76' lang='grc' dir='ltr'>ἔδραμες</span> <span class='ocrx_word' id='word_1_486' title='bbox 1472 1309 1539 1343; x_wconf 79' lang='grc' dir='ltr'>πρὸς</span> <span class='ocrx_word' id='word_1_487' title='bbox 1556 1308 1666 1343; x_wconf 79' lang='grc' dir='ltr'>αἰθέρα.</span> 
     </span>
    </p>
   </div>
   <div class='ocr_carea' id='block_1_83' title="bbox 1063 1353 1644 1391">
    <p class='ocr_par' dir='ltr' id='par_1_83' title="bbox 1063 1353 1644 1391">
     <span class='ocr_line' id='line_1_83' title="bbox 1063 1353 1644 1391; baseline -0.007 -8"><span class='ocrx_word' id='word_1_488' title='bbox 1063 1357 1092 1383; x_wconf 90' lang='lat'><strong>&#39;0</strong></span> <span class='ocrx_word' id='word_1_489' title='bbox 1106 1356 1168 1383; x_wconf 86' lang='grc' dir='ltr'>νοῦν</span> <span class='ocrx_word' id='word_1_490' title='bbox 1181 1356 1304 1387; x_wconf 76' lang='grc' dir='ltr'>θεωθεὶς.</span> <span class='ocrx_word' id='word_1_491' title='bbox 1318 1356 1355 1388; x_wconf 81' lang='grc' dir='ltr'><strong>ὡς</strong></span> <span class='ocrx_word' id='word_1_492' title='bbox 1369 1355 1427 1391; x_wconf 78' lang='grc' dir='ltr'>ΰρει</span> <span class='ocrx_word' id='word_1_493' title='bbox 1440 1355 1550 1390; x_wconf 74' lang='grc' dir='ltr'>κρυὸεὶς</span> <span class='ocrx_word' id='word_1_494' title='bbox 1567 1353 1644 1388; x_wconf 82' lang='grc' dir='ltr'>λίθῳ,</span> 
     </span>
    </p>
   </div>
   <div class='ocr_carea' id='block_1_84' title="bbox 1057 1399 1659 1437">
    <p class='ocr_par' dir='ltr' id='par_1_84' title="bbox 1057 1399 1659 1437">
     <span class='ocr_line' id='line_1_84' title="bbox 1057 1399 1659 1437; baseline -0.005 -9"><span class='ocrx_word' id='word_1_495' title='bbox 1057 1402 1142 1434; x_wconf 71' lang='grc' dir='ltr'>Δόξαν</span> <span class='ocrx_word' id='word_1_496' title='bbox 1157 1402 1263 1437; x_wconf 85' lang='grc' dir='ltr'>βροτῶν</span> <span class='ocrx_word' id='word_1_497' title='bbox 1274 1402 1419 1436; x_wconf 84' lang='grc' dir='ltr'>πέφευγεν,</span> <span class='ocrx_word' id='word_1_498' title='bbox 1433 1401 1463 1427; x_wconf 83' lang='grc' dir='ltr'>οὐ</span> <span class='ocrx_word' id='word_1_499' title='bbox 1478 1399 1594 1435; x_wconf 82' lang='grc' dir='ltr'>τέθνηκέ</span> <span class='ocrx_word' id='word_1_500' title='bbox 1608 1407 1659 1426; x_wconf 87' lang='grc' dir='ltr'>σοι.</span> 
     </span>
    </p>
   </div>
   <div class='ocr_carea' id='block_1_85' title="bbox 1094 1443 1758 1481">
    <p class='ocr_par' dir='ltr' id='par_1_85' title="bbox 1094 1443 1758 1481">
     <span class='ocr_line' id='line_1_85' title="bbox 1094 1443 1758 1481; baseline -0.003 -9"><span class='ocrx_word' id='word_1_501' title='bbox 1094 1447 1171 1478; x_wconf 84' lang='grc' dir='ltr'>Τίνος</span> <span class='ocrx_word' id='word_1_502' title='bbox 1187 1447 1229 1480; x_wconf 81' lang='grc' dir='ltr'><strong>σὺ,</strong></span> <span class='ocrx_word' id='word_1_503' title='bbox 1244 1447 1331 1481; x_wconf 77' lang='grc' dir='ltr'>τύμὸε</span> <span class='ocrx_word' id='word_1_504' title='bbox 1345 1455 1352 1479; x_wconf 77' lang='grc' dir='ltr'><strong>ς</strong></span> <span class='ocrx_word' id='word_1_505' title='bbox 1368 1445 1412 1481; x_wconf 86' lang='grc' dir='ltr'><strong>Μὴ</strong></span> <span class='ocrx_word' id='word_1_506' title='bbox 1425 1445 1532 1481; x_wconf 84' lang='grc' dir='ltr'>μάθοις,</span> <span class='ocrx_word' id='word_1_507' title='bbox 1544 1443 1607 1471; x_wconf 78' lang='grc' dir='ltr'>ἐπεὶ</span> <span class='ocrx_word' id='word_1_508' title='bbox 1624 1443 1738 1479; x_wconf 81' lang='grc' dir='ltr'>φράσεις</span> <span class='ocrx_word' id='word_1_509' title='bbox 1750 1452 1758 1460; x_wconf 91' lang='grc'><strong>·</strong></span> 
     </span>
    </p>
   </div>
   <div class='ocr_carea' id='block_1_86' title="bbox 1060 1489 1676 1527">
    <p class='ocr_par' dir='ltr' id='par_1_86' title="bbox 1060 1489 1676 1527">
     <span class='ocr_line' id='line_1_86' title="bbox 1060 1489 1676 1527; baseline -0.005 -8"><span class='ocrx_word' id='word_1_510' title='bbox 1060 1493 1093 1519; x_wconf 84' lang='grc' dir='ltr'><strong>Ὢ</strong></span> <span class='ocrx_word' id='word_1_511' title='bbox 1108 1493 1195 1526; x_wconf 79' lang='grc' dir='ltr'>ποῖος,</span> <span class='ocrx_word' id='word_1_512' title='bbox 1207 1489 1281 1520; x_wconf 76' lang='grc' dir='ltr'>οἷονί</span> <span class='ocrx_word' id='word_1_513' title='bbox 1298 1491 1321 1518; x_wconf 84' lang='grc' dir='ltr'><strong>ὣ</strong></span> <span class='ocrx_word' id='word_1_514' title='bbox 1336 1491 1428 1523; x_wconf 72' lang='grc' dir='ltr'>πόσος,</span> <span class='ocrx_word' id='word_1_515' title='bbox 1442 1491 1558 1527; x_wconf 82' lang='grc' dir='ltr'>κρύπτει</span> <span class='ocrx_word' id='word_1_516' title='bbox 1573 1490 1656 1517; x_wconf 83' lang='grc' dir='ltr'>πόσον</span> <span class='ocrx_word' id='word_1_517' title='bbox 1669 1490 1676 1516; x_wconf 91' lang='lat' dir='ltr'><strong>l</strong></span> 
     </span>
    </p>
   </div>
   <div class='ocr_carea' id='block_1_87' title="bbox 1020 1589 1842 1623">
    <p class='ocr_par' dir='ltr' id='par_1_87' title="bbox 1020 1589 1842 1623">
     <span class='ocr_line' id='line_1_87' title="bbox 1020 1589 1842 1623; baseline 0 -6"><span class='ocrx_word' id='word_1_518' title='bbox 1020 1593 1042 1623; x_wconf 74' lang='grc' dir='ltr'><strong>α</strong></span> <span class='ocrx_word' id='word_1_519' title='bbox 1059 1599 1122 1618; x_wconf 85' lang='lat' dir='ltr'><strong>num</strong></span> <span class='ocrx_word' id='word_1_520' title='bbox 1143 1590 1232 1620; x_wconf 85' lang='lat' dir='ltr'><strong>Patris</strong></span> <span class='ocrx_word' id='word_1_521' title='bbox 1254 1591 1287 1618; x_wconf 86' lang='lat' dir='ltr'><strong>ad</strong></span> <span class='ocrx_word' id='word_1_522' title='bbox 1301 1591 1422 1619; x_wconf 77' lang='lat' dir='ltr'><strong>dextram</strong></span> <span class='ocrx_word' id='word_1_523' title='bbox 1436 1590 1575 1618; x_wconf 85' lang='lat' dir='ltr'><strong>sedentem</strong></span> <span class='ocrx_word' id='word_1_524' title='bbox 1592 1589 1618 1617; x_wconf 90' lang='lat' dir='ltr'><strong>in</strong></span> <span class='ocrx_word' id='word_1_525' title='bbox 1639 1596 1722 1617; x_wconf 83' lang='lat' dir='ltr'><strong>carne</strong></span> <span class='ocrx_word' id='word_1_526' title='bbox 1736 1589 1842 1622; x_wconf 74' lang='lat' dir='ltr'><strong>videns,</strong></span> 
     </span>
    </p>
   </div>
   <div class='ocr_carea' id='block_1_88' title="bbox 1055 1636 1622 1672">
    <p class='ocr_par' dir='ltr' id='par_1_88' title="bbox 1055 1636 1622 1672">
     <span class='ocr_line' id='line_1_88' title="bbox 1055 1636 1622 1672; baseline -0.004 -8"><span class='ocrx_word' id='word_1_527' title='bbox 1055 1638 1173 1672; x_wconf 87' lang='lat' dir='ltr'><strong>complet</strong></span> <span class='ocrx_word' id='word_1_528' title='bbox 1187 1645 1242 1672; x_wconf 70' lang='lat' dir='ltr'><strong>pra:</strong></span> <span class='ocrx_word' id='word_1_529' title='bbox 1256 1637 1317 1664; x_wconf 88' lang='lat' dir='ltr'><strong>aliis</strong></span> <span class='ocrx_word' id='word_1_530' title='bbox 1331 1637 1473 1672; x_wconf 80' lang='lat' dir='ltr'><strong>sanguinis</strong></span> <span class='ocrx_word' id='word_1_531' title='bbox 1489 1636 1622 1664; x_wconf 91' lang='lat' dir='ltr'><strong>debitum.</strong></span> 
     </span>
    </p>
   </div>
   <div class='ocr_carea' id='block_1_89' title="bbox 1090 1680 1842 1718">
    <p class='ocr_par' dir='ltr' id='par_1_89' title="bbox 1090 1680 1842 1718">
     <span class='ocr_line' id='line_1_89' title="bbox 1090 1680 1842 1718; baseline -0.008 -7"><span class='ocrx_word' id='word_1_532' title='bbox 1090 1683 1142 1717; x_wconf 89' lang='lat' dir='ltr'><strong>Qui</strong></span> <span class='ocrx_word' id='word_1_533' title='bbox 1177 1684 1351 1711; x_wconf 87' lang='lat' dir='ltr'><strong>sermonibus</strong></span> <span class='ocrx_word' id='word_1_534' title='bbox 1383 1683 1490 1718; x_wconf 81' lang='lat' dir='ltr'><strong>impetis</strong></span> <span class='ocrx_word' id='word_1_535' title='bbox 1521 1681 1604 1709; x_wconf 90' lang='lat' dir='ltr'><strong>corda</strong></span> <span class='ocrx_word' id='word_1_536' title='bbox 1638 1680 1842 1707; x_wconf 79' lang='lat' dir='ltr'><strong>interfectorum</strong></span> 
     </span>
    </p>
   </div>
   <div class='ocr_carea' id='block_1_90' title="bbox 1055 1725 1841 1764">
    <p class='ocr_par' dir='ltr' id='par_1_90' title="bbox 1055 1725 1841 1764">
     <span class='ocr_line' id='line_1_90' title="bbox 1055 1725 1841 1764; baseline -0.006 -8"><span class='ocrx_word' id='word_1_537' title='bbox 1055 1729 1168 1762; x_wconf 85' lang='lat' dir='ltr'><strong>Christi,</strong></span> <span class='ocrx_word' id='word_1_538' title='bbox 1184 1729 1322 1764; x_wconf 86' lang='lat' dir='ltr'><strong>impeteris</strong></span> <span class='ocrx_word' id='word_1_539' title='bbox 1344 1728 1371 1755; x_wconf 86' lang='lat' dir='ltr'><strong>in</strong></span> <span class='ocrx_word' id='word_1_540' title='bbox 1392 1734 1509 1762; x_wconf 84' lang='lat' dir='ltr'><strong>corpore</strong></span> <span class='ocrx_word' id='word_1_541' title='bbox 1530 1726 1667 1762; x_wconf 83' lang='lat' dir='ltr'><strong>lapidibus</strong></span> <span class='ocrx_word' id='word_1_542' title='bbox 1685 1725 1841 1753; x_wconf 85' lang='lat' dir='ltr'><strong>interfecto-</strong></span> 
     </span>
    </p>
   </div>
   <div class='ocr_carea' id='block_1_91' title="bbox 1055 1770 1835 1809">
    <p class='ocr_par' dir='ltr' id='par_1_91' title="bbox 1055 1770 1835 1809">
     <span class='ocr_line' id='line_1_91' title="bbox 1055 1770 1835 1809; baseline -0.006 -8"><span class='ocrx_word' id='word_1_543' title='bbox 1055 1782 1116 1802; x_wconf 87' lang='lat' dir='ltr'><strong>rum</strong></span> <span class='ocrx_word' id='word_1_544' title='bbox 1130 1778 1280 1809; x_wconf 81' lang='lat' dir='ltr'><strong>martyrum</strong></span> <span class='ocrx_word' id='word_1_545' title='bbox 1298 1783 1305 1800; x_wconf 96' lang='lat'><strong>:</strong></span> <span class='ocrx_word' id='word_1_546' title='bbox 1327 1772 1453 1808; x_wconf 86' lang='lat' dir='ltr'><strong>precibus</strong></span> <span class='ocrx_word' id='word_1_547' title='bbox 1472 1777 1499 1800; x_wconf 87' lang='lat' dir='ltr'><strong>et</strong></span> <span class='ocrx_word' id='word_1_548' title='bbox 1523 1771 1650 1806; x_wconf 86' lang='lat' dir='ltr'><strong>laerymis</strong></span> <span class='ocrx_word' id='word_1_549' title='bbox 1666 1771 1751 1806; x_wconf 84' lang='lat' dir='ltr'><strong>jactui</strong></span> <span class='ocrx_word' id='word_1_550' title='bbox 1773 1770 1835 1804; x_wconf 87' lang='lat' dir='ltr'><strong>lapi-</strong></span> 
     </span>
    </p>
   </div>
   <div class='ocr_carea' id='block_1_92' title="bbox 1055 1815 1842 1855">
    <p class='ocr_par' dir='ltr' id='par_1_92' title="bbox 1055 1815 1842 1855">
     <span class='ocr_line' id='line_1_92' title="bbox 1055 1815 1842 1855; baseline -0.008 -7"><span class='ocrx_word' id='word_1_551' title='bbox 1055 1820 1120 1847; x_wconf 91' lang='lat' dir='ltr'><strong>dum</strong></span> <span class='ocrx_word' id='word_1_552' title='bbox 1137 1819 1294 1855; x_wconf 85' lang='lat' dir='ltr'><strong>respondes.</strong></span> <span class='ocrx_word' id='word_1_553' title='bbox 1323 1819 1447 1852; x_wconf 82' lang='lat' dir='ltr'><strong>Quorum</strong></span> <span class='ocrx_word' id='word_1_554' title='bbox 1477 1817 1565 1852; x_wconf 83' lang='lat' dir='ltr'><strong>gratia</strong></span> <span class='ocrx_word' id='word_1_555' title='bbox 1596 1816 1757 1848; x_wconf 83' lang='lat' dir='ltr'><strong>coronaris,‘</strong></span> <span class='ocrx_word' id='word_1_556' title='bbox 1784 1815 1842 1842; x_wconf 84' lang='lat' dir='ltr'><strong>Ste-</strong></span> 
     </span>
    </p>
   </div>
   <div class='ocr_carea' id='block_1_93' title="bbox 1056 1863 1843 1901">
    <p class='ocr_par' dir='ltr' id='par_1_93' title="bbox 1056 1863 1843 1901">
     <span class='ocr_line' id='line_1_93' title="bbox 1056 1863 1843 1901; baseline -0.006 -8"><span class='ocrx_word' id='word_1_557' title='bbox 1056 1866 1156 1901; x_wconf 82' lang='lat' dir='ltr'><strong>phane,</strong></span> <span class='ocrx_word' id='word_1_558' title='bbox 1189 1872 1289 1892; x_wconf 90' lang='lat' dir='ltr'><strong>corona</strong></span> <span class='ocrx_word' id='word_1_559' title='bbox 1324 1864 1433 1899; x_wconf 86' lang='lat' dir='ltr'><strong>triplici,</strong></span> <span class='ocrx_word' id='word_1_560' title='bbox 1462 1863 1632 1898; x_wconf 83' lang='lat' dir='ltr'><strong>dogmatum,</strong></span> <span class='ocrx_word' id='word_1_561' title='bbox 1669 1869 1782 1898; x_wconf 84' lang='lat' dir='ltr'><strong>precum</strong></span> <span class='ocrx_word' id='word_1_562' title='bbox 1815 1866 1843 1889; x_wconf 84' lang='lat' dir='ltr'><strong>et</strong></span> 
     </span>
    </p>
   </div>
   <div class='ocr_carea' id='block_1_94' title="bbox 1056 1912 1236 1939">
    <p class='ocr_par' dir='ltr' id='par_1_94' title="bbox 1056 1912 1236 1939">
     <span class='ocr_line' id='line_1_94' title="bbox 1056 1912 1236 1939; baseline -0.006 0"><span class='ocrx_word' id='word_1_563' title='bbox 1056 1912 1236 1939; x_wconf 87' lang='lat' dir='ltr'><strong>cruciatuum.</strong></span> 
     </span>
    </p>
   </div>
   <div class='ocr_carea' id='block_1_95' title="bbox 1233 1965 1666 2000">
    <p class='ocr_par' dir='ltr' id='par_1_95' title="bbox 1233 1965 1666 2000">
     <span class='ocr_line' id='line_1_95' title="bbox 1233 1965 1666 2000; baseline -0.005 -6"><span class='ocrx_word' id='word_1_564' title='bbox 1233 1967 1294 1994; x_wconf 74' lang='grc'><strong>103.</strong></span> <span class='ocrx_word' id='word_1_565' title='bbox 1312 1969 1343 1994; x_wconf 86' lang='grc' dir='ltr'>ιη</span> <span class='ocrx_word' id='word_1_566' title='bbox 1362 1971 1484 1994; x_wconf 76' lang='lat' dir='ltr'><strong>sanctum</strong></span> <span class='ocrx_word' id='word_1_567' title='bbox 1495 1965 1666 2000; x_wconf 80' lang='lat' dir='ltr'><strong>Stephanum.</strong></span> 
     </span>
    </p>
   </div>
   <div class='ocr_carea' id='block_1_96' title="bbox 1093 2020 1841 2057">
    <p class='ocr_par' dir='ltr' id='par_1_96' title="bbox 1093 2020 1841 2057">
     <span class='ocr_line' id='line_1_96' title="bbox 1093 2020 1841 2057; baseline -0.001 -8"><span class='ocrx_word' id='word_1_568' title='bbox 1093 2024 1144 2057; x_wconf 82' lang='lat' dir='ltr'><strong>Qui</strong></span> <span class='ocrx_word' id='word_1_569' title='bbox 1166 2023 1354 2051; x_wconf 85' lang='lat' dir='ltr'><strong>consentiebat</strong></span> <span class='ocrx_word' id='word_1_570' title='bbox 1370 2021 1590 2049; x_wconf 79' lang='lat' dir='ltr'><strong>interfectoribus</strong></span> <span class='ocrx_word' id='word_1_571' title='bbox 1604 2020 1744 2056; x_wconf 84' lang='lat' dir='ltr'><strong>Stephani,</strong></span> <span class='ocrx_word' id='word_1_572' title='bbox 1768 2028 1841 2048; x_wconf 89' lang='lat' dir='ltr'><strong>nunc</strong></span> 
     </span>
    </p>
   </div>
   <div class='ocr_carea' id='block_1_97' title="bbox 1058 2067 1841 2103">
    <p class='ocr_par' dir='ltr' id='par_1_97' title="bbox 1058 2067 1841 2103">
     <span class='ocr_line' id='line_1_97' title="bbox 1058 2067 1841 2103; baseline -0.005 -5"><span class='ocrx_word' id='word_1_573' title='bbox 1058 2070 1150 2098; x_wconf 89' lang='lat' dir='ltr'><strong>socius</strong></span> <span class='ocrx_word' id='word_1_574' title='bbox 1167 2075 1194 2097; x_wconf 92' lang='lat' dir='ltr'><strong>et</strong></span> <span class='ocrx_word' id='word_1_575' title='bbox 1203 2069 1350 2097; x_wconf 85' lang='lat' dir='ltr'><strong>commilito</strong></span> <span class='ocrx_word' id='word_1_576' title='bbox 1369 2068 1510 2103; x_wconf 87' lang='lat' dir='ltr'><strong>Stephani,</strong></span> <span class='ocrx_word' id='word_1_577' title='bbox 1526 2067 1601 2094; x_wconf 78' lang='lat' dir='ltr'><strong>viSus</strong></span> <span class='ocrx_word' id='word_1_578' title='bbox 1621 2071 1662 2094; x_wconf 88' lang='lat' dir='ltr'><strong>est</strong></span> <span class='ocrx_word' id='word_1_579' title='bbox 1677 2073 1841 2101; x_wconf 83' lang='lat' dir='ltr'><strong>persequens</strong></span> 
     </span>
    </p>
   </div>
   <div class='ocr_carea' id='block_1_98' title="bbox 1059 2114 1401 2150">
    <p class='ocr_par' dir='ltr' id='par_1_98' title="bbox 1059 2114 1401 2150">
     <span class='ocr_line' id='line_1_98' title="bbox 1059 2114 1401 2150; baseline -0.006 -7"><span class='ocrx_word' id='word_1_580' title='bbox 1059 2115 1191 2150; x_wconf 84' lang='lat' dir='ltr'><strong>Stephani</strong></span> <span class='ocrx_word' id='word_1_581' title='bbox 1204 2114 1401 2142; x_wconf 77' lang='lat' dir='ltr'><strong>interfectores.</strong></span> 
     </span>
    </p>
   </div>
   <div class='ocr_carea' id='block_1_99' title="bbox 1095 2155 1838 2195">
    <p class='ocr_par' dir='ltr' id='par_1_99' title="bbox 1095 2155 1838 2195">
     <span class='ocr_line' id='line_1_99' title="bbox 1095 2155 1838 2195; baseline -0.008 -7"><span class='ocrx_word' id='word_1_582' title='bbox 1095 2160 1146 2194; x_wconf 85' lang='lat' dir='ltr'><strong>Qui</strong></span> <span class='ocrx_word' id='word_1_583' title='bbox 1161 2160 1237 2195; x_wconf 91' lang='lat' dir='ltr'><strong>prius</strong></span> <span class='ocrx_word' id='word_1_584' title='bbox 1248 2165 1306 2187; x_wconf 85' lang='lat' dir='ltr'><strong>erat</strong></span> <span class='ocrx_word' id='word_1_585' title='bbox 1317 2162 1475 2194; x_wconf 87' lang='lat' dir='ltr'><strong>persecutor</strong></span> <span class='ocrx_word' id='word_1_586' title='bbox 1485 2162 1512 2185; x_wconf 90' lang='lat' dir='ltr'><strong>et</strong></span> <span class='ocrx_word' id='word_1_587' title='bbox 1525 2156 1683 2184; x_wconf 79' lang='lat' dir='ltr'><strong>interfector</strong></span> <span class='ocrx_word' id='word_1_588' title='bbox 1696 2155 1838 2190; x_wconf 79' lang='lat' dir='ltr'><strong>Stephani,</strong></span> 
     </span>
    </p>
   </div>
   <div class='ocr_carea' id='block_1_100' title="bbox 1060 2200 1839 2240">
    <p class='ocr_par' dir='ltr' id='par_1_100' title="bbox 1060 2200 1839 2240">
     <span class='ocr_line' id='line_1_100' title="bbox 1060 2200 1839 2240; baseline -0.009 -7"><span class='ocrx_word' id='word_1_589' title='bbox 1060 2210 1087 2233; x_wconf 80' lang='lat' dir='ltr'><strong>at</strong></span> <span class='ocrx_word' id='word_1_590' title='bbox 1109 2212 1182 2232; x_wconf 90' lang='lat' dir='ltr'><strong>nunc</strong></span> <span class='ocrx_word' id='word_1_591' title='bbox 1203 2211 1369 2240; x_wconf 79' lang='lat' dir='ltr'><strong>persequens</strong></span> <span class='ocrx_word' id='word_1_592' title='bbox 1382 2202 1511 2237; x_wconf 87' lang='lat' dir='ltr'><strong>Stephani</strong></span> <span class='ocrx_word' id='word_1_593' title='bbox 1524 2202 1638 2233; x_wconf 66' lang='lat' dir='ltr'><strong>caedem,</strong></span> <span class='ocrx_word' id='word_1_594' title='bbox 1655 2200 1713 2228; x_wconf 84' lang='lat' dir='ltr'><strong>zelo</strong></span> <span class='ocrx_word' id='word_1_595' title='bbox 1728 2208 1839 2235; x_wconf 84' lang='lat' dir='ltr'><strong>percur-</strong></span> 
     </span>
    </p>
   </div>
   <div class='ocr_carea' id='block_1_101' title="bbox 1023 2245 1838 2289">
    <p class='ocr_par' dir='ltr' id='par_1_101' title="bbox 1023 2245 1838 2289">
     <span class='ocr_line' id='line_1_101' title="bbox 1023 2245 1838 2289; baseline -0.009 -11"><span class='ocrx_word' id='word_1_596' title='bbox 1023 2262 1044 2289; x_wconf 77' lang='lat' dir='ltr'><strong>D</strong></span> <span class='ocrx_word' id='word_1_597' title='bbox 1060 2257 1124 2278; x_wconf 89' lang='lat' dir='ltr'><strong>rens</strong></span> <span class='ocrx_word' id='word_1_598' title='bbox 1137 2249 1219 2285; x_wconf 88' lang='lat' dir='ltr'><strong>hujus</strong></span> <span class='ocrx_word' id='word_1_599' title='bbox 1235 2254 1313 2277; x_wconf 66' lang='lat' dir='ltr'><strong>terra;</strong></span> <span class='ocrx_word' id='word_1_600' title='bbox 1324 2249 1456 2277; x_wconf 87' lang='lat' dir='ltr'><strong>circuitus</strong></span> <span class='ocrx_word' id='word_1_601' title='bbox 1474 2247 1577 2282; x_wconf 84' lang='lat' dir='ltr'><strong>accepit</strong></span> <span class='ocrx_word' id='word_1_602' title='bbox 1589 2252 1698 2281; x_wconf 84' lang='lat' dir='ltr'><strong>quoque</strong></span> <span class='ocrx_word' id='word_1_603' title='bbox 1707 2245 1838 2279; x_wconf 84' lang='lat' dir='ltr'><strong>Stephani</strong></span> 
     </span>
    </p>
   </div>
   <div class='ocr_carea' id='block_1_102' title="bbox 1058 2301 1198 2322">
    <p class='ocr_par' dir='ltr' id='par_1_102' title="bbox 1058 2301 1198 2322">
     <span class='ocr_line' id='line_1_102' title="bbox 1058 2301 1198 2322; baseline -0.014 0"><span class='ocrx_word' id='word_1_604' title='bbox 1058 2301 1198 2322; x_wconf 85' lang='lat' dir='ltr'><strong>coronam.</strong></span> 
     </span>
    </p>
   </div>
   <div class='ocr_carea' id='block_1_103' title="bbox 1147 2344 1737 2379">
    <p class='ocr_par' dir='ltr' id='par_1_103' title="bbox 1147 2344 1737 2379">
     <span class='ocr_line' id='line_1_103' title="bbox 1147 2344 1737 2379; baseline -0.01 -3"><span class='ocrx_word' id='word_1_605' title='bbox 1147 2348 1208 2376; x_wconf 76' lang='grc'>106.</span> <span class='ocrx_word' id='word_1_606' title='bbox 1225 2347 1258 2375; x_wconf 84' lang='lat' dir='ltr'><strong>In</strong></span> <span class='ocrx_word' id='word_1_607' title='bbox 1271 2347 1456 2375; x_wconf 81' lang='lat' dir='ltr'><strong>dormitionem</strong></span> <span class='ocrx_word' id='word_1_608' title='bbox 1472 2345 1591 2379; x_wconf 73' lang='lat' dir='ltr'><strong>Deiparw</strong></span> <span class='ocrx_word' id='word_1_609' title='bbox 1606 2344 1737 2372; x_wconf 72' lang='lat' dir='ltr'><strong>Christus.</strong></span> 
     </span>
    </p>
   </div>
   <div class='ocr_carea' id='block_1_104' title="bbox 1093 2399 1840 2433">
    <p class='ocr_par' dir='ltr' id='par_1_104' title="bbox 1093 2399 1840 2433">
     <span class='ocr_line' id='line_1_104' title="bbox 1093 2399 1840 2433; baseline -0.008 -2"><span class='ocrx_word' id='word_1_610' title='bbox 1093 2403 1206 2431; x_wconf 88' lang='lat' dir='ltr'><strong>Terram</strong></span> <span class='ocrx_word' id='word_1_611' title='bbox 1222 2410 1237 2430; x_wconf 87' lang='lat' dir='ltr'><strong>e</strong></span> <span class='ocrx_word' id='word_1_612' title='bbox 1252 2402 1322 2430; x_wconf 76' lang='lat' dir='ltr'><strong>emlo</strong></span> <span class='ocrx_word' id='word_1_613' title='bbox 1341 2401 1408 2428; x_wconf 93' lang='lat' dir='ltr'><strong>mihi</strong></span> <span class='ocrx_word' id='word_1_614' title='bbox 1425 2400 1516 2428; x_wconf 88' lang='lat' dir='ltr'><strong>sedem</strong></span> <span class='ocrx_word' id='word_1_615' title='bbox 1532 2399 1640 2431; x_wconf 83' lang='lat' dir='ltr'><strong>dedisti,</strong></span> <span class='ocrx_word' id='word_1_616' title='bbox 1656 2404 1684 2427; x_wconf 82' lang='lat' dir='ltr'><strong>et</strong></span> <span class='ocrx_word' id='word_1_617' title='bbox 1696 2405 1773 2426; x_wconf 66' lang='lat' dir='ltr'><strong>terra:</strong></span> <span class='ocrx_word' id='word_1_618' title='bbox 1790 2405 1840 2433; x_wconf 79' lang='lat' dir='ltr'><strong>ego</strong></span> 
     </span>
    </p>
   </div>
   <div class='ocr_carea' id='block_1_105' title="bbox 1062 2444 1670 2484">
    <p class='ocr_par' dir='ltr' id='par_1_105' title="bbox 1062 2444 1670 2484">
     <span class='ocr_line' id='line_1_105' title="bbox 1062 2444 1670 2484; baseline -0.01 -7"><span class='ocrx_word' id='word_1_619' title='bbox 1062 2450 1111 2478; x_wconf 90' lang='lat' dir='ltr'><strong>tibi</strong></span> <span class='ocrx_word' id='word_1_620' title='bbox 1128 2449 1219 2484; x_wconf 91' lang='lat' dir='ltr'><strong>polum</strong></span> <span class='ocrx_word' id='word_1_621' title='bbox 1233 2448 1324 2476; x_wconf 86' lang='lat' dir='ltr'><strong>sedem</strong></span> <span class='ocrx_word' id='word_1_622' title='bbox 1341 2454 1404 2474; x_wconf 88' lang='lat' dir='ltr'><strong>ecce</strong></span> <span class='ocrx_word' id='word_1_623' title='bbox 1419 2446 1465 2480; x_wconf 90' lang='lat' dir='ltr'><strong>do,</strong></span> <span class='ocrx_word' id='word_1_624' title='bbox 1481 2445 1564 2473; x_wconf 85' lang='lat' dir='ltr'><strong>Mater</strong></span> <span class='ocrx_word' id='word_1_625' title='bbox 1580 2444 1670 2480; x_wconf 80' lang='lat' dir='ltr'><strong>Virgo.</strong></span> 
     </span>
    </p>
   </div>
   <div class='ocr_carea' id='block_1_106' title="bbox 1092 2498 1803 2538">
    <p class='ocr_par' dir='ltr' id='par_1_106' title="bbox 1092 2498 1803 2538">
     <span class='ocr_line' id='line_1_106' title="bbox 1092 2498 1803 2538; baseline -0.01 -7"><span class='ocrx_word' id='word_1_626' title='bbox 1092 2504 1154 2531; x_wconf 65' lang='lat'><strong>107.</strong></span> <span class='ocrx_word' id='word_1_627' title='bbox 1175 2502 1317 2538; x_wconf 83' lang='lat' dir='ltr'><strong>Epitaphia</strong></span> <span class='ocrx_word' id='word_1_628' title='bbox 1332 2502 1358 2528; x_wconf 82' lang='lat' dir='ltr'><strong>in</strong></span> <span class='ocrx_word' id='word_1_629' title='bbox 1371 2500 1551 2536; x_wconf 81' lang='lat' dir='ltr'><strong>patriarcham</strong></span> <span class='ocrx_word' id='word_1_630' title='bbox 1570 2499 1604 2526; x_wconf 88' lang='lat' dir='ltr'><strong>D.</strong></span> <span class='ocrx_word' id='word_1_631' title='bbox 1622 2498 1803 2534; x_wconf 81' lang='lat' dir='ltr'><strong>l’olyeuctum.</strong></span> 
     </span>
    </p>
   </div>
   <div class='ocr_carea' id='block_1_107' title="bbox 1094 2542 1841 2584">
    <p class='ocr_par' dir='ltr' id='par_1_107' title="bbox 1094 2542 1841 2584">
     <span class='ocr_line' id='line_1_107' title="bbox 1094 2542 1841 2584; baseline -0.012 -7"><span class='ocrx_word' id='word_1_632' title='bbox 1094 2549 1178 2584; x_wconf 84' lang='lat' dir='ltr'><strong>Cujus</strong></span> <span class='ocrx_word' id='word_1_633' title='bbox 1199 2556 1239 2581; x_wconf 88' lang='lat' dir='ltr'><strong>es,</strong></span> <span class='ocrx_word' id='word_1_634' title='bbox 1252 2546 1425 2582; x_wconf 84' lang='lat' dir='ltr'><strong>sepulcrum?</strong></span> <span class='ocrx_word' id='word_1_635' title='bbox 1445 2546 1580 2573; x_wconf 86' lang='lat' dir='ltr'><strong>Bonorum</strong></span> <span class='ocrx_word' id='word_1_636' title='bbox 1601 2543 1723 2571; x_wconf 90' lang='lat' dir='ltr'><strong>omnium</strong></span> <span class='ocrx_word' id='word_1_637' title='bbox 1748 2542 1841 2578; x_wconf 87' lang='lat' dir='ltr'><strong>sepul-</strong></span> 
     </span>
    </p>
   </div>
   <div class='ocr_carea' id='block_1_108' title="bbox 1060 2589 1768 2629">
    <p class='ocr_par' dir='ltr' id='par_1_108' title="bbox 1060 2589 1768 2629">
     <span class='ocr_line' id='line_1_108' title="bbox 1060 2589 1768 2629; baseline -0.01 -6"><span class='ocrx_word' id='word_1_638' title='bbox 1060 2603 1146 2624; x_wconf 89' lang='lat' dir='ltr'><strong>crum.</strong></span> <span class='ocrx_word' id='word_1_639' title='bbox 1166 2594 1272 2629; x_wconf 87' lang='lat' dir='ltr'><strong>Corpus</strong></span> <span class='ocrx_word' id='word_1_640' title='bbox 1288 2593 1426 2628; x_wconf 86' lang='lat' dir='ltr'><strong>quomodo</strong></span> <span class='ocrx_word' id='word_1_641' title='bbox 1440 2590 1566 2618; x_wconf 84' lang='lat' dir='ltr'><strong>evanuit?</strong></span> <span class='ocrx_word' id='word_1_642' title='bbox 1585 2589 1768 2618; x_wconf 82' lang='lat' dir='ltr'><strong>Abstinentia.</strong></span> 
     </span>
    </p>
   </div>
   <div class='ocr_carea' id='block_1_109' title="bbox 1095 2633 1840 2675">
    <p class='ocr_par' dir='ltr' id='par_1_109' title="bbox 1095 2633 1840 2675">
     <span class='ocr_line' id='line_1_109' title="bbox 1095 2633 1840 2675; baseline -0.011 -8"><span class='ocrx_word' id='word_1_643' title='bbox 1095 2640 1255 2675; x_wconf 75' lang='lat' dir='ltr'><strong>Sepulcrum</strong></span> <span class='ocrx_word' id='word_1_644' title='bbox 1276 2638 1348 2665; x_wconf 87' lang='lat' dir='ltr'><strong>istud</strong></span> <span class='ocrx_word' id='word_1_645' title='bbox 1371 2637 1428 2669; x_wconf 86' lang='lat' dir='ltr'><strong>tibi,</strong></span> <span class='ocrx_word' id='word_1_646' title='bbox 1446 2635 1602 2671; x_wconf 76' lang='lat' dir='ltr'><strong>Polyeucle,</strong></span> <span class='ocrx_word' id='word_1_647' title='bbox 1624 2634 1709 2666; x_wconf 83' lang='lat' dir='ltr'><strong>scala,</strong></span> <span class='ocrx_word' id='word_1_648' title='bbox 1728 2633 1755 2660; x_wconf 94' lang='lat' dir='ltr'><strong>in</strong></span> <span class='ocrx_word' id='word_1_649' title='bbox 1785 2639 1840 2666; x_wconf 77' lang='lat' dir='ltr'><strong>qua</strong></span> 
     </span>
    </p>
   </div>
   <div class='ocr_carea' id='block_1_110' title="bbox 1058 2680 1568 2716">
    <p class='ocr_par' dir='ltr' id='par_1_110' title="bbox 1058 2680 1568 2716">
     <span class='ocr_line' id='line_1_110' title="bbox 1058 2680 1568 2716; baseline -0.012 -3"><span class='ocrx_word' id='word_1_650' title='bbox 1058 2691 1085 2714; x_wconf 89' lang='lat' dir='ltr'><strong>tu</strong></span> <span class='ocrx_word' id='word_1_651' title='bbox 1099 2686 1233 2713; x_wconf 82' lang='lat' dir='ltr'><strong>scandens</strong></span> <span class='ocrx_word' id='word_1_652' title='bbox 1248 2684 1281 2710; x_wconf 88' lang='lat' dir='ltr'><strong>ad</strong></span> <span class='ocrx_word' id='word_1_653' title='bbox 1298 2682 1397 2710; x_wconf 73' lang='lat' dir='ltr'><strong>omium</strong></span> <span class='ocrx_word' id='word_1_654' title='bbox 1414 2680 1568 2716; x_wconf 86' lang='lat' dir='ltr'><strong>pervenisti.</strong></span> 
     </span>
    </p>
   </div>
   <div class='ocr_carea' id='block_1_111' title="bbox 1093 2723 1837 2765">
    <p class='ocr_par' dir='ltr' id='par_1_111' title="bbox 1093 2723 1837 2765">
     <span class='ocr_line' id='line_1_111' title="bbox 1093 2723 1837 2765; baseline -0.012 -6"><span class='ocrx_word' id='word_1_655' title='bbox 1093 2732 1143 2765; x_wconf 83' lang='lat' dir='ltr'><strong>Qui</strong></span> <span class='ocrx_word' id='word_1_656' title='bbox 1166 2736 1255 2758; x_wconf 89' lang='lat' dir='ltr'><strong>mente</strong></span> <span class='ocrx_word' id='word_1_657' title='bbox 1271 2729 1380 2758; x_wconf 82' lang='lat' dir='ltr'><strong>divinus</strong></span> <span class='ocrx_word' id='word_1_658' title='bbox 1400 2728 1498 2759; x_wconf 84' lang='lat' dir='ltr'><strong>factus,</strong></span> <span class='ocrx_word' id='word_1_659' title='bbox 1518 2730 1547 2753; x_wconf 92' lang='lat' dir='ltr'><strong>ut</strong></span> <span class='ocrx_word' id='word_1_660' title='bbox 1561 2729 1665 2755; x_wconf 87' lang='lat' dir='ltr'><strong>monte,</strong></span> <span class='ocrx_word' id='word_1_661' title='bbox 1682 2723 1770 2759; x_wconf 83' lang='lat' dir='ltr'><strong>lapide</strong></span> <span class='ocrx_word' id='word_1_662' title='bbox 1789 2723 1837 2751; x_wconf 86' lang='lat' dir='ltr'><strong>ab-</strong></span> 
     </span>
    </p>
   </div>
   <div class='ocr_carea' id='block_1_112' title="bbox 1055 2769 1837 2807">
    <p class='ocr_par' dir='ltr' id='par_1_112' title="bbox 1055 2769 1837 2807">
     <span class='ocr_line' id='line_1_112' title="bbox 1055 2769 1837 2807; baseline -0.012 -2"><span class='ocrx_word' id='word_1_663' title='bbox 1055 2778 1197 2805; x_wconf 83' lang='lat' dir='ltr'><strong>sconditus</strong></span> <span class='ocrx_word' id='word_1_664' title='bbox 1214 2777 1320 2803; x_wconf 85' lang='lat' dir='ltr'><strong>laudem</strong></span> <span class='ocrx_word' id='word_1_665' title='bbox 1342 2773 1495 2802; x_wconf 79' lang='lat' dir='ltr'><strong>mortalium</strong></span> <span class='ocrx_word' id='word_1_666' title='bbox 1519 2771 1595 2807; x_wconf 77' lang='lat' dir='ltr'><strong>fugit,</strong></span> <span class='ocrx_word' id='word_1_667' title='bbox 1616 2778 1669 2798; x_wconf 85' lang='lat' dir='ltr'><strong>non</strong></span> <span class='ocrx_word' id='word_1_668' title='bbox 1691 2769 1738 2797; x_wconf 91' lang='lat' dir='ltr'><strong>tibi</strong></span> <span class='ocrx_word' id='word_1_669' title='bbox 1763 2776 1837 2797; x_wconf 35' lang='lat' dir='ltr'><strong>mor.</strong></span> 
     </span>
    </p>
   </div>
   <div class='ocr_carea' id='block_1_113' title="bbox 1055 2827 1181 2851">
    <p class='ocr_par' dir='ltr' id='par_1_113' title="bbox 1055 2827 1181 2851">
     <span class='ocr_line' id='line_1_113' title="bbox 1055 2827 1181 2851; baseline -0.008 -1"><span class='ocrx_word' id='word_1_670' title='bbox 1055 2828 1117 2851; x_wconf 77' lang='lat' dir='ltr'><strong>tuus</strong></span> <span class='ocrx_word' id='word_1_671' title='bbox 1131 2827 1181 2850; x_wconf 80' lang='lat' dir='ltr'><strong>est.</strong></span> 
     </span>
    </p>
   </div>
  </div>
