2082 3157
202 178 255 210 949

243 235 273 261 '0
287 234 356 261 πᾶσι
371 232 499 268 φευκτὸς,
513 232 608 265 εὐκτός
621 233 679 260 ἐστι
693 232 740 260 νῦν
753 232 848 267 τάφος,

202 281 256 308 Τὸν
269 279 395 306 εὐκτικὸν
412 279 508 313 κλήσει
520 287 550 305 τε
565 279 612 305 καὶ
621 279 732 314 τρόποις
747 279 850 314 φέρων.

237 326 340 360 Θνητὸς
351 324 411 351 δυσὶ
427 326 471 356 σὺ,
482 324 521 359 τῷ
534 324 607 359 τόκῳ
622 325 670 351 καὶ
682 324 721 360 τῷ
739 325 817 360 τάφῳ
829 333 836 340 ·

202 372 269 399 Δυσὶ
282 372 305 398 δ’
319 371 410 404 ἆῦλος,
426 372 464 407 τῷ
478 372 528 407 βίῳ
547 372 594 398 καὶ
610 371 648 406 τῷ
666 371 749 406 πόνῳ.

239 417 319 449 Τίνος
334 417 377 449 σὺ,
393 417 495 452 τύμῦες
514 418 602 444 Νυκτὶ
618 417 697 444 τοῦτό
714 425 756 443 σοι
774 417 869 451 φράσω
880 425 886 431 ·

203 464 307 497 Μήπως
325 463 456 495 ἀκούσας,
472 463 546 498 ἥλιος
564 463 660 497 λάμψῃ
676 462 762 489 κάτω.

238 509 280 535 Tit
293 509 399 544 χρηστᾶ
416 509 504 535 πάντα
519 508 623 542 τύμϐος
642 506 682 538 εἷς
699 507 772 534 ἔνδον
788 508 868 542 φέρει
881 514 888 521 ·

204 552 252 586 Εἷς
265 552 321 590 εἶχε
337 555 383 581 καὶ
398 555 452 590 γὰρ
466 554 556 581 πάντα
574 555 683 581 πάντων
699 556 727 580 ἐν
746 553 806 588 βίῳ.

240 601 278 627 Οὐ
296 601 393 636 νεκρὸς
410 599 435 627 εῑ
453 600 485 627 σύ
498 609 505 616 ·
519 600 589 635 πλὴν
605 600 716 635 κρυὸεὶς
731 600 798 635 λίθῳ
813 599 904 634 μόνον,

202 647 272 674 Θεοῦ
287 647 445 682 πρόςωπον,
460 648 510 674 οὐκ
526 647 636 673 ὀπίσθια
654 647 773 681 βλέπεις.

245 693 288 719 Ἐν
299 694 377 720 νυκτὶ
390 693 502 728 κλέψας,
520 694 557 729 μὴ
577 694 666 728 μάτην
681 692 769 728 αὔχει,
785 693 885 728 Χάρων
896 702 902 708 '

202 739 260 765 Οὐκ
274 736 308 774 ἦν
324 739 369 770 σὸς
382 737 469 771 οὗτος,
484 739 546 766 οὐδὲ
561 739 660 774 μοίρας
671 739 720 774 τῆς
734 739 820 766 κάτω.

245 785 289 811 Ἐν
304 785 383 811 νυκτὶ
399 785 536 820 θνήσκεις,
551 785 627 820 ἥλιον
641 785 668 811 δὲ
681 785 833 818 λανθάνεις,

204 831 298 862 Ὅπως
314 831 402 862 συνεὶς
414 831 444 858 τὸ
457 832 574 866 πρᾶγμα.
588 830 626 866 μὴ
642 830 738 866 λάμψῃ
754 831 840 857 κάτω.

243 877 272 903 Ὀ
289 877 378 910 φωτδς
392 877 451 908 υίὸς
467 877 629 912 προφθάσας
649 876 698 912 τὴν
713 877 832 912 ἡμέραν,

203 924 255 951 Τὸν
272 923 389 959 Χριστὸν
404 921 495 959 εὗρεν,
511 924 597 960 ἥλιον,
612 924 681 959 φῶς,
695 925 813 959 ἡμέραν.

244 969 273 996 Ὁ
292 969 396 1004 τύμϐος
411 971 452 1002 εἰς
463 971 507 1003 τε;
527 971 670 1006 Μαρτυρεῖ
683 969 837 1003 τεθνηκότι,

208 1016 252 1047 Ὧς
266 1015 342 1042 οὐδὲν
356 1015 428 1050 ἔσχε,
446 1015 515 1051 πλὴν
528 1016 666 1051 τρίπηχυν
681 1015 729 1042 νῦν
741 1015 825 1042 λίθον.

239 1061 336 1095 Μάτην
350 1061 364 1087 ὁ
378 1060 492 1096 τύμϐος,
506 1062 539 1096 τῇ
563 1060 644 1095 φύσει
664 1062 770 1096 μάρτυς
786 1061 867 1096 μόνον

203 1105 257 1132 Τοῦ
269 1106 307 1140 μὴ
321 1106 434 1140 δοκῆσαι
448 1105 546 1140 φάσμα
565 1106 612 1132 τὸν
626 1105 788 1141 τεθνηκότα.

240 1152 272 1178 '0
287 1153 352 1187 πρὶν
367 1152 510 1186 στυγητὸς,
527 1152 575 1179 νῦν
592 1152 754 1187 πεφιλμένος
773 1152 868 1187 τέρος.

201 1197 261 1224 Κᾶν
276 1198 329 1232 γὰρ
345 1198 488 1232 στυγητδς,
503 1197 570 1225 ἀλλὰ
590 1198 636 1225 τοῦ
654 1198 832 1233 πεφιλμένου.

236 1243 281 1269 Σοὶ
293 1243 386 1275 ζῶντι,
405 1243 486 1277 σῶμα
503 1243 607 1278 τύμὸος
619 1252 627 1260 ⁸
649 1244 678 1270 ὲν
688 1244 785 1279 τύμϐῳ
795 1244 824 1270 δέ
837 1253 867 1278 γε

200 1289 263 1320 Θεὶς
273 1289 362 1318 τοῦτο,
376 1289 424 1315 νῦν
437 1289 497 1324 ζῇς,
513 1289 559 1315 τὸν
575 1290 659 1324 τάφον
677 1289 783 1324 κρύψας
799 1289 885 1324 τάφῳ.

241 1334 356 1366 Διπλοῦς
367 1335 381 1360 ὁ
393 1334 507 1369 τύμῦος,
525 1332 565 1366 εἷς
582 1335 690 1370 φρενὸς,
703 1336 771 1368 νόῖς,
788 1335 886 1369 λόγων,

201 1379 300 1406 Καλῶν
311 1389 340 1406 τε
355 1380 475 1413 πάντων,
492 1379 532 1412 εἷς
548 1381 576 1407 δὲ
595 1382 643 1408 τοῦ
658 1382 831 1416 τεθνηκότος.

246 1425 306 1451 Κᾶν
322 1426 398 1452 οὐδὲν
414 1426 504 1460 ἔσχες,
520 1426 589 1460 πλὴν
605 1427 762 1461 ἐφωράθης,
779 1427 887 1462 Χάρων,

200 1471 361 1507 Κακοῦργος
372 1471 409 1498 ὢν
423 1472 509 1506 κλὼψ,
522 1473 600 1499 νυκτὶ
610 1473 704 1499 τοῦτον
717 1473 853 1508 ἀρπάσας.

235 1541 319 1576 Cujus
344 1550 384 1573 es.
410 1544 583 1577 sepulcrum?
603 1544 643 1572 Ne
672 1545 774 1577 discas,
807 1552 869 1572 nam
899 1545 1021 1578 dices,c

200 1586 300 1621 qualis,
311 1589 437 1622 qualem;
454 1594 574 1623 quantus
584 1590 703 1617 occullat
718 1595 850 1625 quantum
862 1591 869 1618 !

233 1631 312 1665 Quod
327 1634 456 1662 omnibus
466 1634 631 1667 evitabatur,
642 1636 786 1670 qumsitum
800 1643 874 1664 nunc
890 1640 932 1664 est
946 1644 989 1664 se-

199 1678 336 1713 pulcrum,
351 1679 442 1706 fausta
465 1681 576 1708 nomine
590 1685 617 1708 et
631 1681 753 1709 moribus
769 1681 868 1709 ferens.

235 1723 357 1752 Mortalis
372 1730 399 1752 tu
413 1725 532 1759 duobus,
551 1731 613 1754 ortu
625 1731 654 1754 et
665 1727 808 1761 sepulcro;
825 1727 990 1755 immortalis

201 1774 290 1796 autem
305 1771 424 1803 duobus,
440 1771 494 1799 vita
507 1776 535 1799 et
546 1772 648 1800 labere.

234 1815 320 1849 Cujus
340 1824 381 1848 es,
407 1818 585 1852 sepulcrum?
600 1818 686 1846 Nocte
708 1819 734 1846 id
760 1819 808 1846 tibi
831 1819 938 1852 dicam;
957 1827 991 1848 ne

199 1860 269 1888 forte
283 1862 399 1890 audiens
412 1863 454 1890 sol
470 1863 572 1891 inferos
588 1864 733 1892 illumiuet.

235 1906 318 1934 Utilia
353 1909 444 1935 omnia
477 1917 561 1936 unum
594 1911 751 1945 sepulcrum
784 1911 858 1939 intus
893 1911 989 1944 habet;

199 1960 271 1980 unus
292 1953 365 1980 enim
381 1955 603 1983 omniumomnia
618 1956 644 1983 in
658 1956 710 1983 vita
728 1957 833 1984 llﬂiluii.

234 1998 293 2026 Non
313 2005 439 2027 mortuus
464 2009 494 2029 es
515 2006 553 2034 tu,
581 2002 628 2029 sed
646 2003 824 2030 absconditus
847 2003 935 2030 solum
954 2004 991 2030 la-

199 2044 271 2079 pide.
282 2045 328 2072 Dei
340 2046 449 2077 faciem,
466 2054 520 2073 non
536 2052 611 2082 terga
629 2048 779 2081 conspicis.

234 2091 263 2118 ln
291 2096 369 2119 nocte
396 2091 513 2124 furatus.
533 2101 586 2120 non
610 2094 636 2120 in
652 2102 751 2121 vanum
769 2094 901 2128 gloriatur
920 2095 991 2122 Cha-

199 2143 266 2169 ron;
284 2144 337 2163 nou
355 2141 419 2177 tuus
433 2137 486 2165 fuit
502 2145 590 2173 neque
606 2139 756 2166 inferorum
775 2139 833 2166 fati.

232 2181 260 2208 In
276 2187 355 2209 nocte
377 2183 502 2216 moreris,
525 2184 611 2211 solem
637 2189 727 2212 autem
751 2185 833 2220 fugis,
854 2193 887 2213 nc
906 2186 929 2213 si
947 2186 988 2213 rei

197 2227 305 2255 adesset
316 2227 419 2256 inferos
435 2229 625 2258 illuminasset.

232 2272 317 2301 Filius
340 2274 408 2301 lucis
422 2275 493 2302 diem
515 2275 685 2310 praeveniens
703 2275 844 2304 Christum
870 2276 984 2310 invenit,

196 2317 292 2350 solem,
306 2318 405 2352 lucem,
422 2320 503 2347 diem.

231 2363 271 2391 Ad
287 2364 352 2399 quid
369 2366 545 2399 sepulcrum?
563 2366 698 2393 Mortuum
715 2370 831 2394 testatur
848 2367 916 2395 nihil
934 2368 985 2395 ba-

195 2409 288 2437 buisse
306 2410 357 2438 nisi
374 2411 556 2439 tricubitalem
576 2419 650 2439 nunc
664 2413 792 2447 lapidem.

230 2454 502 2492 lnutilescpulerum;
518 2462 615 2485 natura
623 2458 700 2486 testis
709 2459 796 2485 solum
807 2459 982 2495 phantasma,

195 2506 333 2530 mortuum
351 2511 404 2531 non
417 2504 566 2532 oslensioni
578 2505 669 2532 datum
680 2512 751 2533 esse.

228 2547 281 2581 Qui
297 2549 373 2583 prius
396 2557 524 2581 exosum,
547 2558 620 2577 nunc
643 2552 792 2586 pretiosum
814 2552 980 2587 sepulcrum.

193 2593 244 2620 etsi
262 2594 334 2621 enim
346 2603 470 2625 exosum.
483 2596 529 2624 sed
545 2596 654 2631 pretiosi
669 2596 731 2624 fuit.

229 2639 289 2667 Tibi
309 2641 408 2668 viventi
433 2649 533 2676 corpus
554 2642 720 2676 Sepulcrum,
737 2643 763 2670 in
784 2643 909 2678 sepulcro
931 2652 980 2670 au-

194 2690 247 2712 tem
273 2686 338 2713 illud
362 2695 466 2721 ponens
483 2695 555 2714 nunc
578 2687 657 2721 vivis,
681 2689 836 2724 sepulcrum
855 2690 981 2724 sepulcro

193 2736 334 2767 postquam
351 2733 541 2761 occultaveris.

231 2775 333 2812 Duplex
348 2783 389 2806 est
403 2779 575 2814 sepulcrum;
597 2787 678 2806 unum
695 2780 791 2813 animi,
812 2781 922 2813 mentis,
938 2789 981 2808 ra-

195 2822 290 2855 tionis,
314 2823 448 2851 bonorum
470 2824 604 2857 omnium,
623 2824 739 2852 alterum
759 2831 849 2854 autem
869 2826 981 2854 mortui.

859 175 1030 206 CARMINA
1048 175 1176 206 VARIA.

1005 239 1028 269 Α
1045 250 1053 259 .
1083 231 1130 266 Μὴ
1144 231 1285 258 συνθανεῖν
1298 238 1340 257 σοι
1352 230 1453 260 πάντας
1470 228 1555 260 αἴτιος
1572 228 1656 262 τάφος

1777 171 1833 202 950

1045 278 1187 314 Τρίπηχυς
1201 277 1239 304 ὢν
1252 276 1306 312 γὰρ
1322 276 1427 307 πάντας
1439 275 1470 301 οὑ
1485 274 1602 310 κρύπτει
1619 274 1642 289 ⁸⁸
1660 271 1758 299 σθένει.

1309 325 1364 358 ρη¹.
1381 323 1433 355 Εἰς
1448 321 1567 348 ἑαυτόν.

1081 379 1180 411 "llam,
1197 378 1398 413 παντοκράτορ.
1414 377 1484 412 ηλιτ“
1499 378 1550 403 οὐκ
1568 376 1678 402 ἐθέλων.

1046 424 1132 451 "nam
1147 423 1318 458 ἀμπλακίης,
1328 423 1425 457 στήλας
1440 423 1574 457 ἐστήσατο
1589 421 1693 455 μοιχδς,

1080 470 1200 505 Νυμφίε,
1213 470 1262 504 σῆς
1275 469 1384 504 νύμφης
1397 468 1470 495 ἔνδον
1483 468 1552 502 ἐμῆς
1567 467 1690 502 κραδίης.

1046 515 1135 543 Πολλὰ
1147 515 1301 550 παναίσχεα
1315 515 1455 550 δέργματα
1470 514 1527 549 μὰψ
1542 513 1676 548 ἀλάληντο

1080 562 1177 597 Ψυχῆς
1190 562 1219 587 ἐν
1233 560 1356 595 λαγόσιν,
1372 560 1484 593 ἔξυπνος
1498 560 1535 590 ὡς
1550 560 1677 593 γενόμαν.

1052 607 1084 635 Ἠ
1101 607 1171 644 σὰρξ
1188 607 1280 641 ὕϐριος
1290 607 1399 642 ἤρχετο,
1413 606 1510 642 ἔγρετο
1523 606 1633 640 κύματα
1651 604 1782 639 γαστρὸς,

1081 651 1228 689 Πνεύματα
1241 654 1340 688 λάῆρον
1355 653 1442 684 ἔπνει,
1457 652 1524 687 πρὸς
1537 651 1616 686 βυθὸν
1629 651 1796 685 ὲτραπὸμαν.

1061 700 1156 732 Ιιλθες,
1171 700 1248 732 ἅναξ.
1269 699 1384 734 παλάμῃ
1394 699 1423 725 δὲ
1434 697 1513 729 δίδως
1528 697 1678 732 ἑτεραλκέα
1690 697 1768 732 νίκην
1780 704 1787 711 ⁶

1081 747 1134 772 Καὶ
1146 746 1186 772 νοῒ
1198 746 1260 772 νοῦν
1277 745 1420 781 παρέχεις,
1436 745 1468 780 τῇ
1486 744 1560 779 ψυχῇ
1571 745 1598 770 δὲ
1611 743 1701 778 λόγον.

1047 793 1133 820 Ἵλαθι
1146 793 1242 826 τῶνδε,
1255 793 1302 819 καὶ
1317 792 1450 826 εὔπτερον
1462 793 1489 823 ὲς
1502 791 1583 818 πόλον
1596 788 1640 818 οἶά
1653 799 1684 817 τε
1699 790 1762 824 νῆα,

1080 842 1197 876 Δαίφεσι
1212 841 1398 875 πεπαυμένοις
1411 840 1445 873 δ”,
1463 839 1572 874 πνεῦμα
1587 839 1632 865 σὺν
1643 838 1784 867 οἰακίσοις.

1029 933 1031 936 η
1046 897 1094 932 ρθ’.
1109 897 1160 930 Εἰς
1170 897 1221 930 τὰς
1243 895 1370 930 Ἀθήνας
1378 895 1426 922 καὶ
1435 895 1492 929 τὴν
1500 893 1831 922 Κωνσταντινούπολιν.

1052 950 1201 986 Ἐρεχθέως
1212 950 1314 985 ἀνῆκεν
1328 951 1344 985 ή
1361 950 1395 984 γῆ
1415 950 1465 984 τὴν
1479 949 1566 982 πόλιν,

1051 996 1121 1023 ’Δλλσ
1138 996 1252 1032 οὐρανὸς
1269 995 1373 1029 καθῆκε
1395 994 1503 1029 Ῥώμην
1516 994 1566 1029 τὴν
1587 994 1660 1020 νέαν.

1046 1043 1068 1069 Κ
1073 1042 1177 1077 ρεῖττον
1195 1041 1225 1067 τὸ
1237 1040 1336 1072 κάλλος
1348 1040 1411 1074 γῆς,
1424 1040 1485 1066 ὅσον
1498 1039 1624 1074 λαμπρὺς
1640 1039 1731 1071 πόλος,

1161 1100 1205 1131 ριτ.
1221 1095 1271 1128 Εἰς
1285 1095 1352 1128 τοὺς
1372 1094 1487 1129 σοφοὺς
1501 1094 1560 1121 τῶν
1578 1094 1710 1128 Ἀθηνῶν

1047 1153 1078 1179 Οἱ
1094 1152 1148 1179 τῶν
1169 1152 1300 1186 ’Λθηνῶν,
1318 1152 1477 1185 εὐστομεῖτε
1495 1151 1559 1182 τοὺς
1571 1150 1655 1176 πάλαι

1046 1199 1159 1233 Σοφοὺς,
1178 1198 1338 1229 Πλάτωνας,
1353 1197 1512 1231 Σωκράτας,
1528 1197 1708 1231 Ξενοκράτας,

1053 1243 1242 1278 Ἐπικούρους,
1259 1242 1420 1278 Πύῤῥωνας,
1443 1241 1642 1277 Ἀριστοτέλας,

1047 1292 1103 1318 οὐκ
1117 1291 1190 1317 ἐστιν
1203 1291 1279 1325 ὑμῖν,
1298 1289 1369 1324 πλὴν
1389 1288 1525 1323 Ὑμηττὸς
1542 1288 1588 1314 καὶ
1606 1288 1679 1322 μέλι,

1045 1336 1134 1371 Θῆκαί
1144 1336 1167 1352 ⁸⁸
1185 1345 1216 1362 τε
1229 1335 1346 1367 νεκρῶν.
1358 1335 1414 1361 τῶν
1433 1334 1526 1368 σοφῶν
1542 1334 1575 1360 τὰ
1591 1333 1744 1369 πνεύματα.

1047 1383 1126 1409 Πολεῖ
1143 1383 1208 1417 παρ’
1225 1383 1292 1416 ἡμῖν
1311 1381 1416 1413 πίστις,
1431 1381 1456 1407 οι
1470 1380 1548 1415 σοφοὶ
1562 1381 1647 1413 λόγος.

1086 1428 1119 1454 'H
1136 1427 1190 1453 τῶν
1212 1427 1344 1461 Ἀθηνῶν,
1363 1425 1510 1460 προσκύνει
1522 1425 1571 1459 τὴν
1590 1424 1728 1450 δεσπότιν,

1045 1473 1142 1508 Δὺχεῖς
1156 1472 1249 1499 ἐλαίαν
1260 1481 1267 1487 ·
1281 1472 1408 1507 σκῆπτρα
1421 1471 1443 1497 δ’
1462 1470 1532 1504 αὕτη
1544 1470 1590 1497 τοῦ
1609 1470 1734 1505 κράτους.

1075 1543 1206 1577 Quamvis
1232 1543 1300 1570 nihil
1327 1543 1453 1572 haberes.
1481 1546 1602 1569 attamen
1627 1540 1762 1575 spoliatus
1783 1548 1831 1567 es:

1041 1588 1149 1616 Charon
1163 1588 1304 1622 improbus
1319 1591 1345 1615 et
1358 1586 1401 1614 fur
1413 1592 1492 1614 nocte
1508 1585 1579 1612 hunc
1599 1585 1708 1620 eripuit.

1075 1633 1134 1661 Non
1151 1633 1283 1660 commori
1306 1632 1355 1659 tibi
1384 1638 1481 1659 omnes
1497 1638 1579 1658 causa
1601 1634 1643 1657 cst
1665 1629 1835 1663 sepulcrum,

1041 1686 1103 1706 nam
1131 1677 1284 1705 tricubitale
1307 1685 1369 1705 cum
1399 1676 1436 1704 sit
1462 1683 1559 1703 omnes
1588 1674 1756 1702 abscondere
1785 1682 1832 1701 nc-

1040 1724 1111 1759 quit.

1305 1768 1369 1796 108.
1389 1768 1420 1795 In
1439 1768 1566 1803 scipsum.

1079 1815 1242 1851 Propitiarc,
1252 1815 1443 1842 universorum
1457 1822 1515 1845 rex,
1531 1813 1640 1849 peccavi
1651 1819 1704 1840 non
1720 1813 1833 1845 volens;

1043 1863 1193 1898 propitiare
1218 1862 1321 1896 culpae;
1347 1861 1490 1889 columnas
1515 1860 1611 1888 statuit
1631 1859 1738 1887 adulter
1761 1859 1831 1886 intra

1042 1915 1090 1936 cor
1105 1916 1194 1935 meum
1210 1912 1369 1942 sponsatum
1393 1907 1454 1938 tibi,
1469 1914 1582 1941 sponse.

1077 1952 1160 1980 Multa
1203 1952 1360 1987 turpissima
1381 1952 1503 1986 ‘ﬂagella
1538 1951 1638 1978 frustra
1675 1951 1775 1977 animae
1803 1948 1834 1976 in

1042 2000 1183 2031 lateribus,
1201 1998 1245 2025 ubi
1260 1997 1469 2032 expergefactus
1483 2005 1554 2024 sum.

1076 2045 1147 2071 Caro
1160 2043 1354 2071 contumeliam
1374 2050 1437 2070 orsa
1456 2047 1509 2073 est.
1532 2047 1711 2069 surrexerunt
1728 2041 1831 2068 ventris

1042 2092 1152 2122 ﬂuctus,
1176 2090 1248 2118 venti
1275 2089 1401 2125 gulosum
1423 2089 1623 2118 excitaverunt.
1646 2090 1679 2114 ad
1701 2087 1829 2122 abyssum

1044 2141 1137 2172 raptus
1149 2143 1231 2169 sum;
1248 2135 1357 2166 venisti,
1387 2142 1446 2167 rex,
1470 2139 1497 2161 et
1516 2134 1661 2161 conatibus
1682 2134 1829 2167 ancipitem

1042 2183 1091 2209 das
1108 2181 1267 2214 victoriam;
1282 2185 1310 2208 et
1330 2180 1415 2207 menti
1435 2179 1643 2215 intelligentiam
1667 2183 1789 2214 prmstas,
1804 2184 1830 2206 ct

1038 2229 1136 2256 animm
1159 2227 1302 2254 rationem.

1074 2275 1225 2309 Propitiare
1247 2274 1300 2306 his,
1317 2277 1343 2300 ct
1367 2274 1392 2300 in
1408 2273 1507 2300 emlum
1525 2272 1595 2300 felici
1618 2272 1722 2306 volatu,
1738 2277 1767 2299 ut
1783 2280 1829 2299 na-

1037 2328 1096 2348 vem
1116 2319 1216 2347 inﬂatis
1239 2319 1315 2349 velis.
1328 2319 1454 2353 spiritum
1469 2323 1544 2345 tuum
1562 2319 1704 2352 perducas.

1144 2366 1206 2393 109.
1227 2365 1259 2392 In
1275 2365 1391 2392 [ll/muas
1411 2370 1435 2392 ιι
1454 2365 1721 2399 Constantinopolim.

1073 2412 1219 2439 Erechthei
1252 2412 1332 2439 tellus
1362 2413 1456 2438 urbem
1478 2412 1628 2443 exstruxit,
1656 2412 1702 2438 sed
1727 2413 1826 2439 (:tL‘luut

1037 2458 1192 2485 construxit
1214 2466 1312 2484 novam
1336 2456 1460 2484 Romam.
1477 2455 1571 2490 Terra
1589 2457 1765 2491 pulchritudo
1781 2465 1828 2491 po-

1037 2504 1100 2536 tior,
1118 2508 1220 2538 quanto
1236 2503 1405 2537 splendidum
1418 2503 1529 2529 cmlam.

1214 2549 1274 2576 110.
1291 2548 1323 2576 In
1335 2548 1497 2575 Athenarum
1512 2551 1650 2582 sapientes.

1072 2595 1264 2626 Athenienses.
1292 2595 1437 2630 prazdieate
1463 2601 1568 2621 veteres
1589 2595 1649 2622 illos
1676 2595 1822 2628 sapientes.

1036 2640 1173 2670 Platones.
1200 2639 1338 2672 Socrates,
1372 2639 1550 2671 Xenocrates,
1577 2639 1720 2673 Epicuros,
1758 2639 1824 2674 Pyr-

1036 2687 1147 2718 rhones,
1164 2686 1344 2718 Aristmeles;
1366 2686 1433 2712 nihil
1449 2691 1572 2719 superest
1588 2685 1675 2717 vobis,
1701 2685 1752 2712 uisi
1773 2685 1825 2720 lly-

1036 2733 1111 2760 metti
1135 2734 1196 2764 mel,
1219 2738 1391 2760 mortuorum
1417 2733 1502 2759 theca:
1523 2738 1549 2759 et
1566 2731 1730 2766 sapientium
1747 2732 1823 2767 cogi-

1037 2784 1091 2807 tata
1109 2789 1114 2806 :
1131 2780 1190 2807 urbi
1207 2784 1309 2807 nostra:
1328 2779 1404 2810 ﬁdes,
1422 2784 1449 2805 ct
1464 2779 1600 2813 sapientes
1618 2786 1768 2806 sermones.

1072 2825 1185 2852 Athena:
1205 2825 1281 2857 urbs,
1309 2825 1392 2852 aulum
1416 2825 1548 2858 reginam.
1570 2824 1710 2852 Oleastros
1727 2824 1810 2859 prmdi

233 2880 256 2896 "
271 2880 336 2916 [αρε.
352 2881 492 2917 κρύπτειν.
531 2883 553 2899 ⁵⁷
571 2881 634 2918 ch.
652 2884 847 2919 πεπταμένοις.
885 2884 908 2900 ⁸⁸
923 2883 989 2912 Cod.

1038 2893 1085 2919 pta.
1101 2892 1162 2912 cum
1185 2893 1211 2912 αι
1224 2882 1447 2918 superimposito.
