2082 3157
229 237 284 263 Καὶ
295 236 358 266 τοὺς
371 235 487 270 τρόπους
503 232 601 265 ἔδειξεν
611 233 649 263 ὡς
666 232 771 262 ζῶντας
786 229 907 265 βλέπειν,

233 281 288 308 Καὶ
302 281 366 312 τοὺς
381 279 471 310 λίθους
484 279 591 305 ἔπεισεν
602 277 746 311 ἀστραπὰς
764 275 868 310 φέρειν,

231 326 286 353 Καὶ
300 326 389 352 πάντα
402 325 452 358 σῆς
471 323 601 357 μετέσχεν
612 322 720 356 αἴγλης,
736 321 838 356 Χριστὲ
855 329 916 356 μου,

396 376 447 409 ρκ’.
463 374 514 405 Εἰς
528 372 583 398 τὸν
593 372 678 406 ἄτιον
693 371 854 405 Θεόδωρον.

236 430 343 463 Ῥῆτορ,
362 427 508 462 στρατηγὲ,
530 427 644 462 μάρτυς,
663 426 790 460 ἀνδρείας
801 425 881 456 τύπε,

231 473 359 507 Ἀγαλμα
375 471 501 504 κάλλους,
515 471 620 506 ἀρετῶν
637 471 731 506 κρᾶμα
752 470 834 503 ξένον,

230 518 274 544 Σοὶ
294 518 381 544 πάντα
391 517 476 551 τάμὰ,
491 517 532 543 σοὶ
546 517 642 552 πνοὴν,
659 517 700 543 σοὶ
714 516 777 547 τοὺς
792 516 896 549 λόγους,

229 564 273 590 Σοὶ
290 563 382 598 χειρὸς
395 562 485 598 ἄρσιν,
502 563 544 588 σοὶ
558 563 681 596 πορείαν,
695 561 737 588 σοὶ
749 561 855 595 στάσιν,

234 608 358 642 Ἰωάννης
373 607 475 639 δίδωσι,
492 609 533 634 σοὶ
545 608 579 634 τὰ
591 608 680 634 πάντα
693 616 750 641 μοι,

227 652 327 685 Ψᾶλαξ,
341 651 447 688 όδηγὸς,
462 652 606 687 σύμμαχος
621 652 710 686 γένοιό
728 659 784 686 μοι.

458 708 528 740 ρκα’,
552 704 620 739 Περὶ
635 705 784 740 γυναικός.

229 759 358 787 Θάλασσα
373 759 419 786 καὶ
434 759 489 793 πῦρ
500 759 546 786 καὶ
557 759 625 794 γυνὴ
640 759 724 785 κακὴν
736 757 838 792 τρίτον.

238 805 307 838 Ἐγὼ
321 805 349 831 δέ
365 813 435 839 φημι
447 804 554 839 πρῶτον
567 805 583 838 ἡ
598 804 669 838 κακὴ
682 804 785 830 κακῶν.

231 850 287 885 Τῆς
298 850 320 876 δ’
331 847 366 877 αὖ
383 849 468 884 καλῆς
487 849 629 876 κάλλιστον
646 849 721 875 οὐδὲν
738 849 766 875 ἐν
780 848 841 883 βίῳ.

596 894 665 929 φιβ’-

232 939 310 976 Εῐχον
322 941 368 967 τδν
378 941 461 976 ἀγρὸν
476 941 577 976 ἡδονῶν
592 942 615 957 ⁸³
627 950 652 967 τι
668 941 768 976 χωρίον

237 987 322 1019 Ἰδεῖν,
338 988 446 1020 φαγεῖν,
458 988 530 1013 πιεῖν
541 996 579 1018 τε,
590 987 738 1022 τερφθῆναι
751 987 839 1021 μέλει.

237 1032 305 1058 Ἀλλ’
317 1032 354 1063 ὠς
370 1033 414 1059 τὸν
428 1033 508 1065 ἁγνὸν
523 1033 586 1059 ναὸν
599 1031 667 1058 εῐδον
680 1033 837 1067 Παρθένου,“

230 1079 320 1105 Μέσον
333 1079 429 1105 πατεῖν
443 1078 520 1110 ἔδοξα
534 1078 579 1104 τὸν
594 1077 718 1113 λαμπρὸν
735 1078 824 1105 πόλον.

418 1131 487 1167 ρκγ’,
498 1133 548 1165 Εἰς
563 1131 708 1166 σαρκικὸν
720 1132 824 1167 ἔρωτα.

231 1186 264 1213 El
274 1186 340 1221 πυρὶ
353 1186 409 1222 πῦρ
422 1186 534 1219 ἐπάγεις
546 1186 667 1221 βρόμιον,
680 1187 754 1221 μάλα
767 1187 864 1214 πολλὸν
874 1187 1013 1220 ἀνάπτεις·

267 1233 298 1259 Εἰ
312 1233 340 1259 δὲ
357 1233 432 1268 πόθῳ
448 1233 558 1266 σαρκὸς,
573 1233 643 1259 θεῖον
660 1233 866 1266 ἀποσϐεννύεις.

234 1277 324 1311 Ἔρως
340 1278 355 1303 ό
371 1276 455 1307 δεινὸς
468 1276 596 1311 ὲκτυφλοῖ
610 1285 661 1311 μου
671 1277 720 1309 τὰς
740 1277 842 1313 φρένας
854 1286 861 1293 ⁸

239 1323 307 1350 Ἀλλ’
319 1322 452 1358 αίθριάζει
468 1323 513 1354 ab;
527 1323 608 1355 πόθος
624 1332 668 1358 με,
681 1324 784 1358 Χριστέ
800 1333 860 1358 μου.

397 1376 465 1410 ρκό’.
481 1377 531 1409 Εἰς
549 1376 602 1403 τὸν
620 1376 676 1410 τῆς
689 1377 843 1411 τραπέζης.

232 1431 288 1466 Τῆς
306 1431 357 1466 γῆς
376 1431 390 1457 ὁ
405 1431 508 1466 κόσμος
523 1433 537 1458 ὁ
551 1431 653 1465 γλυκὺς
669 1433 873 1465 Κωνσταντῖνος

238 1478 371 1505 Ἐνταῦθα
382 1479 479 1510 κεῖται,
501 1477 552 1512 φεῦ
565 1478 646 1509 πόσος
658 1479 664 1505 ι
680 1478 777 1513 φρένες
791 1478 891 1505 πόσαιῑ

267 1524 386 1560 Πτωχῶν
396 1524 531 1560 τράπεζα,
545 1523 682 1551 δεσποτῶν
696 1525 713 1559 ἡ
733 1524 864 1560 φαιδρότη
871 1534 892 1557 ς,

234 1615 306 1638 trum
321 1615 348 1638 et
369 1611 469 1646 ﬁguras
486 1612 607 1639 ostendit
622 1617 651 1638 ut
670 1611 793 1639 viventes
816 1611 918 1643 videre,
933 1615 959 1637 et
973 1611 1014 1637 l.t-
1029 1614 1050 1643 ο

234 1657 312 1692 pides
326 1656 415 1692 coegit
429 1657 536 1691 fulgura
562 1657 718 1690 immittere,
738 1661 765 1684 et
791 1656 920 1684 omnibus
939 1661 1014 1683 tuum

234 1703 327 1730 tribuit
337 1702 520 1737 splendorem,
549 1702 656 1741 Qbriste
673 1703 719 1730 mi.

413 1756 473 1784 l20.
491 1756 524 1783 In
535 1761 653 1783 sanctum
665 1757 838 1785 Theodorum.

269 1810 383 1841 Rhetor.
414 1810 479 1843 dux,
512 1815 627 1845 martyr,
661 1810 830 1838 fortitudinis
867 1811 1016 1846 exemplar,

235 1855 446 1891 pulchritudinis
464 1860 588 1886 ornatus.
604 1856 736 1883 virtutum
760 1856 930 1884 admirabilis
949 1864 1016 1884 con-

233 1902 350 1936 iunctio,
371 1901 417 1928 tibi
434 1909 492 1928 mea
507 1903 611 1934 omnia,
628 1902 677 1928 tibi
689 1901 783 1934 vitam,
798 1902 848 1928 tibi
861 1909 1013 1934 sermones,

235 1948 284 1976 tibi
305 1955 402 1975 manus
433 1953 549 1981 motum,
575 1948 624 1975 tibi
647 1955 782 1982 gressum,
804 1948 853 1974 tibi
870 1947 1017 1974 stationem

233 1992 352 2020 Joannes
365 1992 453 2024 oll‘ert,
465 1993 514 2019 tibi
530 2000 588 2020 mea
603 1993 710 2026 omnia;
723 1998 828 2025 custos,
844 1993 911 2025 dux,
924 1993 1019 2020 det‘en-

235 2046 282 2066 801·
296 2046 374 2066 meus
388 2042 456 2066 esto.

497 2091 558 2118 121.
580 2091 618 2118 De
636 2091 755 2119 muliere.

269 2144 353 2178 Mare,
378 2144 448 2180 ignis
460 2149 487 2172 ct
508 2146 606 2172 mulier
616 2151 679 2173 sunt
691 2146 761 2173 mala
777 2146 840 2173 tria.
854 2145 911 2181 Ego
926 2151 1016 2174 autetn

235 2189 296 2216 dico
308 2189 424 2224 primum
443 2189 575 2216 malorum
591 2191 689 2217 malam
714 2190 858 2217 mulierem
886 2198 958 2222 esse,
971 2190 1019 2218 sed

236 2234 355 2262 vicissim
372 2234 443 2261 bona
462 2235 528 2262 nihil
545 2243 605 2262 esse
624 2236 759 2264 meliusin
775 2236 888 2263 mundo.

604 2288 662 2316 122.

271 2342 408 2369 llahebam
428 2343 596 2377 voluptatum
616 2343 699 2370 latum
717 2343 862 2378 quemdam
875 2350 1015 2378 campum,

236 2389 338 2420 videre,
349 2388 502 2421 comedere,
518 2388 610 2416 bibere
625 2394 652 2416 et
665 2389 794 2416 delectari
807 2394 899 2415 cantu.
911 2389 963 2416 Sed
977 2389 1021 2416 ubi

236 2441 335 2468 purum
363 2434 416 2461 vidi
445 2435 574 2468 templum
600 2434 730 2469 Virginis,
755 2435 879 2462 medium
913 2435 1022 2462 calcare

236 2480 380 2514 splendens
398 2482 497 2508 malum
514 2485 590 2508 ratus
599 2489 670 2508 sum.

427 2535 488 2563 1‘25.
510 2535 542 2562 lu
553 2534 687 2562 carnalem
698 2543 826 2562 amorem.

271 2588 300 2615 Si
315 2588 369 2624 igni
391 2589 552 2616 alimentum
572 2589 661 2622 ignem
687 2589 802 2623 praebes,
829 2589 915 2615 multo
934 2587 1021 2623 magis

236 2633 401 2665 incenditur,
413 2634 435 2661 si
452 2638 542 2661 autem
554 2634 639 2661 amori
661 2636 762 2667 carnis,
774 2634 897 2661 divinuut
916 2633 1017 2661 restin-

237 2679 307 2714 guis.

271 2724 354 2751 Antor
378 2732 468 2752 szevus
491 2725 613 2753 oltemcat
635 2726 702 2752 mihi
732 2731 866 2759 mentem;
892 2726 938 2754 sed
956 2731 1018 2754 Inus

237 2775 280 2795 me
295 2768 430 2796 illuminat
442 2777 528 2803 amor,
545 2771 653 2799 Christe
667 2771 714 2798 mi.

275 2857 295 2872 “
311 2857 377 2884 Cod.
393 2858 512 2892 ἡδωνῶν.

855 175 1013 206 IOANNIS
1027 174 1243 204 GEOMETIl/E

1026 233 1046 260 Α
1062 229 1171 264 Κόσμος
1187 228 1337 261 δυναστῶν,
1352 227 1454 260 τάξεων
1471 226 1618 262 εὐρυθμία,

1793 169 1847 200 056

1063 275 1124 301 Τῶν
1140 273 1245 309 ἀρετῶν
1260 273 1442 308 πρόγραμμα,
1455 273 1508 299 τῶν
1523 272 1614 299 καλῶν
1632 272 1705 306 ὅρος,

1068 321 1177 356 Ῥώμης
1191 321 1222 347 τὺ
1238 320 1348 353 κάλλος,
1359 320 1424 352 δόξα
1434 319 1488 346 τῶν
1507 319 1670 354 πατρικίων,

1063 366 1119 400 Τὴν
1133 366 1266 401 κοσμικὴν
1280 365 1411 399 σύγχυσιν
1424 365 1461 396 ὡς
1472 364 1542 399 ἔγνω
1554 364 1648 397 πάλιν,

1070 410 1204 445 ’Λπῆλθεν
1218 411 1299 442 εὐθὺς
1312 411 1325 437 ό
1337 410 1439 444 γλυκὺς
1454 411 1669 443 Κωνσταντίνος,

1071 456 1146 484 Ἰδεῖν
1159 457 1194 483 τὰ
1212 456 1300 492 πικρὰ
1321 457 1358 490 μὴ
1373 456 1489 491 θελήσας
1509 455 1556 481 τοῦ
1574 455 1644 490 βίου.

1253 517 1319 550 ρκε’.
1336 514 1386 546 Εἰς
1401 513 1458 547 τὴν
1473 513 1654 548 ἀποδημίαν.

1071 570 1114 596 'Ev
1129 569 1195 604 μηνὶ
1207 569 1319 604 Δύστρῳ
1335 568 1383 604 τὴν
1396 567 1532 600 Βύζαντος
1545 569 1637 595 ἑστίαν

1065 615 1168 647 Λιπὼν,
1189 614 1294 641 ἐλαύνω
1307 614 1376 649 πρὸς
1397 613 1473 640 πόλιν
1492 613 1653 648 Σηλυϐρίας.

1065 660 1264 695 Στιλὸουμένην
1278 659 1333 695 γὰρ
1351 660 1414 694 ἄρτι
1432 660 1568 695 ῥομφαίαν
1581 659 1698 693 βλέπων,

1066 706 1121 732 Καὶ
1138 706 1256 740 συγγενῆ
1272 705 1411 741 μάχαιραν
1425 705 1620 740 ἀγριουμὲνην,

1066 751 1120 777 Καὶ
1134 751 1272 786 θηριῶσαν
1289 751 1338 785 τὴν
1363 751 1449 786 Ἐῲαν
1459 751 1528 786 πρὸς
1541 751 1649 785 φόνους,

1066 797 1120 823 Καὶ
1134 797 1214 831 γνοὺς
1225 796 1284 823 κατ’
1296 797 1363 824 ἄστυ
1381 797 1428 823 καὶ
1442 797 1609 831 στεναγμοὺς
1623 797 1669 823 καὶ
1681 796 1779 831 δάκρυ,

1071 843 1115 874 Ὠς
1134 843 1174 874 εἰς
1191 842 1311 877 γαλήνην
1326 842 1439 868 ἔϐλεπον
1454 842 1504 877 τὴν
1523 842 1670 876 Ἑσπέραν.

1030 890 1052 920 Β
1066 888 1150 915 Οὓπω
1160 888 1267 923 διῆλθον
1280 889 1328 923 τῆς
1340 889 1441 923 ἀθύρου
1456 888 1486 914 τὸ
1503 889 1602 923 στόμα,

1065 935 1126 961 Τῶν
1147 935 1271 970 ’Λμαλὴκ
1284 934 1340 969 ὁρῶ
1351 934 1454 968 πλῆθος
1469 935 1652 970 ἠγριωμένον,

1071 981 1296 1012 Ὀδοστατοῦντας
1310 981 1373 1011 τοὺς
1384 980 1474 1012 tam;
1491 981 1624 1014 ἐκτόπως,

1066 1027 1191 1061 Τροφῶν,
1209 1027 1343 1062 πενήτων,
1360 1026 1488 1062 ἁρπαγὴν
1504 1027 1549 1053 καὶ
1565 1028 1727 1062 χρημάτων.

1072 1072 1199 1106 Ἀνδρῶν,
1216 1071 1354 1106 γυναικῶν
1369 1071 1507 1102 κωκυτοὺς
1523 1073 1570 1098 καὶ
1588 1071 1714 1103 παιδίων,

1066 1117 1121 1143 Καὶ
1133 1116 1282 1151 παρθένους
1298 1117 1399 1150 σεμνάς
1415 1125 1445 1143 τε
1461 1117 1508 1143 καὶ
1523 1116 1727 1152 μελαμφόρους,

1067 1162 1269 1197 Γυμνουμένας,
1287 1161 1356 1195 φεῦῐ
1372 1163 1466 1196 χεῖρας
1480 1162 1612 1196 αἰρούσας
1630 1163 1698 1194 ἄνω,

1066 1208 1121 1234 Kal.
1135 1207 1185 1242 τὴν
1197 1207 1304 1242 ὁρῶσαν
1321 1207 1550 1242 μαρτυρουμένας
1569 1208 1660 1242 δίκην.

1066 1253 1185 1281 Τοιαῦτα
1200 1261 1245 1288 μοι
1261 1252 1295 1279 τὰ
1308 1253 1403 1288 πρῶτα
1417 1254 1467 1288 τῆς
1481 1253 1627 1288 ἐκδημίας.

1067 1299 1138 1333 ’Πδη
1151 1299 1181 1325 δὲ
1196 1298 1291 1334 πόρῤω
1305 1298 1350 1325 τὸν
1366 1298 1466 1333 δρόμον
1482 1299 1657 1334 ποιουμένου,

1067 1344 1187 1378 Πρᾶγμα
1202 1343 1362 1378 στεναγμῶν
1377 1343 1451 1374 ἄξιον
1468 1343 1516 1369 καὶ
1530 1342 1666 1378 δακρύων,

1071 1389 1142 1424 Ὧρῶ
1159 1389 1289 1424 ραγείσας
1302 1390 1350 1420 τὰς
1366 1388 1487 1424 ἀρούρας
1501 1389 1541 1420 εἰς
1555 1388 1647 1423 βάθος,

1066 1434 1171 1468 Λῦχμῷ
1190 1433 1324 1468 χανούσας
1342 1434 1389 1460 καὶ
1400 1433 1548 1464 διαστάσας
1568 1434 1642 1464 ὅλας.

1066 1479 1136 1510 Τοὺς
1148 1479 1271 1513 ἀστάχυς
1286 1478 1394 1513 ὠχροὺς
1409 1479 1439 1504 δὲ
1449 1479 1495 1504 καὶ
1509 1478 1687 1512 κεκλιμένους

1066 1524 1190 1559 Νεκροὺς
1208 1524 1366 1559 καθώσπερ,
1387 1524 1503 1559 πάμπαν
1519 1523 1726 1556 ἑκλελοιπότας¹

1215 1612 1276 1639 124.
1292 1611 1326 1639 1η
1343 1611 1547 1640 Constantinum
1568 1621 1585 1639 a
1600 1621 1700 1639 meum.

1101 1666 1192 1694 Terra:
1203 1666 1297 1699 decus.
1316 1667 1409 1695 suavis
1423 1667 1631 1701 Constantinus,
1645 1667 1689 1694 hic
1703 1668 1787 1703 jacet,
1802 1669 1854 1696 hcu

1067 1713 1202 1748 quantus!
1223 1720 1300 1740 mens
1314 1713 1430 1747 quanta!

1105 1758 1258 1792 l‘anperum
1277 1766 1382 1790 mensa,
1410 1759 1604 1793 imperatorum
1626 1759 1726 1794 fulgor,
1749 1761 1854 1794 prim-i-

1068 1812 1133 1839 pum
1157 1804 1250 1835 decus,
1270 1804 1398 1831 ordinum
1427 1805 1580 1836 harmonia,
1604 1805 1735 1832 virtutum
1760 1813 1855 1832 exem-

1069 1850 1137 1884 plar,
1155 1850 1289 1877 bonorum
1309 1851 1397 1881 sedes.
1420 1850 1515 1878 Romae
1529 1855 1734 1882 ornamentum,
1769 1851 1855 1886 gloria

1069 1894 1256 1928 patriciorum.
1273 1895 1366 1922 mutuli
1383 1895 1527 1922 tumultum
1541 1899 1571 1922 ut.
1590 1895 1688 1922 iterum
1704 1896 1781 1927 vidit,
1799 1902 1854 1923 Sla-

1070 1940 1117 1967 tim
1135 1939 1203 1966 abiit
1216 1939 1309 1967 suavis
1337 1940 1546 1972 Constantinus,
1571 1941 1663 1968 videre
1678 1942 1773 1968 nolens
1793 1941 1856 1968 vita:

1069 1986 1275 2014 amaritudines.

1262 2031 1323 2059 125.
1341 2030 1374 2057 In
1387 2039 1519 2066 egressum
1530 2039 1544 2058 e
1562 2032 1661 2066 patria.

1102 2086 1131 2113 In
1148 2094 1241 2114 mense
1253 2086 1350 2121 Dystro
1369 2085 1491 2120 Byzantii
1505 2085 1596 2113 sedem
1613 2087 1752 2121 linquens.
1770 2094 1853 2122 pergo

1069 2131 1103 2158 ad
1119 2132 1213 2159 urbem
1239 2131 1402 2166 Selybriam.
1429 2130 1627 2158 Seintillantem
1644 2131 1714 2159 enim
1729 2136 1794 2159 tunc
1812 2133 1851 2158 vi-

1069 2177 1138 2204 dens
1150 2176 1267 2211 gladium
1284 2180 1310 2203 et
1335 2175 1476 2203 eth-ratum
1498 2183 1604 2208 ensem,
1625 2181 1652 2203 et
1672 2176 1804 2203 orientem
1822 2177 1855 2203 ad

1071 2231 1152 2250 neces
1173 2227 1307 2255 ruentem,
1327 2227 1354 2249 et
1363 2222 1498 2249 clamores
1516 2222 1541 2248 in
1555 2222 1666 2249 civitate
1688 2226 1716 2249 et
1735 2222 1856 2257 gemitus

1035 2274 1060 2304 υ
1072 2273 1099 2294 et
1112 2267 1256 2301 lacrymas,
1274 2271 1303 2293 ut
1320 2266 1346 2293 in
1362 2266 1508 2293 serenitate
1519 2266 1664 2293 cernebam
1676 2267 1855 2294 occidentem.

1070 2312 1196 2340 Nondum
1210 2312 1371 2339 transieram
1385 2319 1417 2339 os
1429 2312 1529 2346 ntltyri,
1545 2311 1624 2338 video
1639 2311 1852 2339 Amalecitarum

1071 2357 1273 2385 multitudinem
1289 2357 1441 2389 ell'eratam,
1458 2357 1579 2384 viatores
1595 2357 1763 2384 detinenlem
1783 2358 1856 2385 inso-

1072 2403 1131 2435 lite,
1148 2403 1282 2435 ciborum,
1299 2410 1449 2438 pauperum
1466 2407 1494 2430 et
1509 2403 1717 2437 possessionum
1743 2403 1858 2438 ereptio-

1073 2456 1146 2482 nem,
1170 2448 1305 2479 virorum.
1338 2448 1483 2475 mulierum
1507 2454 1535 2475 et
1558 2455 1704 2482 puerorum
1727 2449 1857 2480 lamenta,

1074 2495 1195 2530 virgines
1210 2494 1316 2522 nobiles
1331 2499 1358 2522 et
1376 2495 1549 2526 obscuratas,
1563 2495 1688 2527 uudatas,
1711 2495 1781 2522 heu!
1800 2502 1858 2521 ma-

1074 2549 1126 2568 nus
1154 2548 1264 2568 sursum
1301 2541 1438 2572 tollentes,
1472 2546 1499 2568 ct
1525 2540 1660 2575 justitiam
1697 2545 1856 2568 cernentem

1071 2591 1241 2614 attestantes.
1263 2585 1340 2613 Talia
1373 2586 1484 2614 fuerunt
1513 2587 1580 2613 mihi
1608 2593 1736 2621 egressus
1766 2587 1856 2613 initia.

1071 2633 1131 2660 Jam
1147 2637 1236 2660 autem
1253 2633 1333 2668 longe
1357 2640 1420 2660 cum
1443 2640 1556 2660 cursum
1582 2632 1785 2667 produxissem,
1802 2640 1857 2659 rem

1071 2679 1216 2714 gentilibus
1245 2684 1272 2706 et
1284 2678 1411 2714 laerymis
1439 2679 1548 2714 dignam
1574 2679 1688 2713 aspicio.
1703 2686 1815 2713 campos
1831 2679 1857 2705 in

1074 2725 1218 2758 voragines
1233 2725 1367 2752 violenter
1389 2732 1548 2756 conversos,
1572 2724 1688 2758 turpiter
1705 2724 1814 2751 hiantes
1829 2728 1858 2751 et

1073 2771 1184 2798 omnino
1198 2771 1372 2802 dilaceratus,
1388 2771 1478 2805 spicas
1503 2770 1638 2798 marcidas
1655 2774 1682 2798 ct
1697 2770 1854 2802 inclinatas,
