2082 3157
200 172 252 206 957

201 230 234 256 οι
246 229 269 256 δ’
286 229 401 264 ἀγρόται
416 228 564 259 κύπτοντες
577 229 615 260 εἰς
631 229 681 262 γῆν
699 229 727 254 ὲν
741 235 842 259 πόνοις,

203 275 321 302 ὐλωλεν
336 274 423 307 ἐλπὶς,
439 274 543 309 οἴχεται
564 275 610 300 καὶ
623 275 677 305 τεᾶς
694 274 784 305 πόνος,

204 322 342 355 Ἐφασκον
351 328 358 335 '
375 320 450 347 οὐδὲν
462 321 552 354 χεῖρες
564 319 775 355 ἐκτετριμμέναι

205 368 324 394 "ﬂ.qu
342 364 437 393 αὗται·
457 366 544 392 πάντα
560 367 611 400 ῥεῖ,
627 367 715 392 πάντα
735 365 842 400 φλέγει·

202 412 295 444 Καλὰς
310 412 359 446 μὲν
373 412 438 446 ἡμῖν
451 411 517 446 ὴφίη
530 411 578 442 τὰς
598 411 708 442 ἐλπίδας
720 419 727 426 ·

202 458 322 484 Δέδωκεν
336 457 423 492 ἀρχήν
436 464 442 471 ”
456 457 522 483 ἀλλὰ
538 457 585 491 τὴν
598 457 714 491 βλάστην
725 457 776 490 ὅρα

209 502 371 537 Ἀνομσρίας
386 502 512 536 μάστιξιν
526 501 743 536 ὲκτετμημένην.

202 550 250 580 Τίς
264 549 311 575 καὶ
322 548 442 582 παρόντα
458 548 512 574 τῶν
528 547 616 582 χρεῶν
629 547 705 573 λύσει
722 547 791 581 βάρη
803 555 809 578 ;

201 594 248 625 Τίς
264 593 310 620 καὶ
325 593 457 627 γυναῖκας
469 594 508 624 εἰς
523 592 553 618 τὸ
575 592 670 626 μέλλον
684 592 730 618 καὶ
744 591 826 617 τέκνα

201 639 313 674 Θρέψει,
331 639 431 673 φόρους
445 638 542 669 ἄλλους
556 646 585 664 τε.
599 639 647 664 καὶ
662 637 833 673 λειτουργίας

201 686 241 720 Τῇ
257 685 394 720 Καίσαρος
407 684 455 719 δῷ,
472 685 520 711 καὶ
538 683 569 710 τὺ
584 684 639 710 πᾶν
651 683 811 718 ὲξαρκέσει;

201 731 258 756 οὐκ
268 729 342 756 ἐστιν
354 729 451 760 οὐδείς.
469 728 550 755 Ἀλλὰ
561 728 664 763 χαίνεις
680 729 718 758 εἰς
736 728 795 754 δέον
809 735 815 742 ·

207 776 238 801 Ἡ
248 774 293 809 γῆ,
313 774 399 809 δέχοιο
412 774 498 801 τοῖσδε
513 775 561 801 σὺν
577 775 631 806 τοῖς
648 774 744 809 ληΐοις,

208 821 295 856 Ἠμᾶς
311 820 433 851 ἑκόντας.
447 821 484 847 Οὐ
498 819 633 855 μενοῦμεν
645 820 684 852 εἰς
695 820 792 854 χρόνον

201 866 282 902 Λιμῷ
300 867 428 901 τακῆναι,
444 866 577 901 σύντομον
591 866 666 892 ποθῶ
685 866 771 898 τέλος.

201 913 278 941 Οὕτω
290 912 432 948 γεμισθεὶς
448 912 564 946 Θλίψεων
577 912 624 938 καὶ
634 911 758 945 δακρύων

201 958 252 984 Τὸν
266 957 349 992 ἀγρὸν
364 953 436 991 εἶχον
451 957 490 988 εἰς
502 957 655 991 ὑπόμνησιν
676 957 777 987 πόνων,

201 1003 255 1030 Καὶ
265 1003 379 1038 τερπνὸν
393 1002 468 1029 οὐδὲν
483 1002 532 1037 τὴν
547 1003 616 1037 ἐμὴν
636 1002 730 1035 θέλγον
745 1001 840 1036 φρένα.

199 1047 256 1074 οὐκ
269 1047 349 1078 ἄνθος
360 1044 441 1079 εἷδον,
456 1046 513 1073 ἀλλ’
530 1047 650 1078 ἀκάνθας
665 1047 711 1073 καὶ
724 1047 787 1082 βέλη
799 1054 805 1061 ”

199 1091 236 1117 οὐ
254 1090 383 1126 μουσικὸν
397 1091 520 1125 τέττιγες
533 1088 595 1127 ᾖδόν
616 1100 661 1126 μοι
674 1091 764 1125 μέλος,

199 1136 321 1171 Τραυλὺν
336 1135 458 1171 χελιδὼν,
479 1136 571 1169 ξουθὸν
587 1136 736 1171 ἀηδονῐδες,

198 1182 239 1208 Τὰ
257 1182 345 1208 πάντα
361 1181 457 1213 πένθος
472 1181 554 1217 εἶχεν.
570 1182 626 1208 Οὔκ
645 1181 830 1217 ἀργυρόχρηυς

200 1227 295 1263 Ἐῤῥει
311 1227 421 1262 διειδὴς,
437 1226 546 1261 κοῦφος,
566 1227 674 1262 ἦῗιστος
691 1227 761 1261 μάλα
781 1227 804 1242 ⁸⁸

198 1273 293 1308 Κρήνη
308 1273 400 1307 ψυχρά
410 1281 451 1304 τις
464 1272 577 1307 λουτρὸν
593 1273 640 1308 ἡδὺ
655 1273 702 1299 καὶ
718 1273 805 1308 πόμα,

198 1318 254 1344 Καὶ
266 1318 403 1352 γλαφυρόν
418 1328 444 1344 τι
459 1318 716 1353 συγκελαρῤύζουσά
732 1327 777 1354 μοι

198 1364 244 1396 Εἰς
258 1364 340 1391 ὕπνον
355 1364 421 1399 ἡδὺν
432 1362 483 1399 ἦγε
497 1364 742 1400 προσκεκλιμένον.

197 1411 235 1436 Οὐ
250 1410 375 1445 μαλθακή
389 1419 431 1441 τις
442 1411 489 1437 καὶ
501 1410 648 1445 χλοηφόρος
665 1409 718 1436 πόα

197 1454 347 1490 Στρωμνὴν
362 1455 492 1489 παρεῖχεν
504 1454 624 1486 εὔθετον,
640 1454 722 1480 πόνου
738 1454 809 1488 δίχα.

197 1501 252 1535 Τῆς
265 1501 317 1536 γῆς
331 1501 345 1527 ό
360 1500 462 1535 κόσμος
478 1497 513 1535 ἦν
531 1500 590 1531 ὅλος
602 1500 783 1534 κεκαρμένος,

203 1546 248 1578 Ὧς
262 1546 408 1581 βόστρυχόν
421 1554 462 1578 τις
477 1545 589 1580 ἐξέκοψε
600 1546 648 1581 τὴν
659 1545 751 1580 χλόην,

848 172 1019 203 CARMINA
1036 171 1160 202 VARIA.

999 231 1019 258 Α
1036 228 1157 262 Δένδρων
1169 226 1202 252 τὰ
1217 225 1315 259 φύλλα,
1328 226 1381 251 πᾶν
1399 224 1429 251 τὸ
1443 224 1538 256 κᾶλλος
1553 223 1665 251 ἀνθέων.

1766 168 1819 200 958

1037 271 1230 307 Μεσημσρινὺν
1241 271 1296 306 γὰρ
1316 269 1429 306 σφοδρὸν
1443 270 1518 306 ἥλιος
1532 270 1649 305 βλέπων,

1037 319 1092 346 Καὶ
1108 320 1167 349 ταῖς
1179 317 1304 353 ἀνίκμοις
1316 317 1362 343 καὶ
1377 316 1614 351 κατεξηραμέναις

1036 365 1144 391 Βάλλων
1161 363 1289 398 ἀρούραις
1302 362 1448 397 ὲξετέφρου
1462 363 1509 389 καὶ
1521 362 1623 393 λίθους.

1040 411 1070 436 '0
1083 410 1105 436 δ’
1124 409 1236 443 οὐρανὸς
1250 408 1407 443 πάγχαλκος
1419 407 1642 441 ἠνθρακωμένος,

1035 454 1272 489 Σπινθηρακὼδεις
1285 454 1321 485 ὠς
1333 453 1494 487 κεραυνίους
1507 453 1609 486 φλόγας

1036 502 1076 528 Τὰ
1090 501 1173 535 συχνὰ
1191 500 1309 534 πέμπων
1320 498 1442 533 ἀστέρων
1454 499 1606 533 ὲξόιλματα.

1035 548 1072 574 Οὐ
1084 547 1216 573 Σκυθικὸν
1232 546 1287 581 πῦρ
1303 545 1399 579 gela-{2
1417 545 1466 580 τὴν
1486 545 1632 580 Ἑσπέραν,

1041 593 1111 619 Ἀλλ’
1125 591 1240 627 οὐρανοῦ
1256 591 1312 626 πῦρ
1324 592 1370 617 καὶ
1388 591 1506 625 Πρόνοια
1521 590 1568 616 καὶ
1585 590 1659 625 δίκη,

1035 636 1262 672 Κατεμπιπρῶσα
1275 636 1322 671 τὴν
1339 636 1498 670 μιανθεῖσαν
1515 635 1598 669 χθόνα
1609 643 1616 650 ·

1033 683 1143 714 Φθόνοις
1159 682 1300 716 ἀθέσμοις,
1315 682 1462 716 ἁρπαγαῖς,
1475 680 1634 716 λῃστηρίοις

1035 730 1147 764 ’Όρκοις
1160 729 1297 763 ματαίοις,
1313 727 1402 762 μίξεσι
1421 726 1605 761 ξενοτρόποις,

1039 774 1257 811 ’Λρῤητοποιίαις
1271 782 1300 799 τε
1315 774 1362 799 καὶ
1378 773 1492 804 πλοκαῖς
1504 772 1599 800 δόλων.

1033 821 1111 847 Οὕτω
1128 820 1289 854 σκυθρωπὸς
1301 819 1347 845 κοιλ¹
1364 818 1636 853 κατεστυγνασμένος

1035 865 1118 899 Ὅλην
1133 864 1244 891 διελθὼν
1257 864 1308 898 τῆς
1318 864 1433 899 σελήνης
1444 864 1551 895 εἰκάδα,

999 896 1019 923 Β
1039 896 1236 946 Ὑποστρέφειν
1248 896 1354 944 ἔγνωκα
1368 896 1436 945 προς
1449 909 1498 944 τὴν
1512 910 1638 945 πατρίδα,

1033 956 1134 991 Φόρτον
1150 955 1270 990 κομίζων
1292 955 1439 989 συμφορῶν
1452 964 1482 981 τε
1498 956 1546 981 καὶ
1559 955 1659 982 πόνων.

1034 1002 1131 1033 Τεινας
1144 1001 1173 1028 δὲ
1191 1001 1238 1027 τδν
1255 1000 1316 1026 νοῦν
1331 1001 1378 1026 καὶ
1394 999 1644 1039 συνεσκευασμένος

1036 1048 1159 1073 Ἤκουσα
1173 1046 1265 1073 καινά.
1284 1046 1342 1080 Πῦρ
1359 1046 1532 1081 μεῆμὸρίας
1547 1046 1633 1081 μέσης

1033 1091 1143 1123 Καινῶς
1157 1091 1277 1125 ἀναφθὲν
1291 1092 1320 1117 ὲν
1334 1092 1403 1126 μέσῃ
1420 1092 1452 1126 τῇ
1470 1091 1593 1126 πατρίδι,

1033 1136 1143 1171 Mucin
1161 1136 1270 1169 ἐλέγξαι
1286 1136 1332 1161 καὶ
1351 1135 1474 1170 Σοδόμων
1487 1135 1536 1170 τὴν
1549 1135 1638 1171 δίκην.

1035 1182 1072 1208 Οὺ
1086 1181 1139 1216 γὰρ
1154 1180 1276 1212 καλύϐας
1293 1180 1416 1216 ἀγροτῶν
1426 1181 1481 1207 οὐδ’
1497 1181 1628 1216 ἀγρότας,

1035 1226 1072 1252 Οὐ
1090 1226 1184 1260 δένδρα
1196 1225 1243 1251 καὶ
1257 1225 1320 1260 χοῦν
1332 1225 1392 1251 οὐδὲ
1409 1225 1457 1251 καὶ
1470 1225 1566 1259 κώμας
1577 1226 1623 1252 δύο

1033 1271 1069 1297 Τὸ
1085 1270 1170 1297 δεινὸν
1184 1269 1341 1305 ὲξέτρωξεν,
1357 1269 1380 1296 ὦ
1400 1270 1484 1305 φρίκη
1499 1270 1592 1305 δίκηςι

1041 1316 1110 1342 Ἀλλ’
1126 1315 1225 1350 ἄνδρας
1237 1314 1267 1341 εὖ
1280 1315 1434 1350 τραφέντας
1448 1315 1476 1341 εὖ
1491 1316 1658 1350 πεφυκότας,

1034 1361 1144 1393 Παῖδας,
1159 1361 1259 1396 βρέφη,
1273 1362 1416 1394 γυναῖκας,
1433 1361 1550 1396 ὡραίους
1563 1361 1648 1393 νέοι-ς,

1033 1407 1131 1438 Οἴκους
1147 1406 1304 1441 μεγίστους,
1316 1407 1484 1439 παγκάλους.
1499 1407 1712 1442 πλουτοφόρους,

1033 1453 1171 1479 Κάλλιστα
1188 1452 1258 1478 ναῶν
1275 1453 1321 1478 καὶ
1337 1452 1454 1487 μέγιστα
1471 1452 1569 1487 χωρία,

1032 1498 1121 1532 Σκεὺη
1133 1506 1162 1524 τε
1178 1497 1277 1533 χρυσᾶ,
1291 1498 1480 1532 χρυσόπαστον
1493 1497 1647 1533 πορφύραν,

1034 1544 1184 1578 Ἠλεκτρον
1199 1542 1291 1578 ἄρδην,
1310 1542 1390 1576 ὖγκον
1404 1543 1623 1578 ἀργυρωμάτων,

198 1638 229 1661 ut
252 1637 385 1665 mortuas,
397 1637 425 1660 et
439 1633 551 1661 mnuino
564 1634 719 1661 derelictas.
738 1631 871 1667 Agricola:
890 1635 982 1660 autem
997 1635 1019 1664 α
1036 1636 1095 1660 lens
1117 1631 1221 1666 lapides
1237 1631 1320 1659 etiam
1341 1631 1521 1659 incinerabat.
1547 1631 1652 1659 Coalum
1668 1636 1756 1659 autem
1779 1641 1817 1660 tes

198 1686 254 1713 prae
279 1679 373 1705 dolore
399 1679 427 1705 in
459 1682 558 1705 terram
590 1679 762 1712 aspicientes,
789 1677 872 1705 Periit
907 1685 981 1712 spes,

199 1723 290 1750 interit
303 1722 392 1749 omnis
412 1722 500 1755 labor,
525 1722 686 1757 inquiebant
701 1730 708 1749 :
723 1721 789 1748 nihil
805 1729 902 1749 manus
922 1722 982 1750 ista:

197 1769 340 1804 perfracta:
368 1768 556 1801 obtinuerunt,
574 1768 665 1796 omnia
689 1767 787 1800 ﬂuunt,
807 1768 899 1795 omnia
922 1775 982 1796 ere-

197 1819 322 1847 mantur;
341 1813 470 1848 pulchras
484 1813 592 1848 quidem
611 1813 691 1840 nobis
702 1820 764 1847 sprs
780 1813 873 1844 dabat,
903 1812 981 1840 initia

197 1856 279 1890 dedit,
291 1857 338 1884 sed
350 1863 468 1884 messem
477 1857 538 1884 vide
548 1857 683 1884 ariditatis
693 1856 807 1892 ﬂagellis
821 1862 980 1884 resecatam.

196 1901 265 1936 Quis
285 1910 405 1937 praesens
426 1902 579 1930 debitorum
595 1910 665 1930 onus
681 1902 787 1930 solvet?
804 1903 867 1937 quis
881 1907 908 1930 et
926 1910 983 1930 mu-

198 1947 277 1976 lieres
291 1953 318 1976 et
331 1949 431 1976 liberos
445 1948 472 1975 in
488 1949 607 1976 futurum
621 1949 734 1981 nutriet,
750 1949 850 1976 tributa
860 1954 886 1976 ct
903 1949 982 1976 mini-

198 1994 281 2021 steria
296 1994 413 2021 Caesaris
441 1994 502 2021 ﬁliae
522 1994 608 2026 dabit,
631 1999 658 2021 et
677 1995 752 2020 omni
780 1995 819 2021 rei
846 1994 983 2022 suﬂiciel?

197 2038 296 2066 Nullus
307 2042 359 2066 est.
375 2038 428 2067 Sed
441 2039 501 2067 hias
515 2048 529 2066 a
543 2040 696 2075 proposito,
715 2043 798 2071 terra,
813 2041 905 2074 accipe
919 2047 981 2067 cum

199 2085 275 2112 hisce
293 2085 430 2112 messibus
451 2093 501 2113 nos
512 2093 622 2120 quoque
637 2085 767 2113 volentes.
785 2084 845 2112 Non
859 2086 982 2113 sustine-

198 2130 289 2158 bimus
305 2130 421 2165 amplius
436 2129 506 2158 l‘ame
519 2131 654 2162 consumi,
667 2130 776 2159 brevem
788 2131 869 2166 cupio
886 2131 981 2158 tinem.

198 2175 236 2203 Ita
256 2176 441 2204 circumfusus
452 2176 526 2204 luctu
542 2181 569 2204 et
582 2176 711 2210 lacrymis
734 2176 826 2204 locum
845 2176 980 2203 habebam

199 2222 360 2250 recordandi
393 2223 510 2254 labores,
533 2227 561 2250 et
587 2222 656 2249 nihil
679 2221 831 2256 jucundum
861 2226 980 2249 mentem

199 2275 287 2295 meam
304 2269 456 2297 recreabat.
468 2268 577 2296 Florem
594 2275 647 2295 non
666 2268 803 2299 videbam,
820 2268 867 2294 sed
887 2267 981 2302 spinas

199 2317 226 2341 et
242 2314 370 2342 carduos.
392 2313 451 2342 Non
477 2314 612 2342 musicum
642 2313 709 2341 mihi
742 2313 842 2341 cicadae
868 2317 979 2340 cantum
998 2302 1019 2329 ο

199 2360 344 2393 sonabant,
368 2360 499 2395 garritum
534 2360 662 2392 hirundo,
690 2364 800 2387 acutum
833 2359 979 2392 lusciniae;

199 2405 290 2432 omnia
304 2406 395 2433 luctus
410 2405 537 2433 habebat.
550 2405 608 2432 Non
622 2409 767 2441 argenteus
791 2405 901 2436 ﬂuebat,
917 2405 979 2431 lim-

199 2451 594 2486 pidus,levis,jucundissimus
604 2450 706 2478 rivulus
715 2450 843 2485 frigidum
855 2450 980 2485 prmbeus

199 2497 326 2524 balneum
342 2502 368 2524 et
387 2501 492 2532 potutn,
509 2504 597 2531 neque
611 2503 694 2524 suave
706 2497 772 2523 mihi
791 2503 940 2523 susurrans
952 2495 979 2522 in

197 2543 304 2570 dulcem
317 2550 444 2570 somnum
461 2543 593 2570 invitabat
608 2543 792 2570 recubantem.
805 2542 863 2570 Non
892 2541 982 2568 mollis

197 2593 225 2615 et
237 2588 360 2615 viridans
378 2588 461 2615 herba
483 2587 571 2614 cubile
592 2587 727 2622 prmbebat
741 2593 803 2622 apte
817 2587 981 2622 dispositum

199 2634 302 2667 absque
324 2634 428 2660 labore.
451 2633 542 2660 Terrae
569 2633 649 2660 decor
669 2638 741 2661 totus
762 2638 820 2661 erat
847 2638 979 2664 vastatus,

199 2677 278 2711 quasi
294 2678 400 2704 locusta
418 2677 604 2705 devoravisset
619 2678 742 2710 herbam,
763 2678 892 2705 arborum
907 2677 982 2704 fron-

198 2722 257 2754 des,
282 2727 309 2750 ct
325 2721 421 2750 ﬂorum
454 2722 692 2758 pulchritudinem.
716 2722 782 2750 Nam
811 2722 980 2750 meridianos

199 2765 240 2794 sol
252 2767 388 2796 violentos
404 2768 506 2800 radios,
522 2768 602 2796 siccis
615 2774 641 2796 et
658 2768 741 2795 aridis
753 2769 857 2802 campis
880 2768 982 2796 immit-

235 2855 259 2871 "
274 2856 382 2890 Aliquid
398 2856 441 2884 hic
457 2857 568 2884 excidit.

1032 1683 1091 1706 erat
1116 1677 1247 1710 candens,
1271 1678 1399 1709 rulilans,
1433 1682 1464 1705 ut
1502 1677 1649 1704 fulmineas
1687 1677 1813 1706 ﬂammas

1033 1725 1144 1751 mittens
1164 1728 1302 1751 astrorum
1324 1723 1482 1751 innumeros
1502 1724 1598 1752 saltus.
1623 1723 1682 1750 Non
1700 1723 1818 1759 Scytha-

1032 1777 1092 1797 rum
1126 1769 1195 1804 ignis
1220 1769 1341 1796 incendit
1361 1769 1552 1801 occidentem,
1567 1769 1614 1797 sed
1644 1770 1706 1796 creli
1733 1770 1815 1805 ignis,

1032 1814 1200 1849 providentia
1216 1813 1358 1848 etjnstitia
1374 1817 1474 1840 terram
1493 1814 1659 1841 comburens
1673 1813 1815 1848 pollutam,

1032 1858 1102 1887 odiis
1112 1859 1232 1893 injustis,
1243 1858 1376 1893 raptibus,
1385 1858 1475 1891 furtis,
1485 1859 1814 1894 vanisjuribusjurandis,

1033 1904 1181 1939 illegitimis
1197 1904 1341 1939 coniugiis,
1354 1904 1617 1937 abominationibus,
1632 1909 1660 1932 et
1672 1905 1816 1932 fraudibus

1034 1950 1171 1978 dolorum.
1185 1949 1225 1976 Ita
1240 1957 1310 1984 a‘gre
1324 1950 1414 1977 ferens
1430 1955 1457 1977 et
1472 1954 1548 1977 torve
1558 1950 1694 1984 aspiciens
1706 1950 1816 1984 quando

1032 1996 1065 2023 ad
1079 1996 1149 2022 diem
1166 1995 1236 2022 lunae
1252 1995 1412 2029 vigesimam
1432 1995 1541 2025 deveni,
1561 1995 1662 2021 reverti
1682 1995 1764 2021 statui
1781 1995 1815 2021 ad

1033 2042 1161 2075 patriam,
1195 2048 1266 2068 onus
1292 2040 1383 2068 ferens
1410 2040 1597 2068 calamitatum
1622 2045 1650 2067 et
1679 2041 1816 2067 laborum.

1032 2086 1179 2121 Postquam
1194 2092 1284 2112 autem
1309 2090 1425 2112 mentem
1439 2091 1585 2113 exsecutus
1610 2087 1681 2112 viam
1700 2085 1816 2116 confeci.

1033 2139 1102 2159 nova
1122 2131 1223 2158 audivi.
1252 2130 1324 2166 lguis
1346 2130 1468 2158 meridiei
1495 2131 1605 2158 insolito
1626 2138 1701 2158 tnore
1717 2131 1818 2159 ardens

1033 2178 1061 2204 in
1075 2176 1163 2203 media
1191 2176 1288 2210 patria,
1319 2182 1430 2210 parvam
1460 2175 1616 2202 ostenderat
1634 2175 1816 2202 Sodomorum

1035 2221 1178 2248 ultionem.
1207 2220 1265 2247 Non
1297 2221 1370 2248 enim
1396 2220 1592 2255 campestrium
1616 2220 1734 2255 tuguria,
1761 2227 1816 2246 non

1034 2271 1201 2304 campestres
1218 2267 1303 2300 ipsos,
1330 2273 1383 2293 non
1409 2267 1535 2299 arbores,
1550 2273 1673 2298 arenam,
1691 2273 1744 2292 non
1760 2266 1815 2293 duo

1034 2313 1108 2340 vicos
1123 2303 1210 2340 salvus
1231 2312 1301 2346 ignis
1321 2303 1513 2344 devoraverat,
1535 2319 1552 2339 ο
1576 2311 1708 2339 terribilis
1728 2311 1815 2338 ultio!

1033 2359 1079 2386 sed
1100 2360 1174 2386 viros
1193 2359 1262 2386 bene
1276 2358 1406 2385 educatos
1429 2358 1497 2385 bene
1517 2362 1610 2390 natos,
1630 2365 1739 2392 pueros,
1756 2365 1818 2392 par-

1033 2405 1121 2437 vulos,
1141 2404 1279 2436 mulieres,
1299 2404 1424 2439 egregios
1452 2403 1577 2438 iuvenes,
1604 2403 1701 2432 domos
1725 2403 1814 2430 maxi-

1032 2458 1102 2481 mas.
1116 2450 1324 2485 pulcherrimas,
1339 2450 1500 2482 ditissimas,
1513 2450 1657 2484 magniﬁca
1669 2449 1769 2484 templa
1789 2453 1817 2476 ct

1034 2497 1182 2524 immensas
1199 2496 1289 2527 sedes,
1309 2503 1392 2522 aurea
1408 2495 1597 2530 supellcctilia,
1611 2499 1735 2522 auratam
1753 2501 1817 2528 pur-

1034 2549 1141 2576 puram,
1167 2541 1310 2572 electrum,
1330 2541 1430 2569 molem
1450 2545 1654 2576 argenteorum,
1682 2539 1816 2574 margari-

1037 2591 1125 2613 tarum
1161 2586 1391 2620 pulchritudinem
1434 2586 1621 2617 destruetam,
1662 2588 1815 2611 aromatum

1034 2629 1339 2659 incdnuucnsurabilem
1371 2631 1476 2666 copiam
1499 2631 1672 2665 vcstiumque
1696 2629 1814 2656 aliarum

1034 2683 1060 2706 et
1073 2678 1241 2710 divitiarum,
1261 2678 1399 2705 fructuum
1421 2677 1636 2705 innumerabiles
1659 2675 1813 2711 myriadum

1034 2724 1187 2758 myriades,
1200 2728 1227 2750 et
1245 2723 1346 2758 plumbi
1366 2724 1452 2750 maria
1476 2722 1628 2757 liquefacti,
1644 2726 1670 2749 ct
1684 2720 1818 2755 margari~

1035 2773 1123 2796 larum
1142 2768 1256 2796 nitorem
1275 2772 1478 2797 concrematam
1495 2777 1502 2795 :
1517 2767 1637 2795 nondum
1651 2765 1746 2793 omnia
1764 2764 1817 2792 dici
