2082 3157
253 172 307 204 959

251 229 309 257 Kal
327 231 478 267 μαργάρων
492 241 517 258 τι
537 231 634 264 κάλλος
649 232 828 269 ἐξῃρημένον,
858 262 863 267 ,

259 275 428 310 Ἀρωμάτων
443 285 473 303 τε
490 276 592 312 πλῆθος
607 277 637 303 οὑ
655 279 859 313 μετρουμένων,

257 317 338 354 Ἐσθη
343 320 436 354 μάτων
452 320 540 348 ἄλλων
553 329 583 347 τε
593 322 644 348 ’καὶ
658 321 879 358 πλουτισμάτων,

251 365 375 400 Καρπῶν
393 366 525 400 ἀπείρους
541 366 642 402 μυρίας
655 369 794 403 μυριάδων
804 377 812 385 ”

252 411 308 438 Καὶ
323 412 372 446 τῆς
390 411 516 447 μολίϐδου
529 413 580 447 τὴν
597 413 747 442 θαλασσίαν
762 416 852 452 χύσιν,

252 457 308 483 Καὶ
323 458 474 492 μαργάρων
491 458 540 495 τὴν
553 459 650 495 τέρψιν
667 461 884 499 ἡνθρακωμένην
896 471 904 478 ⁵

252 500 289 527 Οὖ
295 510 336 528 πω
351 503 381 528 τὸ
396 503 451 529 πᾶν
466 504 570 539 εῐρητο,
585 506 632 532 καὶ
646 506 718 542 λόγῳ
732 507 810 542 λόγος

251 547 376 583 Συνῆπτο
392 549 478 581 δεινὸς
496 551 569 586 ἄρτι,
587 551 634 578 καὶ
647 554 863 588 συμπτωμάτων

251 593 341 626 Πάθος
357 603 383 621 τι
401 595 515 628 πολλοὺς
527 600 739 633 συγκατασχείν,
753 601 801 626 καλ¹
815 601 903 636 τάφον

250 641 365 676 Obtrpr
378 643 503 677 γενέσθαι
518 645 568 679 τὴν
580 645 747 680 ἐνεγκοῦσαν
760 646 854 682 χθόνα.

250 687 341 720 Ποίοις
368 689 395 716 δὲ
411 689 503 717 λοιπὸν
516 690 622 725 ὄμμασι
634 692 685 727 τὴν
701 693 818 728 πατρίδα

250 735 402 768 θανοῦσαν,
420 735 508 770 εἷπον,
528 738 630 773 ὕψομαι
645 740 692 766 καὶ
707 740 848 775 κειμένην,

250 782 307 808 Καὶ
320 783 467 818 συμφορῶν
484 784 621 820 φέρουσαν
633 786 741 818 εικόνας
752 786 849 821 μόνον;

252 828 288 855 ἰι
302 830 359 861 πῶς
372 830 476 864 ἐνέγκω
486 831 583 864 κάλλος
597 833 792 868 ἠρημωμένον,

252 876 357 908 Κάλλος
369 877 496 905 τοσοῦτον
515 879 562 905 καὶ
583 879 617 906 τά
633 879 748 914 λείψανα
763 879 870 915 βλέπων

250 922 365 957 Νεκρῶν
378 923 485 951 ἀθάνων
500 924 542 957 ";
557 925 594 951 Οὐ
610 926 702 960 χανεῖν
716 934 761 960 μοι
773 925 823 960 τὴν
844 925 936 961 χθόνα,

250 968 307 994 Καὶ
321 968 354 1003 δὴ
369 968 492 1003 βαθεῖαν,
507 969 620 1006 εὔξομαι
636 971 795 1006 παραυτίκα
810 979 817 1002 ;

252 1014 288 1039 Ἦ
299 1013 357 1045 πῶς
374 1014 479 1042 ὐποὶσω
490 1016 536 1042 καὶ
548 1017 719 1052 στεναγμοὺς
733 1017 781 1044 καὶ
793 1017 873 1051 γόους

251 1057 328 1092 Πάθη
348 1067 377 1084 τε
390 1059 476 1086 πολλᾶ
487 1060 540 1087 τῶν
555 1060 640 1096 φίλων
656 1062 703 1088 καὶ
722 1061 845 1098 δάκρυα;

251 1103 329 1130 Οὕτω
348 1105 488 1139 μερισθεὶς
501 1105 547 1133 τὸν
560 1106 691 1142 λογισμὸν
705 1108 745 1139 εἰς
756 1108 814 1141 δύο,

256 1150 357 1186 Ἀγροῦ
375 1151 410 1178 τὰ
427 1152 515 1187 πικρὰ
532 1153 580 1179 καὶ
594 1153 630 1180 τὰ
642 1153 718 1181 δεινὰ
729 1154 869 1190 πατρίδος,

251 1195 345 1223 Ἦττω
361 1197 407 1224 τὸν
423 1198 509 1233 ἀγρὸν
520 1198 575 1225 τῶν
588 1199 680 1226 κακῶν
691 1199 770 1233 δόξας
780 1200 865 1235 ἔχειν,

256 1241 300 1273 Ὧς
316 1242 403 1270 ταῦτα
417 1244 534 1278 κρείττω
549 1244 596 1272 καὶ
610 1246 657 1273 τὸν
668 1245 754 1280 ἀγρὸν
766 1246 892 1282 εἱλόμην.

336 1300 411 1333 ρκς¹.
424 1297 476 1331 Είς
488 1298 559 1332 τοὺς
580 1299 780 1334 Ἑλληνικοὺς
789 1301 952 1337 πολέμους.

250 1352 347 1387 Μωροὶ
359 1352 395 1379 τὰ
409 1352 506 1387 πολλὰ,
522 1353 574 1380 κᾶν
588 1354 666 1388 σοφοὶ
683 1355 836 1389 πεφυκέναι

250 1397 383 1430 Δοκῶσιν,
395 1398 419 1425 oi
435 1399 487 1434 γῆς
506 1399 631 1431 Ἑλλάδος
645 1401 810 1435 πεφυκότες,

250 1444 282 1470 Οἳ
302 1443 449 1480 βαρὸάρων
463 1445 578 1480 ἀφέντες
590 1445 724 1481 ὲκφύλους
740 1447 832 1483 μάχας

249 1490 330 1518 Αὐτοὶ
344 1491 395 1518 καο
405 1491 411 1501 ‘
424 1492 514 1518 αὐτῶν
527 1492 684 1520 ἐσπάσαντο
696 1494 729 1520 τὰ
743 1494 817 1529 ξίφη.

444 1548 511 1583 ρκζκ
529 1549 582 1582 εις
594 1549 648 1576 τὸν
661 1548 851 1584 Ξενοφῶντα.

248 1599 420 1635 Ξενοφῶντος
433 1603 450 1639 ἡ
468 1603 578 1638 γλῶσσα
595 1603 692 1640 πρῶτα
705 1604 840 1640 ρητόρων,

887 176 1047 207 JOANNiS
1065 177 1282 211 GEOMETRE

1055 237 1082 268 Α
1094 236 1175 274 Ψυχὴ
1190 239 1219 265 δὲ
1232 240 1280 266 καὶ
1293 239 1354 271 νοῦς
1372 241 1467 275 πρῶτα
1477 241 1532 268 τῶν
1548 241 1713 276 φιλοσόφων.

1833 185 1886 216 960

1234 302 1307 338 ρκη’.
1328 304 1379 336 Εἰς
1395 303 1485 338 νέους
1504 305 1694 340 φιλοσόφους
1709 305 1743 333 ⁸⁷.

1092 367 1150 394 Οὐκ
1160 367 1235 395 ἐστιν
1248 368 1318 404 ἀνὴρ
1331 369 1360 401 ὃς
1379 369 1462 404 σοφός
1474 378 1481 386 ·
1503 369 1586 404 σοφὸς
1602 371 1625 397 δ’
1637 371 1713 403 οὔτις

1094 413 1189 445 Ὅστις
1206 413 1264 449 μετ’
1279 415 1384 450 ἀνδρῶν
1395 416 1501 443 ῐσταται
1512 425 1518 431 ·
1536 417 1616 452 καινὴ
1631 417 1706 452 μάχη

1093 458 1155 485 Τῶν
1175 459 1282 494 ἀρετῶν
1296 468 1303 475 ·
1318 459 1346 487 τὶ
1362 461 1435 496 φημὶ
1453 461 1476 488 δ’
1493 461 1574 493 αὐτὸς
1587 462 1625 494 ὡς
1645 461 1732 497 βραχύ
1744 471 1752 478 ·

1093 505 1125 533 El
1140 505 1195 538 πᾶς
1214 505 1306 541 σοφὸς,
1323 506 1408 539 δειλός
1420 516 1462 539 τις
1475 527 1483 540 ,
1505 508 1534 539 ὃς
1544 507 1633 540 δειλὸς
1649 509 1741 543 σοφός.

1323 573 1449 610 ρκθ¹-ρλ’.
1466 574 1519 607 Εὶς
1535 574 1657 601 ἑαυτόν.

1093 639 1219 666 ΠέπονΘσ.
1235 639 1322 673 δεινὰ,
1340 638 1410 675 πλὴν
1421 639 1525 671 δίκαια,
1540 640 1642 676 Χριστέ
1657 649 1720 675 μου,

1093 685 1219 713 Πέπονθα
1229 685 1315 718 δεινὰ,
1332 686 1403 721 πλὴν
1422 685 1497 721 ἐμῶν
1510 686 1584 721 ἥττω
1599 687 1704 714 κακῶν.

1093 732 1150 759 Οὐκ
1165 732 1222 759 ἐστι
1242 733 1323 768 ποινὴ
1340 732 1507 767 σφαλμάτων
1523 732 1597 769 ὲμῶν
1614 733 1670 767 ῐση.

1092 778 1214 814 Δαίμων,
1230 778 1319 810 νόσος,
1343 778 1477 814 μάχαιρα,
1492 778 1561 814 πῦρ,
1572 778 1658 814 λύμη.
1673 779 1780 812 σκότος,

1093 825 1243 859 Μάστιγες,
1261 824 1365 860 ὕϐρεις,
1380 824 1470 860 λιμὸς,
1486 824 1653 859 ἐμπαιγμδς,
1669 824 1768 859 γέλως,

1093 870 1134 897 Τὰ
1151 870 1254 906 φρικτὰ
1265 870 1356 897 πάντα
1369 870 1419 905 τῆς
1432 870 1539 897 ἐκεῖθεν
1554 870 1663 905 ἡμέρας

1058 933 1080 961 Β
1094 916 1217 948 Mulvio);
1230 915 1346 951 μένοντα
1359 923 1366 931 ·
1379 915 1436 951 πῦρ
1448 915 1538 950 φωτὸς
1549 915 1621 950 δίχα,

1094 961 1193 992 Σκότος
1208 961 1346 996 φλογίζον,
1362 961 1508 996 τάρταρος,
1525 961 1644 996 σκώληξ,
1661 960 1738 988 πόνοι

1095 1007 1222 1033 ’Ἃπαντα
1233 1006 1320 1033 ταῦτα
1330 1006 1386 1033 τῶν
1400 1005 1475 1041 ἐμῶν
1488 1006 1563 1041 ἥττω
1577 1005 1688 1033 κακῶν·

1094 1052 1182 1088 Στὴλῃ
1198 1052 1350 1088 γεγράφθω
1369 1051 1456 1079 ταῦτα
1474 1052 1555 1087 μέχρι
1568 1053 1616 1079 καὶ
1628 1052 1734 1085 τέλους,

1093 1098 1188 1125 Βοῶσα
1199 1098 1292 1133 μακρὰ
1305 1098 1372 1125 πᾶσι
1393 1098 1474 1133 μέχρι
1485 1097 1641 1133 τερμάτων,

1095 1144 1153 1172 Κᾶν
1166 1145 1221 1171 πᾶν
1235 1144 1366 1180 παρέλθοι
1376 1143 1467 1176 τοῦτο,
1481 1143 1568 1171 ταῦτα
1584 1143 1711 1170 σαλπίσει

1095 1191 1150 1217 Kal
1161 1191 1219 1221 τοῖς
1229 1189 1319 1217 ὲκεῖθε
1334 1190 1421 1222 πᾶσα,
1434 1189 1472 1220 ὡς
1485 1190 1552 1216 πᾶσι
1567 1190 1655 1225 μόνοςι

1093 1236 1170 1264 Νικῶ
1186 1237 1280 1268 κακοῖς
1294 1235 1412 1263 ἅπαντα.
1429 1235 1502 1271 Πλὴν
1519 1235 1577 1269 σοῦ,
1593 1236 1695 1271 Χριστέ
1711 1245 1775 1272 μου,

1093 1283 1182 1309 Μόνον
1198 1290 1233 1318 με
1249 1282 1313 1317 νικᾷ
1329 1282 1375 1309 σὺν
1387 1280 1506 1316 πέλαγος
1517 1281 1677 1318 θαυμάτων,

1094 1329 1304 1364 Εὑσπλαγχνεας
1314 1327 1434 1360 ἄϐυσσος
1445 1328 1476 1355 οὒ
1492 1329 1675 1364 μετρουμένη,

1093 1374 1200 1400 Οἴκτων
1228 1373 1368 1409 ἀείρῤοιις,
1384 1372 1495 1408 δωρεῶν
1510 1373 1632 1409 ἀπειρία.

1215 1441 1281 1476 ρλα.
1299 1441 1351 1474 Εἰς
1363 1440 1422 1475 τὴν
1445 1441 1594 1473 ,βασιλίδα
1620 1440 1759 1475 Ἑλένην.

1093 1510 1218 1545 Κρύπτει
1233 1508 1360 1545 σελήνην,
1376 1508 1444 1536 ἀλλὰ
1459 1508 1587 1545 λαμπρὸς
1605 1509 1761 1544 φωσφόρος.

1092 1557 1149 1584 Νῦν
1168 1557 1278 1591 Ἑλένην
1289 1555 1409 1591 ἔκρυψεν
1424 1555 1438 1581 ὀ
1452 1555 1566 1589 στυγνὸς
1583 1555 1668 1589 τάφος
1679 1563 1687 1571 .

1052 1610 1075 1638 c
1097 1603 1167 1631 Ἀλλ’
1184 1605 1224 1636 εἰς
1234 1603 1362 1630 τοσοῦτον
1378 1603 1416 1639 μὴ
1431 1602 1583 1638 κατισχύσῃ
1597 1603 1707 1639 Χάρων.

249 1697 467 1727 potuerunt,nec
482 1694 595 1722 verbum
606 1694 773 1722 verboatrox
783 1695 834 1722 rite
842 1682 1042 1730 espressitma-
1054 1695 1080 1725 Α
1092 1698 1134 1722 est
1151 1694 1198 1730 qui
1217 1701 1279 1721 cum
1298 1693 1366 1721 viris
1388 1692 1524 1726 decertet;
1549 1700 1611 1720 rara
1626 1696 1668 1720 est
1687 1699 1775 1726 pugna
1798 1691 1882 1718 virtu-

250 1739 403 1766 lumitatum
415 1739 553 1767 miseriam
565 1741 811 1774 multisincidisse,
831 1746 859 1768 et
881 1742 1036 1777 sepulcrum

250 1784 426 1812 lamentabile
441 1790 541 1812 terram
554 1793 615 1821 quae
634 1786 686 1813 hos
708 1786 802 1821 genuit
827 1787 924 1814 factam
942 1786 1036 1815 fuisse.

249 1829 354 1863 Quibus
370 1831 479 1858 tandem
495 1831 586 1859 oculis
608 1831 725 1867 patriam
744 1838 909 1865 emortuam,
927 1833 1036 1867 inquie-

250 1875 325 1909 bnm,
341 1876 439 1904 videbo
453 1881 480 1904 et
497 1876 646 1912 iacentem,
657 1884 684 1906 et
700 1879 886 1907 calamitatum
906 1879 1036 1907 ferentem

249 1921 361 1950 umbras
374 1921 483 1950 solum?
492 1922 533 1950 vel
545 1925 683 1959 quomodo
693 1923 790 1956 feram,
806 1924 1037 1958 pulchritudinem

249 1967 430 2000 devastatam,
450 1971 553 1995 tantam
579 1968 823 2004 pulchritudinem.
849 1975 877 1998 et
904 1970 1036 2005 reliquias

249 2019 421 2042 mortuorum
437 2014 636 2049 insepultorum
648 2015 785 2043 cernens?
800 2024 900 2047 nonne.
910 2020 939 2043 ut
953 2016 1038 2043 inhiet

249 2060 315 2087 mihi
332 2064 403 2088 terra
413 2065 441 2088 et
458 2061 651 2096 praecipitium,
667 2062 763 2090 statim
783 2062 890 2090 orabo?
907 2063 947 2090 vel
968 2070 1038 2098 quo.

249 2105 331 2132 modo
350 2105 492 2133 sustinebo
508 2105 638 2141 gemitus,
655 2106 785 2138 lamenta.
806 2107 916 2135 dolores
932 2107 1038 2135 amico-

250 2158 310 2178 rum
328 2155 354 2178 et
366 2151 519 2186 lacrymas?
533 2150 573 2178 ita
585 2151 656 2179 ratio
674 2151 702 2178 in
719 2153 774 2179 duo
791 2152 878 2180 divisa
893 2157 945 2185 est,
958 2160 1038 2188 agro-

249 2205 308 2224 rum
325 2197 417 2225 clndcs
444 2202 471 2225 et
486 2197 581 2234 patriae
606 2197 757 2231 miseriam,
779 2199 886 2227 minora
903 2199 975 2226 mala
990 2199 1039 2226 ha-

247 2243 338 2271 buisse
352 2251 433 2280 agros
448 2247 591 2279 reputans,
605 2248 635 2273 ut
648 2244 694 2272 illa
709 2245 815 2280 majora
842 2250 869 2273 et
885 2253 966 2280 agros
986 2246 1035 2274 eli-

248 2295 352 2327 gerem.

449 2342 513 2372 126.
529 2342 563 2371 In
585 2342 739 2372 ercorum
756 2343 833 2371 bella.

282 2397 365 2428 διωιί
379 2397 407 2425 in
430 2398 535 2432 multis,
552 2398 605 2426 etsi
616 2398 754 2433 sapientes
777 2398 863 2426 fuisse
879 2398 1034 2432 videantur,

247 2444 294 2479 qui
310 2443 423 2473 Graecia:
449 2451 465 2473 ο
493 2449 566 2473 terra
596 2444 706 2473 oriundi
735 2449 831 2478 erant;
855 2445 1035 2473 barbarorum

246 2490 320 2518 enim
349 2490 457 2519 liberati
483 2491 604 2519 externis
617 2490 707 2525 bellis,
722 2490 774 2527 ipsi
792 2491 820 2519 in
845 2491 952 2526 seipsos
977 2491 1035 2527 gla-

243 2536 320 2566 dium
338 2536 502 2565 eduxerunt.

476 2593 538 2622 127.
552 2593 584 2621 1η
601 2593 808 2630 Xenophontem.

280 2647 468 2684 Xenophontis
497 2649 589 2684 lingua
619 2650 746 2685 princeps
772 2651 928 2684 rhetorum,
957 2658 1035 2679 mens

244 2699 335 2722 autem
350 2699 377 2722 et
392 2695 461 2722 ratio
475 2695 602 2731 princeps
620 2696 858 2731 philosophorum.

440 2749 503 2778 1'28.
518 2749 551 2777 In
568 2758 646 2778 nouos
660 2751 839 2786 philosophos.

1089 1744 1159 1766 tum.
1173 1739 1244 1772 Quid
1260 1739 1322 1766 dico
1336 1739 1394 1773 ipse
1418 1743 1447 1766 ut
1469 1737 1601 1765 brevius?
1616 1737 1640 1766 si
1658 1737 1748 1765 omnis
1762 1736 1883 1772 sapiens,

1089 1793 1184 1813 socors
1194 1789 1246 1818 est,
1262 1785 1309 1820 qui
1321 1791 1428 1817 socors.
1443 1789 1485 1812 est
1498 1783 1618 1819 sapiens.

1326 1846 1458 1875 129-150.
1474 1846 1509 1874 In
1523 1846 1652 1881 “ipsum.

1128 1912 1205 1940 Saeva
1232 1917 1331 1945 passus
1349 1917 1422 1942 sum,
1444 1910 1492 1938 sed
1511 1909 1595 1943 justa,
1615 1909 1725 1936 Christe
1738 1909 1775 1936 mi
1790 1917 1797 1942 ;
1813 1916 1882 1936 saeva

1091 1965 1190 1994 passus
1208 1965 1280 1990 sum,
1298 1956 1345 1983 sed
1365 1956 1472 1983 minora
1487 1955 1557 1983 meis
1570 1954 1660 1983 malis.
1673 1954 1733 1982 Non
1747 1959 1789 1982 est
1802 1962 1882 1989 paena

1090 2005 1179 2039 culpis
1207 2003 1276 2031 meis
1298 2002 1412 2038 aequalis
1439 2001 1604 2035 :‘daamon,
1632 2001 1765 2031 morbus.
1794 2001 1881 2033 ensis.

1091 2048 1172 2084 ignis,
1212 2048 1304 2078 ruina,
1336 2047 1464 2079 teneone,
1489 2046 1606 2081 ﬂagella,
1634 2045 1751 2080 injuriae,
1784 2045 1881 2078 fames,

1091 2093 1218 2125 ludibria,
1244 2092 1338 2126 risus;
1362 2092 1448 2119 trucia
1474 2091 1565 2119 omnia
1590 2091 1703 2119 alterius
1727 2091 1787 2118 vita:
1801 2095 1881 2118 :etcr-

1090 2147 1155 2166 num
1170 2137 1309 2165 manentia
1332 2146 1339 2164 :
1356 2137 1428 2173 ignis
1443 2136 1502 2164 sine
1525 2136 1595 2169 lucc,
1610 2136 1730 2164 tenebrae
1743 2137 1881 2167 ardentes,

1091 2187 1222 2214 tartarus.
1247 2188 1367 2214 vermes,
1389 2181 1539 2214 cruciatus,
1568 2181 1659 2208 omnia
1691 2182 1748 2209 haec
1773 2181 1881 2208 minora

1091 2232 1156 2255 sunt
1181 2227 1250 2256 meis
1269 2226 1359 2255 malis.
1368 2226 1510 2254 Columna:
1529 2226 1717 2254 inscribuntur
1732 2226 1779 2253 illa
1794 2233 1882 2261 usque

1091 2273 1126 2301 ad
1145 2273 1238 2306 linem,
1252 2272 1428 2301 vehementer
1441 2271 1570 2300 omnibus
1581 2272 1728 2300 clamantia
1746 2279 1833 2307 usque
1848 2272 1881 2298 ad

1090 2321 1222 2349 extrema.
1235 2321 1263 2344 et
1284 2317 1308 2344 si
1325 2324 1407 2344 omne
1431 2317 1503 2345 istud
1527 2317 1646 2350 eveniat,
1663 2316 1707 2343 iila
1723 2316 1882 2344 clamabunt

1054 2364 1075 2392 ι)
1090 2362 1219 2390 omnibus
1236 2362 1284 2397 qui
1306 2362 1362 2390 illic
1389 2366 1464 2394 sunt.
1489 2361 1562 2397 quod
1586 2369 1637 2396 ego
1652 2361 1728 2389 solus
1753 2361 1882 2388 omnibus

1088 2411 1166 2438 malis
1190 2409 1281 2438 omnia
1297 2409 1378 2437 vinco
1392 2418 1399 2443 ;
1417 2413 1538 2436 attamen
1566 2413 1688 2440 tuorum,
1704 2408 1814 2436 Christe
1831 2408 1880 2439 mi,

1088 2457 1177 2485 solum
1200 2464 1244 2483 me
1259 2456 1344 2483 vineit
1360 2455 1546 2491 prodigiorum
1560 2454 1698 2488 Oceanus,
1719 2455 1881 2482 misericor-

1089 2501 1141 2529 dia:
1153 2500 1440 2528 incommensurabilis
1453 2500 1587 2535 abyssus..
1596 2499 1805 2528 miscrationnm
1818 2498 1880 2526 fons

1091 2546 1283 2580 inexhaustus,
1300 2546 1436 2574 donorum
1452 2545 1560 2573 intlnlta
1572 2546 1663 2580 copia.

1251 2610 1312 2639 151.
1331 2609 1362 2637 In
1375 2610 1568 2645 tmperatricem
1585 2608 1725 2637 Helenam.

1122 2665 1273 2695 Abscondit
1291 2666 1398 2698 lunam,
1412 2665 1460 2694 sed
1476 2664 1636 2700 splendidus
1663 2662 1794 2694 Lucifer:
1810 2670 1883 2690 nunc

1088 2713 1216 2741 llelenaut
1226 2712 1369 2740 abscondit
1378 2711 1455 2739 triste
1464 2711 1633 2746 sepulcrum.
1646 2709 1697 2737 Sed
1709 2717 1762 2736 non
1772 2712 1880 2736 tantum

1089 2758 1246 2794 praevalebit
1264 2758 1385 2786 Charon.
1399 2757 1511 2793 Sepulta
1526 2757 1582 2789 illa,
1599 2756 1634 2783 ad
1648 2754 1819 2790 spiritualcm
1839 2754 1882 2781 ln-

281 2801 340 2829 Non
351 2805 392 2830 est
408 2803 449 2830 vir
460 2804 507 2838 qui
525 2805 634 2840 sapiens
644 2810 697 2837 est.
713 2805 824 2840 sapiens
834 2810 924 2833 autem
943 2805 1035 2834 nullus
1083 2805 1196 2832 cil’crum
1206 2811 1328 2836 sursum,
1344 2809 1373 2830 ut
1389 2803 1453 2830 luna
1468 2802 1501 2830 ad
1517 2802 1628 2834 cwlum,
1645 2801 1690 2829 lux
1706 2802 1765 2836 ipsa
1779 2806 1881 2828 ascen-

281 2881 303 2896 “
317 2880 534 2917 ιρε.ἁϋάπτων.
573 2884 594 2900 ⁶⁷
610 2882 638 2911 In
655 2891 741 2919 marg.
753 2884 783 2911 τὸ
795 2883 883 2918 δόγμα
900 2884 978 2912 τοῦτο
993 2884 1048 2913 τῶν
1070 2883 1205 2919 Ἑλλήνων
1217 2882 1380 2917 φιλοσόφων.
