2082 3157
263 246 284 281 β’
302 247 336 272 Ἥ
353 245 400 273 καὶ
415 244 496 271 πόλον
506 243 610 270 τέθεικε
627 241 700 268 τόνδε
714 241 759 267 τὸν
775 240 867 275 δόμον,

262 291 283 318 δ’
301 292 401 326 Ἔργον
414 291 443 317 δὲ
458 289 548 325 χειρὸς
560 288 645 314 ταῦτα
661 287 699 322 μὴ
718 286 884 313 πιστευτέον.

293 337 378 362 Ἀλλα.

297 380 354 405 Οὐκ
367 379 388 394 ⁸⁸
403 377 471 412 ἔργα
491 376 581 411 χειρὸς
596 375 691 407 ταῦτα,
712 375 749 410 μή
767 383 806 406 τις
820 373 924 400 ὲλπίσοι

270 425 338 451 Ἀλλ’
352 423 467 459 οὐρανοῦ
479 423 586 449 κάτεισι
605 421 723 457 Χριστὸς
738 421 786 447 σὺν
804 420 891 455 φίλοις

262 469 419 503 Νικηφόρον
431 467 537 494 νικῶσα
547 466 610 493 νοῦν
623 475 652 492 τε
666 466 714 492 καὶ
732 466 821 499 λόγον.

262 515 346 550 Πῦχει
362 515 410 549 μὲν
422 515 533 549 ἄστροις
552 514 600 540 καὶ
619 513 722 547 φαεινῷ
737 512 873 548 φωσφόρῳ

264 561 357 592 Πόλος,
368 560 403 586 τὰ
419 560 515 594 πρῶτα
530 559 584 584 τῶν
598 559 688 585 καλῶν
704 558 782 592 φέρει
793 558 862 592 γέρα
877 565 883 572 ·

268 605 338 631 Ἀλλ’
349 607 377 631 ὲν
393 604 467 639 δόμῳ
483 604 530 630 νῦν
541 603 579 634 ὡς
594 603 644 638 μὲν
655 602 734 629 ἄλλον
750 601 893 637 φωσφόρον

262 651 315 677 Τὺν
332 650 448 685 Χριστὸν
462 649 556 680 αὐτὸν,
573 649 635 680 τοὺς
652 648 674 674 δ’
692 648 847 683 ὑπουργοὺς
859 647 905 673 καὶ
920 647 1013 682 φίλους

264 696 438 726 κυκλοῦντας
454 695 546 727 αὐτὸν,
564 694 651 730 ἄστρα
666 693 794 728 πάγκαλα
808 693 924 728 βλέπων,

263 740 349 772 Αὐτὸς
363 740 424 766 καθ’
437 740 520 766 αὐτοῦ
536 739 650 773 δεύτερα
665 738 824 773 ψηφίζεται.

249 783 252 786 ’
299 786 384 812 Πόλου
401 786 450 820 μὲν
463 786 554 820 αἰθὴρ,
567 785 665 819 ἄστρα,
683 785 765 819 μήνη,
780 784 923 819 φωσφόρος
936 792 943 799 ·

264 832 352 866 Δόμου
368 831 407 863 δὲ,
424 830 529 866 Σωτὴρ,
541 830 662 863 ἄγγελοι,
678 831 789 865 Μήτηρ,
806 831 889 865 φίλοι.

264 877 312 908 Τίς
329 877 419 911 ἰσότης
433 876 500 909 πρὸς
510 875 596 902 ταῦτα
608 884 616 907 ;
632 876 696 902 ποία
711 876 855 910 σύγκρισις
869 883 876 907 ;

264 922 320 957 Τὴν
334 920 418 958 ἧτταν
435 917 524 956 εὗρες,
541 921 650 956 οὐρανὲ,
669 921 736 955 πλὴν
755 920 914 955 προσκὺνει.

299 967 334 993 Ἢ
349 966 395 993 τοῦ
410 966 491 992 πόλου
506 965 611 992 κάτεισι
625 965 740 1000 Χριστὸς
758 966 797 996 εἰς
811 965 904 1000 δόμον,

264 1013 299 1039 Ἦ
313 1013 360 1039 καὶ
371 1012 451 1038 πόλον
462 1011 568 1038 τέθεικε
587 1011 661 1038 τόνδε
678 1011 724 1037 τὺν
743 1011 834 1046 δόμον.

265 1059 366 1092 ’Δμφω
378 1057 406 1084 δὲ
421 1057 520 1091 μᾶλλον
532 1065 540 1072 ·
552 1056 600 1083 καὶ
617 1056 734 1091 κατῆλθε
751 1057 800 1082 σὺν
814 1056 912 1090 φίλοις,

264 1103 319 1128 Καὶ
337 1101 382 1128 τὸν
393 1101 473 1136 δόμον
484 1101 607 1127 τέθεικεν
622 1101 735 1136 οὐρανὸν
750 1102 819 1128 νέον.

265 1148 382 1179 Κάλλεος
395 1145 429 1182 ἧν
445 1147 512 1182 ἔρις,
530 1147 644 1182 οὐρανὸς
660 1146 790 1181 ἄστρασιν
804 1146 886 1182 ηὕχεε
899 1147 988 1181 νικᾷν·

300 1194 385 1229 Αἰθὴρ
398 1194 561 1229 ἀστράπτων
572 1193 634 1228 ᾔτεε
649 1194 717 1228 πρὸς
728 1193 762 1220 τὰ
774 1194 854 1228 γέρα.

271 1238 315 1271 Ὠς
327 1239 355 1265 δὲ
366 1239 446 1273 δόμος
456 1238 654 1274 προὺὁάλλεται
666 1239 832 1274 Δεσποτικὴν
843 1238 922 1273 μόνον
938 1238 1045 1273 αἴγλην,

302 1283 416 1309 Ἐσϐετο
429 1281 472 1310 οἷα
490 1283 585 1318 λύχνος
600 1283 700 1310 κάλλεα
714 1284 836 1319 οὐράνια.

268 1331 372 1364 ’Λστρα
392 1329 442 1364 μὲν
452 1329 600 1364 αἰγλήεντα
613 1329 659 1357 καὶ
673 1330 792 1364 ἀστέρας
809 1329 854 1364 ἠδὲ
870 1329 996 1365 σελήνην,

301 1374 414 1409 Οὐρανὲ,
431 1375 478 1400 καὶ
497 1375 528 1401 σὺ
544 1374 647 1410 φέρεις,
660 1373 729 1407 οἶδα,
746 1376 918 1409 φαεινότατε.

272 1419 341 1445 Ἀλλ’
357 1419 400 1445 ὅτε
415 1419 489 1446 τόνδε
509 1419 599 1455 χορὸν,
612 1419 659 1446 καὶ
669 1419 773 1454 χρυσῆν
785 1419 878 1454 ἄντυγ’
892 1419 1014 1455 ἀθρήσω,

301 1463 405 1499 Μικρά,
418 1463 499 1498 λέγω,
512 1464 628 1498 φαίνεις,
644 1465 690 1491 καὶ
702 1464 734 1490 σὺ
750 1464 797 1490 καὶ
811 1464 910 1499 ¹ὴέλιος.

891 184 1050 214 JOANNIS
1068 183 1282 213 GEOMETRE

1829 182 1882 214 964

1275 241 1347 273 ρμα’.
1363 239 1414 270 Εις
1430 237 1531 264 εικόνα
1545 236 1650 271 ἀκριϐῆ
1670 236 1704 263 ⁷⁸.

1098 295 1221 331 Οὐρανοῦ
1232 293 1418 328 ὲγκατέπαλτο
1428 293 1476 319 καὶ
1491 293 1607 328 ἕμπνοον
1621 291 1697 318 ἔθετο
1710 291 1776 318 εἰκὼ

1133 340 1249 376 Χριστὸς
1263 339 1310 374 ἑὴν
1327 338 1432 369 ἐνθάδε,
1445 337 1580 372 Μητέρος,
1596 337 1634 368 ὡς
1646 337 1674 363 δὲ
1689 337 1773 371 φίλων
1787 344 1794 351 ·

1101 388 1148 419 Ὃς
1161 387 1188 413 δὲ
1203 386 1282 422 χορὸς
1293 383 1386 417 νοερδς
1400 383 1563 419 περισταδὸν
1581 382 1692 409 ἄλλοθεν
1706 382 1795 415 ἄλλος,

1134 434 1203 468 Χεὶρ
1217 433 1314 468 βροτέη
1331 431 1438 466 μεγάλα
1452 430 1572 465 ψεύσατο
1586 429 1680 456 τούσδε
1692 429 1804 461 τύπους,

1101 480 1150 510 Ὃς
1165 478 1246 505 πόλον
1261 477 1427 511 ὲξετάνυσσα
1439 476 1485 502 καὶ
1497 475 1648 511 ἀνδρομέην
1660 475 1750 501 πλάσα
1766 474 1883 510 μορφὴν,

1133 525 1180 555 Et;
1193 524 1274 558 δόμον
1291 523 1454 558 ἀνδρομέαις
1469 522 1589 556 χείρεσιν
1607 520 1792 555 ὲγγράςρομαι.

1098 569 1190 597 Ταῦτα
1199 570 1221 596 δ’
1229 570 1295 604 ὁμοῦ
1304 568 1429 601 τελέθων,
1437 568 1502 599 Θεὸς
1510 567 1654 603 ἄμϐροτος,
1665 567 1768 593 ὕστατα
1776 566 1882 601 Οειητὲς,

1136 617 1249 643 Πλάττω
1266 615 1417 650 βουληθεὶς,
1434 614 1585 649 πλάττομαι
1597 613 1634 644 ὡς
1648 612 1742 640 ἐθέλω.

1101 664 1150 695 Ὃς
1165 663 1252 697 δίφρῳ
1265 661 1392 697 πυρόεντι
1409 660 1545 695 ἐφέψομαι
1560 660 1593 692 ⁷¹,
1608 659 1636 690 ὃς
1652 659 1710 693 φῶς
1726 658 1804 690 οίκῶ,

1134 708 1181 739 Εἰς
1198 707 1279 741 δόμον
1296 706 1377 741 ἔστην
1393 705 1464 740 χειρὶ
1478 705 1688 740 χαραττόμενος.

1098 751 1209 787 Θάμὸεε
1223 751 1259 786 μή
1275 759 1327 784 τις,
1342 751 1371 777 ἐν
1386 749 1563 784 ἀγκαλίδεσσι
1577 749 1690 784 τιθήνης

1135 797 1191 826 Καὶ
1204 797 1235 824 τδ
1250 797 1315 833 πρὶν
1328 796 1463 831 φερόμαν,
1483 795 1604 831 γαστέρα
1620 795 1642 822 δ’
1657 793 1730 822 οἶκον
1749 794 1796 830 ἔχη
1811 796 1846 824 ⁷⁸.

1337 849 1409 884 ρμβ’.
1423 849 1474 882 Εις
1490 849 1543 895 τόν
1555 849 1639 881 βίον.

1063 912 1084 940 Β
1098 904 1154 940 Τὴν
1171 903 1272 939 ἀρετὴν
1285 902 1350 938 χθὲς
1363 900 1433 929 εῐδον
1450 903 1479 929 ὲν
1497 902 1568 937 μέσῃ
1583 902 1671 935 πόλει,

1099 949 1335 985 Μελαμφοροῦσαν
1350 950 1397 977 καὶ
1412 949 1562 984 κατηφείας
1576 948 1641 982 ὃλην
1652 955 1659 963 ο

1099 997 1132 1023 Τί
1145 997 1177 1028 δ’,
1190 996 1308 1031 ἠρόμην,
1322 995 1457 1026 πέπονθας
1469 1003 1476 1027 ;
1498 994 1531 1020 Ἦ
1546 994 1574 1019 δέ
1585 1002 1592 1009 ·
1609 993 1666 1019 Νῦν
1681 993 1776 1028 ἔγνως,

1099 1042 1202 1077 Τόλμα,
1224 1042 1363 1077 φρόνησις,
1379 1041 1489 1075 γνῶσις,
1504 1040 1532 1066 ἐν
1549 1040 1608 1071 ταῖς
1620 1040 1743 1074 γωνίαις,

1101 1088 1215 1122 ’Λγνοια
1227 1088 1249 1114 δ⁹
1262 1087 1340 1122 ἄρχει
1361 1086 1406 1112 καὶ
1422 1086 1491 1120 μέθη
1505 1085 1550 1112 καὶ
1563 1085 1658 1112 δειλία.

1399 1143 1473 1176 ρμγ·-
1491 1140 1583 1175 Εὐχή-

1102 1196 1195 1229 ΙἈναξ,
1216 1196 1332 1227 ἄνασσα,
1348 1195 1481 1226 δεσπότας
1496 1195 1580 1228 ἐμοὺς
1596 1194 1677 1228 λέγω,

1100 1241 1133 1268 Τί
1148 1241 1227 1276 μέχρι
1244 1240 1342 1267 πολλοῦ
1360 1240 1452 1266 δοῦλον
1471 1239 1654 1274 ἠμελημένον,

1104 1287 1268 1323 Ἐριμμὲνον
1282 1282 1314 1321 με
1330 1285 1480 1317 παντελῶς,
1497 1285 1661 1320 παρειμένον

1098 1331 1194 1364 Φίλων,
1208 1331 1339 1365 ἀδελφῶν,
1356 1331 1504 1364 συγγενῶν,
1523 1330 1591 1365 βίου,
1606 1331 1697 1364 λόγου,

1100 1376 1172 1408 Ἐξω
1193 1376 1242 1411 μὲν
1261 1376 1363 1410 κόσμου
1382 1376 1482 1406 παντὸς
1495 1375 1570 1407 ὄντα,
1583 1376 1651 1410 πλὴν
1666 1377 1764 1411 φθόνου

1098 1419 1187 1447 Μόνον
1200 1420 1436 1455 κατεντρυφῶντα,
1449 1420 1495 1446 καὶ
1505 1419 1610 1453 γέλωτά
1627 1429 1661 1455 με

1100 1465 1284 1501 Προκείμενον
1301 1465 1454 1500 βλέποντες,
1470 1465 1510 1497 εἰς
1522 1465 1599 1500 ὖδριν
1615 1466 1694 1501 μόνον

266 1563 369 1590 hancce
389 1562 484 1596 aedem,
504 1570 572 1597 opus
596 1570 656 1590 esse
681 1570 778 1590 manus
806 1569 860 1589 non
884 1561 1049 1590 credendum
1062 1563 1084 1594 (ι
1100 1562 1280 1597 contemplor,
1302 1570 1398 1598 parum
1421 1563 1559 1597 splendes,
1575 1564 1647 1596 dico,
1665 1567 1705 1597 tu,
1721 1571 1775 1592 non
1790 1565 1880 1594 minus

265 1613 317 1636 est;

300 1653 359 1680 Non
381 1661 461 1688 opera
477 1661 575 1680 manus
588 1659 652 1680 sunt
675 1653 736 1686 ista,
750 1660 784 1680 ne
796 1652 859 1687 quis
879 1653 1023 1680 crediderit
1039 1660 1047 1679 :

266 1697 312 1724 sed
336 1705 351 1725 e
366 1697 434 1724 cutio
452 1697 578 1724 Christus
592 1696 731 1723 descendit
741 1703 803 1723 cum
824 1696 919 1723 amicis
932 1696 960 1722 in
975 1696 1048 1723 aedes

267 1742 407 1769 vincentes
419 1741 563 1776 Nicephori
581 1745 698 1768 mentem
710 1746 737 1768 et
747 1749 909 1769 sermonem.
920 1742 1050 1777 Splendet

266 1784 375 1819 quidem
392 1784 472 1811 astris
490 1788 517 1810 et
532 1784 681 1818 conspicuo
703 1784 760 1811 Sole
784 1785 896 1816 ccelum,
912 1785 1048 1820 primum-

267 1837 319 1865 que
336 1829 568 1864 pulchritudinum
596 1829 687 1856 locum
713 1834 794 1857 tenet.
820 1829 872 1858 Sed
894 1831 922 1857 in
945 1831 1048 1860 aedibus

267 1876 328 1903 istis
357 1877 430 1902 velut
449 1875 530 1902 alium
562 1875 659 1908 solem,
685 1875 824 1903 Christum
851 1876 952 1911 ipsum,
983 1884 1049 1905 suos

267 1924 457 1952 cooperatores
469 1925 495 1946 et
508 1919 612 1946 amicos
626 1918 828 1947 eircumdantes
839 1927 911 1953 eum,
925 1925 955 1948 ut
974 1926 1047 1948 astra

268 1963 436 1998 splendentia
453 1971 578 1996 cernens,
591 1962 680 1997 ipsum
692 1968 787 1992 contra
802 1971 832 1992 se
844 1965 993 1993 secundum
1009 1964 1049 1993 lo-

266 2016 328 2036 cum
344 2009 477 2036 decernit.

300 2060 367 2087 (Σαδιί
384 2061 492 2095 quidem
507 2062 602 2094 a-ther,
618 2067 705 2096 astra,
721 2062 797 2094 luna,
812 2062 871 2097 sol;
888 2063 987 2091 aedium
999 2072 1048 2091 au—

267 2110 331 2139 tem,
347 2105 480 2138 Salvator,
499 2108 599 2142 angeli,
618 2107 714 2140 Mater,
739 2108 830 2136 amici.
855 2108 920 2141 Quae
944 2111 1048 2144 paritas

266 2151 300 2178 ad
317 2151 390 2179 ista?
403 2160 464 2187 quae
478 2153 667 2188 comparatio?
679 2153 786 2181 Victum
799 2161 840 2187 es,
852 2154 962 2187 malum,
977 2159 1048 2182 alta-

266 2206 327 2226 men
339 2199 433 2226 adora.

1099 1617 1181 1645 quam
1195 1609 1247 1636 sol.

1322 1655 1382 1682 Ml.
1397 1654 1431 1681 In
1445 1656 1550 1690 efﬁgiem
1564 1663 1662 1683 veram.

1135 1709 1156 1736 E
1169 1710 1238 1737 coelo
1265 1710 1414 1743 descendit,
1430 1714 1457 1737 et
1476 1710 1608 1738 viventem
1632 1710 1723 1744 posuit
1744 1710 1788 1738 hic
1802 1711 1881 1739 Chri-

1101 1758 1161 1782 stus
1185 1762 1261 1781 suam
1284 1754 1409 1790 etligiem,
1433 1755 1538 1788 Matris,
1556 1760 1587 1783 ut
1603 1760 1629 1783 et
1648 1756 1818 1789 amicorum;
1834 1757 1881 1792 qui

1100 1804 1189 1827 autem
1203 1805 1289 1828 coetus
1304 1801 1449 1835 spirituum
1461 1802 1528 1829 alter
1537 1801 1766 1829 circumfunditur
1773 1803 1882 1830 aliunde

1099 1846 1221 1879 veniens,
1239 1853 1337 1874 manus
1362 1847 1485 1874 mortalis
1514 1847 1629 1875 multum
1649 1847 1753 1875 imitata
1776 1852 1818 1875 est
1832 1847 1881 1874 has

1099 1889 1210 1925 ﬁguras.

1134 1936 1185 1969 Qui
1199 1937 1297 1965 cmlum
1309 1937 1416 1965 extendi
1429 1943 1456 1965 et
1470 1939 1617 1966 humanam
1636 1938 1700 1966 tinxi
1714 1939 1839 1972 formam,
1854 1938 1880 1966 in

1099 1981 1202 2010 adibus
1219 1982 1346 2010 humanis
1361 1983 1487 2012 manibus
1505 1988 1694 2019 repraesentor.
1715 1984 1777 2011 llaec
1790 1989 1881 2011 autem

1099 2028 1182 2055 simul
1198 2036 1260 2055 cum
1276 2029 1342 2062 sint,
1361 2029 1432 2057 Deus
1446 2030 1618 2063 immortalis,
1636 2034 1729 2065 postea
1746 2031 1881 2065 mortalis,

1099 2073 1171 2108 ﬁngo
1187 2078 1216 2101 ut
1230 2075 1314 2107 volui,
1329 2075 1417 2109 ﬁngor
1432 2076 1541 2104 utvolo.

1134 2119 1186 2152 Qui
1208 2121 1302 2148 currui
1324 2121 1408 2155 iguito
1423 2121 1538 2155 insideo,
1553 2122 1599 2158 qui
1618 2123 1707 2151 lttcem
1727 2124 1834 2156 habito.
1852 2123 1880 2150 in

1098 2165 1202 2193 aedibus
1216 2167 1278 2194 steti
1293 2175 1376 2194 manu
1389 2167 1578 2196 adumbratus.
1593 2168 1633 2197 Ne
1646 2170 1709 2204 quis
1723 2173 1840 2204 stupeat,
1853 2170 1881 2197 in

1100 2211 1173 2238 ulnis
1194 2212 1310 2240 nutricis
1338 2218 1417 2241 antea
1446 2213 1564 2248 ferebar,
1581 2219 1608 2242 et
1625 2219 1744 2243 ventrem
1769 2215 1880 2243 domum

301 2251 349 2279 Vel
369 2252 493 2279 Christus
508 2259 523 2280 e
534 2252 604 2280 ctelo
617 2254 643 2280 in
660 2254 730 2281 hanc
744 2254 830 2282 aedem
842 2255 992 2287 descendit,
1004 2256 1047 2284 vel
1062 2244 1084 2272 Β
1101 2257 1244 2285 habebam.

266 2297 368 2324 cmlum
383 2297 470 2331 ipsum
487 2297 557 2325 hanc
568 2298 653 2325 :cdcm
666 2299 768 2333 posuit.
780 2298 932 2334 Utrumque
943 2302 1046 2335 potius:

264 2347 292 2369 et
312 2342 451 2368 desrcndlt
473 2350 534 2369 cum
562 2344 668 2376 amicis,
685 2348 712 2370 ct
734 2344 818 2371 aedem
837 2346 927 2379 posuit
948 2347 1047 2374 coelum

264 2395 378 2415 novum.

302 2442 518 2470 Pulchritudinis
537 2448 596 2470 erat
611 2449 758 2477 certamen,
774 2445 873 2472 cwlnm
886 2453 946 2473 cum
966 2447 1047 2474 astris

266 2489 372 2514 vincere
389 2488 504 2519 volebat,
530 2488 614 2515 a'ther
632 2489 772 2524 fulgurans
797 2490 978 2525 principatum
1000 2500 1044 2519 ro-

264 2531 355 2564 gabat.
380 2529 430 2558 Ubi
447 2538 535 2558 autem
564 2532 635 2558 aedes
663 2533 788 2567 opposuit
808 2538 912 2562 tantum
939 2535 1043 2563 Domini

263 2576 446 2610 splendorem,
464 2577 605 2604 exstinctae
631 2582 704 2609 sunt,
728 2581 757 2604 ut
771 2578 899 2612 lucernae,
921 2579 1044 2608 caelestes

265 2622 493 2656 pulchritudines.

300 2667 381 2694 Astra
402 2669 511 2702 quidem
527 2667 708 2703 splendentia,
724 2673 751 2696 et
775 2671 880 2704 stellas,
900 2677 927 2699 et
940 2672 1044 2706 lunam,

263 2713 371 2746 uelum,
390 2719 417 2740 tn
435 2714 552 2746 obtines,
567 2716 635 2747 scio,
647 2715 834 2750 conspicuum.

301 2759 354 2785 Sed
383 2766 446 2786 cum
477 2759 549 2786 lnmc
571 2761 698 2792 chorum,
718 2765 746 2788 et
776 2769 888 2789 aureum
913 2762 1046 2791 circulum

1381 2305 1443 2333 ΗΞ.
1460 2305 1491 2332 In
1508 2307 1599 2335 vitam.

1137 2348 1268 2377 Virtutem
1280 2350 1337 2378 beri
1350 2351 1404 2378 vidi
1422 2351 1449 2379 in
1464 2352 1533 2380 urbe
1556 2352 1645 2380 media
1659 2353 1830 2381 obscuratam
1853 2358 1881 2381 et

1101 2391 1177 2420 luctu
1191 2393 1309 2428 plenam.
1323 2395 1394 2427 Quid
1407 2399 1507 2428 autem,
1525 2396 1629 2431 rogavi,
1641 2402 1752 2432 experta
1767 2398 1817 2425 es?
1831 2398 1879 2424 lllu

1101 2447 1184 2467 vero:
1198 2439 1276 2467 Nunc
1290 2441 1372 2473 nosti,
1388 2441 1528 2475 fortitudo,
1541 2443 1696 2476 prudentia,
1712 2444 1836 2474 scientia,
1851 2444 1878 2469 in

1099 2484 1206 2520 angulis
1225 2485 1328 2518 latent;
1350 2490 1444 2520 regnat
1467 2491 1558 2514 autem
1583 2488 1747 2523 ignorantia,
1764 2489 1880 2515 ebrietas

1097 2536 1125 2557 et
1141 2530 1277 2557 vecordia.

1397 2577 1457 2605 H3.
1479 2577 1581 2606 Oratio.

1133 2630 1201 2663 Rex,
1215 2630 1319 2665 regina,
1334 2631 1459 2660 dominos
1470 2639 1546 2658 meos
1559 2631 1632 2664 dico,
1643 2631 1708 2666 quid
1726 2636 1801 2660 tanto
1811 2638 1880 2659 tem-

1099 2684 1165 2712 pore
1193 2684 1300 2704 servum
1327 2677 1491 2712 neglectum,
1507 2677 1663 2705 lacessitum
1688 2686 1730 2706 Ine
1749 2678 1879 2713 undique,

1100 2722 1236 2756 privatum
1256 2722 1364 2755 amicis,
1387 2723 1522 2757 patribus,
1545 2723 1713 2757 parentibus,
1731 2731 1880 2752 conversa-

1102 2766 1185 2798 tionc,
1202 2773 1339 2800 sermone,
1361 2767 1395 2794 ab
1411 2767 1485 2795 omni
1502 2767 1604 2795 mundo
1619 2768 1750 2800 exsulem,
1767 2768 1814 2796 sed
1836 2773 1880 2796 ta-

280 2854 302 2869 "
318 2855 373 2882 Sic.
391 2855 449 2890 ipse
465 2863 542 2892 poeta
559 2858 664 2886 videtur
679 2858 729 2886 hos
743 2867 837 2888 versus
852 2861 1021 2890 immutasse.

1099 2863 1211 2899 ἰκριόἧς
1227 2865 1294 2904 cod.
1327 2866 1349 2882 "
1366 2865 1430 2901 l.cg.
1444 2866 1586 2902 ὲφέζομαι.
1624 2867 1647 2884 τ’
1660 2866 1725 2902 Leg.
1742 2867 1813 2902 ἕχον.
