2082 3157
217 177 271 209 965

217 234 270 260 Τὸν
283 232 359 268 ἣλιον
374 231 517 266 βλέποντα,
534 230 581 256 καὶ
599 229 662 264 χοῦν
679 231 726 257 καὶ
742 230 825 262 κόνιν,

223 279 343 314 Ἐχθρῶν
361 286 394 312 με
408 277 577 311 τυγχάνοντα
594 276 811 311 πεφθονημένον,

223 325 266 355 Ὠς
280 324 385 358 ’κόπρον
399 323 558 357 ἀπρόσιτον,
575 323 772 357 ἡχρειωμένον,

219 371 267 396 ‘Ov
281 369 371 406 ἱερεὺς
387 368 525 403 παρῆλθεν
543 368 559 403 ἢ
578 369 626 394 καὶ
641 368 776 402 Acut-rm;

216 416 247 442 El
263 415 317 450 γὰρ
335 413 468 449 παρῆλθε,
483 414 530 440 νῦν
543 414 565 440 δ’
580 413 710 448 ἐπέτριψε
728 413 819 445 πλέον,

218 461 274 488 Καὶ
287 459 469 495 σνμπατήσας
483 459 531 486 καὶ
546 459 715 494 καθυϐρίσας
727 459 786 485 ὂλον

224 506 326 540 ’Δφῆκε
342 506 444 540 γυμνὸν
459 505 550 531 ἄθλιον
566 505 645 539 μόνον
655 512 662 518 ·

219 551 250 576 El
263 550 316 584 γὰρ
333 549 442 584 παρῆκε
455 549 502 575 καὶ
517 548 666 583 καθύϐρισε
685 548 775 583 μόνον,

219 594 275 622 Νῦν
290 594 317 621 δὲ
335 593 493 629 προσεστὼς
506 593 554 620 καὶ
565 593 631 628 γελᾷ
648 602 699 628 μου
719 595 769 630 τὴν
785 594 882 630 τύχην,

220 640 332 675 Σκιρτᾷ,
346 640 449 674 κροτεῖ,
469 638 584 674 γέγηθε,
600 640 733 674 καγχάζει
749 641 829 675 μέγα.

227 685 298 719 Ἐγὼ
314 685 341 711 δὲ
356 685 458 718 κωφὸς,
477 685 670 720 ἐστερημένος,
684 686 764 719 Λόγε,

221 733 319 766 Λόγου,
333 731 476 766 λογισμοῦ,
490 732 603 766 χειλέων
619 734 665 759 καὶ
682 734 796 768 καρδίας

222 778 324 811 Κείμαι
338 776 486 811 τεθνηκώς,
501 777 594 802 Ἲλεων
607 777 680 808 ἴδοις,
694 777 763 811 Λόγε
776 786 783 793 ·

225 821 346 854 ’Δνοιξον
360 820 406 852 οὖς
423 821 477 853 σὺν,
494 821 609 855 στρέψον
621 821 698 855 ὄμμα
713 821 757 847 σον
774 821 864 856 μόνον.

223 867 276 902 Σὴν
293 866 416 901 καρδίαν,
433 866 478 893 σὺν
493 867 530 901 μὴ
547 866 709 901 παραϐλέψῃ
729 866 834 900 βλέπων
847 874 853 882 ·

224 912 340 947 Κράξων
357 912 483 938 ἀπεῖπον·
501 913 547 947 Μὴ
564 911 707 947 βραδύνῃς,
725 912 825 947 Χριστέ
843 920 911 945 μου·

225 957 294 992 Μηδ*
318 956 366 988 αὖ,
384 957 471 992 Κόρη,
484 958 626 989 Δέσποινα,
646 958 751 992 Μῆτερ,
770 957 902 992 Παρθένε,

231 1002 299 1037 Ἑμὴ
319 1002 436 1036 βασιλὶς.
452 1001 540 1034 ἐλπὶς,
557 1003 574 1038 ἡ
590 1002 706 1038 σώτειρά
728 1010 791 1036 μου.

261 1057 329 1091 ρμδ¹.
345 1058 396 1089 Εἰς
414 1057 472 1090 τὴν
488 1057 652 1091 ὑπεραγίαν
668 1058 813 1084 Θεοτόκον
830 1057 865 1083 ἐν
879 1056 971 1088 πύλῃ.

227 1110 297 1145 Πρὸς
312 1111 344 1145 τῇ
364 1110 434 1145 πύλῃ
450 1111 548 1145 γράφω
564 1118 593 1136 σε
608 1110 657 1145 τὴν
670 1110 738 1136 Θεοῦ
752 1110 849 1144 πύλην,

229 1156 299 1190 Πρὸς
314 1156 377 1182 ναὸν
390 1155 469 1190 αὕτη,
486 1156 553 1192 πρὸς
568 1156 634 1182 Θεὸν
645 1157 738 1191 φέρεις
754 1159 786 1183 σὺ
799 1156 839 1183 δέ.

227 1210 296 1244 ρμέ.
311 1211 357 1243 Εἰς
370 1210 427 1244 τὴν
441 1209 575 1244 λάρνακα
590 1210 643 1237 τοῦ
653 1211 738 1245 ἁγίου
755 1205 1006 1245 Παντελεήμωγις.

227 1262 319 1298 Ὕδωρ
338 1263 441 1298 πέτρας
455 1263 529 1298 πρὶν,
546 1263 592 1289 νῦν
611 1263 694 1298 μύρα,
712 1262 783 1297 πλὴν
797 1263 845 1290 καὶ
861 1265 955 1298 μύρων

204 1316 207 1320 ·
233 1307 366 1343 ’ἰαμάτων
380 1308 453 1343 ῥοῦς,
471 1308 550 1335 τοῦτο
567 1308 660 1343 θαῦμα
673 1307 833 1343 θαυμάτων.

229 1362 307 1398 ρμς’,
323 1364 373 1395 Εὶς
386 1362 444 1396 τὴν
458 1362 570 1398 6&1er
578 1361 632 1395 τῆς
646 1363 805 1398 Θεοτόκου,
816 1361 870 1388 τοῦ
884 1361 1011 1396 Προδμό-

381 1406 440 1432 μου
458 1397 507 1424 καὶ
524 1397 577 1424 τοῦ
595 1397 679 1432 ἁγίου
694 1397 853 1424 Νικολάου.

227 1451 378 1486 Κάμφθητι
397 1450 475 1485 χερσὶ
494 1450 622 1485 μητέρος,
638 1450 729 1482 θύτου,
745 1450 833 1484 φίλου,

227 1493 276 1527 At;
290 1496 471 1531 ἡγκαλίσθης,
486 1495 530 1526 αἷς
544 1495 721 1530 ὲόαπτισθης,
739 1495 820 1529 Δόγε,

233 1542 294 1577 Ὑφ’
307 1540 344 1569 ὥν
357 1542 453 1577 ὲτύθης
467 1541 539 1576 θῦμα
552 1541 643 1568 καινὸν
663 1541 801 1573 πολλάκις.

873 175 1040 204 (ῙΑΠΜΙΝΛ
1056 175 1181 206 VARIA.

1784 177 1839 208 966

1016 235 1037 261 Α
1054 229 1125 266 ρμζ⁷.
1140 231 1192 262 Εἰς
1220 229 1276 264 τὴν
1296 230 1344 258 διὰ
1365 231 1563 265 κινναϐάρεως
1578 231 1745 265 βασιλικὴ-ν
1765 233 1839 258 ὑπο-

1022 906 1040 931 Β

229 1637 289 1657 mcn
321 1629 428 1656 invidiae
459 1629 546 1656 solius
572 1629 691 1656 ludibrio
715 1634 742 1656 et
771 1629 838 1656 risui
873 1637 916 1656 me
946 1633 1047 1665 pro-c

228 1675 346 1710 positum
366 1679 481 1701 cernunt
496 1674 529 1700 ad
540 1673 657 1701 dedecus
669 1678 773 1715 tantum
794 1673 850 1701 sole
864 1673 1009 1707 fruentem,

1381 267 1508 301 γραφήν-

1055 317 1117 346 Οῗον
1130 319 1161 346 τὸ
1175 319 1275 354 χρῶμα
1292 319 1340 346 καὶ
1353 319 1427 354 λόγοι
1442 320 1488 347 τοῦ
1505 320 1653 348 δεσπότουι

1061 364 1185 400 Ῥήματα
1200 366 1275 393 ταῦτ’
1290 367 1402 403 ἀληθέα,
1421 368 1536 395 τοῦνεκα
1551 369 1684 404 χρώματα
1699 368 1768 395 τοῖα.

1309 435 1382 466 ρμη¹.
1403 433 1455 465 Εις
1467 433 1585 460 ἑαυτόν.

1057 481 1208 516 Οὑρανίων,
1224 483 1352 516 ἐπιγείων
1365 484 1471 519 ἴστορα,
1488 485 1541 517 τίς,
1550 485 1625 519 λέγε,
1640 486 1723 520 θῆκεν

1097 527 1344 563 Ὀκτωκαιδεκέτην
1357 529 1442 556 εἰσέτι
1461 530 1496 560 α’.
1517 531 1645 566 Ἰωάννης

1056 572 1128 606 Θῆκέ
1150 581 1183 607 με
1199 573 1398 607 παμϐασίλεια,
1413 575 1460 601 καὶ
1471 576 1586 612 ἠνορέην
1599 577 1646 603 ἐπὶ
1660 576 1763 607 τούτοις

1093 618 1185 644 Δῶκεν
1200 619 1367 654 ἀριπρεπέα,
1382 620 1501 655 ῥήγνυσο
1517 621 1612 656 μῶμος
1629 622 1712 653 ἅπας.

1321 673 1391 707 ρει-0⁷.
1408 673 1477 707 Περὶ
1489 674 1582 708 ,Θεοῦ-

1058 726 1206 753 Κάλλιστον
1222 726 1307 753 όντων
1322 728 1435 762 κόσμος,
1452 729 1565 763 ἀρχαῖον
1579 729 1684 765 χρόνος,

1057 772 1145 803 Τόπος
1159 772 1297 806 μέγιστον,
1309 773 1370 804 νοῦς
1382 773 1516 809 τάχιστον,
1533 774 1599 808 φῶς.
1619 775 1707 810 χάρις.

1058 817 1124 848 Θεὸς
1138 817 1166 843 δὲ
1179 818 1268 844 πάντα
1282 817 1369 844 ταῦτα
1386 820 1433 845 καὶ
1445 819 1554 846 πάντων
1564 820 1621 846 ἄνω

1096 877 1145 909 ρν’.
1158 875 1211 907 Εἰς
1228 882 1312 907 τινας
1332 875 1446 943 Tvlli-12¢;
1457 875 1611 908 ἀλοῶντας
1625 876 1664 908 ὡς
1680 875 1739 902 ἀπὸ
1755 875 1810 909 τῆς

1370 918 1406 936 σε
1430 918 1514 943 ινης.

1370 918 1514 943 σεληνης.

1061 963 1200 997 Ἅρματος
1219 963 1356 998 ἡμετέρου
1367 963 1409 994 τίς
1424 964 1522 998 ἔδησεν
1534 963 1684 999 ἐλάστορας
1698 964 1806 996 ἄλλους,

1093 1008 1169 1034 Δῖνον
1183 1008 1348 1043 ἁειστροφέα
1361 1009 1471 1036 πάντος’
1489 1005 1703 1044 ἐλαυνομένους

1060 1051 1148 1084 Ἥλιε,
1166 1052 1325 1088 τεθρίπποις
1336 1053 1481 1089 νεμεσίσῃς
1497 1054 1596 1088 μηκέτι
1614 1054 1723 1088 μούνοις

1094 1097 1148 1124 Οῖδ⁶
1160 1098 1342 1133 ὲπιτολμῶσιν
1353 1099 1496 1134 ἁμετέραις
1513 1107 1543 1124 τε
1558 1099 1673 1133 δίφροις.

1267 1164 1334 1196 ρνα’.
1348 1163 1400 1195 Εις
1411 1161 1469 1196 τὴν
1480 1161 1638 1194 βάπτισιν.

1059 1226 1114 1252 Καὶ
1131 1227 1218 1262 φρένα
1233 1226 1280 1253 καὶ
1299 1226 1428 1262 παλάμην
1448 1227 1585 1263 τρομερὴν
1599 1226 1645 1253 καὶ
1662 1226 1734 1261 ἅψεα
1755 1227 1844 1254 πάντα

1059 1272 1159 1308 Δέρκεο
1171 1272 1218 1300 σοῦ
1233 1273 1407 1308 Θεράποντος.
1428 1274 1581 1309 Ἀπόστιχε,
1598 1274 1656 1306 πῶς
1668 1283 1698 1301 σε
1710 1274 1822 1309 καθήρω
1835 1283 1842 1307 ;

1061 1318 1119 1353 Πῦρ
1129 1319 1228 1350 ἀπνεὲς
1243 1318 1373 1351 τελέθεις.
1397 1319 1520 1354 ποταμὸς
1543 1319 1704 1353 παλίνορσος
1721 1319 1843 1354 ,ἀπέστη

1061 1363 1165 1390 Ἃπτεο
1184 1364 1230 1390 σοῦ
1247 1363 1389 1399 βασιλῆος·
1410 1363 1456 1389 νῦν
1471 1364 1579 1390 ἐπέοικε
1599 1364 1690 1391 πάντα

1060 1409 1177 1444 Μορφῆς
1204 1409 1355 1444 ἀνδρομέης
1379 1409 1509 1442 τελέθειν,
1539 1409 1586 1436 καὶ
1603 1409 1706 1436 ὕστατα
1727 1409 1845 1444 ἔμπαλιν

1740 1453 1843 1489 [at-mg,

1061 1499 1179 1533 Δῖμασιν
1208 1498 1367 1534 αὖτοχύτοις
1384 1498 1553 1533 παλάμαισιν
1574 1499 1655 1534 ὲμαίς
1669 1507 1698 1525 σε
1718 1498 1842 1534 καθήρω.

1062 1543 1152 1576 Χάζεὸ
1168 1551 1225 1578 μοι,
1242 1543 1363 1578 βασιλεῦ,
1383 1543 1429 1569 καὶ
1443 1543 1531 1569 ἇπνοα
1547 1543 1664 1578 πέφρικε
1679 1542 1790 1578 ῥεῖθρα·

1126 1630 1188 1658 M7.
1206 1629 1237 1656 In
1249 1631 1416 1665 imperatoris
1428 1630 1627 1664 surcriptionem
1641 1638 1654 1657 e
1666 1630 1785 1657 cinabro.

1096 1674 1191 1708 Qualis
1207 1675 1281 1702 color
1295 1675 1358 1702 talia
1372 1675 1474 1702 domini
1495 1675 1590 1709 verba;
1604 1675 1685 1703 verba
1700 1675 1759 1703 bch
1771 1683 1844 1708 vera,

229 1724 256 1746 et
281 1724 351 1746 terra
382 1723 410 1745 et
437 1719 558 1752 pulvere,
574 1718 692 1745 inimicis
723 1725 848 1750 exosum,
865 1723 895 1746 ut
917 1719 1012 1747 sordes
1064 1720 1126 1748 ideo
1138 1721 1245 1749 colores
1255 1721 1337 1748 etiam
1358 1721 1426 1748 veri.

229 1765 370 1797 evitatum,
385 1763 524 1798 rcjectum,
536 1771 618 1798 quem
633 1763 761 1791 sacerdos
774 1768 821 1790 aut
839 1763 932 1790 Levila
944 1771 1012 1797 prse-

231 1808 335 1836 tcrivit?
350 1808 378 1836 Si
394 1808 467 1836 enim
483 1808 639 1842 praeterivit,
659 1815 731 1836 nunc
744 1808 830 1842 magis
844 1808 971 1843 impetiit,
985 1811 1013 1835 et

205 1877 209 1881 .
230 1855 396 1882 conculcans
407 1858 436 1881 et
448 1853 575 1880 convitiis
591 1860 709 1881 oneraus
725 1857 811 1880 totum
837 1853 947 1888 reliquit
961 1860 1013 1880 nu-

231 1899 307 1931 dum,
324 1899 463 1930 miserum,
484 1891 597 1925 solum':
621 1898 643 1925 si
671 1898 741 1925 enim
762 1898 872 1932 reliquit
897 1902 926 1925 ct
947 1905 1013 1925 con-

231 1944 309 1972 viciis
325 1948 430 1971 tantum
444 1943 568 1978 impetiit,
596 1951 669 1970 nunc
691 1943 823 1971 accedens
833 1943 905 1971 ridet
923 1950 1011 1970 meam

231 1994 344 2022 sortem,
360 1989 433 2021 salit,
456 1989 570 2023 plaudit,
590 1988 699 2022 gaudet,
720 1988 790 2015 ridet
817 1988 944 2020 multum,
962 1995 1013 2023 ego

232 2040 322 2063 autem
346 2040 449 2066 mutus,
463 2034 592 2067 Verbum,
609 2034 692 2061 verbo
711 2033 869 2066 destitutus,
896 2034 1012 2065 ratione,

234 2081 313 2108 labiis
339 2084 366 2107 et
379 2081 473 2112 corde,
487 2080 565 2114 jaceo
588 2082 726 2106 mortuus.
750 2078 884 2106 Miserans
911 2079 1012 2114 aspice,

234 2123 363 2152 Verbum.
379 2124 461 2159 Aperi
476 2132 569 2152 aurem
583 2129 668 2155 tuam,
682 2128 809 2151 converte
823 2128 928 2151 tantum
945 2131 1013 2151 ocu-

234 2169 291 2196 lum
306 2172 393 2200 tuum,
416 2176 463 2195 cor
474 2173 562 2200 tuum,
579 2176 613 2196 ne
632 2172 707 2195 tuum
729 2168 865 2203 aspiciens
884 2169 1014 2203 despexe-

235 2214 282 2241 ris.
303 2213 430 2242 Clamans
446 2213 501 2241 dixi
516 2223 523 2240 :
541 2213 578 2240 Ne
595 2214 696 2247 tardes,
712 2214 821 2242 Christe
838 2214 890 2246 mi;
913 2222 945 2241 ne
959 2218 1001 2241 lar

234 2261 282 2288 des
295 2265 322 2288 tu
337 2268 456 2296 quoque,
473 2260 565 2296 Virgo,
588 2261 711 2294 Domina,
722 2260 816 2294 Mater,
831 2261 932 2295 Regina
943 2269 1013 2292 mea.

235 2313 297 2340 spes
314 2310 341 2333 et
348 2306 422 2333 salus
434 2313 504 2334 mea.

301 2352 362 2378 H4.
390 2350 422 2378 lu
435 2352 630 2378 sanctissimam
655 2351 788 2386 Virginem
811 2353 838 2378 in
860 2357 946 2385 porta.

1330 1765 1392 1793 M8.
1403 1764 1436 1793 In
1454 1765 1582 1800 seipsum.

1097 1810 1255 1839 Coelestium
1286 1814 1313 1838 et
1341 1809 1511 1838 terrestrium
1532 1809 1660 1845 peritum,
1692 1809 1767 1844 quis,
1790 1808 1846 1842 dir,

1063 1857 1158 1885 statuit
1167 1861 1262 1884 teocto
1275 1859 1302 1884 et
1310 1855 1404 1884 decem
1424 1863 1512 1883 annos
1525 1855 1633 1883 circiter
1642 1858 1747 1887 natum,
1760 1853 1846 1882 Joan-

1064 1910 1113 1930 nes
1121 1903 1133 1930 Υ

1104 1947 1207 1975 Statuit
1226 1954 1271 1974 me
1285 1947 1476 1975 universorum
1502 1946 1606 1982 regina,
1621 1951 1648 1974 et
1662 1946 1845 1975 fortitudinem

1063 1991 1168 2020 addidit
1179 1991 1320 2024 eximiam,
1338 1991 1418 2019 abeat
1433 1991 1523 2019 omnis
1541 1991 1644 2020 irrisio.

1343 2037 1405 2064 M9.
1435 2037 1473 2064 De
1501 2037 1565 2064 Deo.

1099 2081 1313 2109 Pulclierrlmum
1344 2082 1447 2109 entium
1469 2082 1600 2112 mundus,
1625 2080 1845 2115 antiquissimum

1064 2134 1182 2163 tempus,
1204 2129 1354 2156 maximum
1377 2128 1467 2160 locus,
1483 2129 1685 2156 velocissimum
1703 2135 1790 2160 meus,
1806 2128 1848 2154 lu-

1065 2183 1137 2207 men,
1152 2175 1249 2209 gratia.
1261 2175 1332 2203 Deus
1340 2180 1430 2202 autent
1442 2175 1534 2203 omnia
1547 2175 1604 2202 haec
1611 2179 1637 2202 et
1648 2173 1774 2209 omnibus
1790 2182 1848 2201 ma-

1062 2220 1116 2254 jor.

1086 2265 1147 2293 150.
1166 2264 1198 2292 In
1218 2269 1358 2292 nocturnas
1374 2265 1542 2300 uagabundus
1561 2265 1630 2292 velut
1647 2274 1662 2292 a
1674 2265 1736 2292 luna
1747 2269 1828 2290 actas.

1102 2310 1218 2338 Currum
1243 2311 1269 2337 in
1294 2312 1426 2346 nostrum}
1439 2311 1502 2346 quis
1519 2311 1664 2338 collocavit
1682 2310 1750 2338 alios
1771 2309 1848 2336 attri-

1070 2364 1129 2391 gas,
1149 2356 1292 2384 circuitum
1306 2363 1413 2391 semper
1425 2362 1564 2392 gyrantcm
1587 2363 1750 2391 quacunque
1780 2355 1848 2382 diri-

214 2424 217 2426 .
270 2397 310 2424 Ad
335 2402 439 2432 portam
457 2397 569 2425 confero
585 2403 610 2425 te
629 2397 673 2424 Dei
700 2402 819 2432 portam,
836 2398 868 2424 ad
885 2397 1015 2431 templum
1067 2403 1179 2437 gemes?

236 2443 292 2476 illa,
307 2447 335 2469 tu
347 2443 380 2469 ad
402 2441 487 2470 Deum
503 2442 591 2470 ducis.

349 2497 411 2524 145.
430 2496 463 2523 In
480 2505 575 2524 urnam
588 2497 674 2524 sancti
691 2496 909 2524 Pnnleleemonis.

271 2542 349 2576 Aqua
357 2549 372 2568 c
382 2549 449 2575 rupe
463 2541 539 2572 olim,
549 2548 621 2567 nunc
633 2545 810 2575 unguentum,
818 2541 1015 2576 imounguenta

237 2587 355 2613 remedia
369 2586 468 2619 ﬂuunt;
485 2586 536 2613 hoc
563 2586 755 2613 miraculorum
770 2587 944 2614 miraculum.

239 2631 302 2659 146.
318 2632 351 2659 In
362 2632 509 2659 orationem
525 2631 666 2692 Deiparllr,
682 2631 862 2660 Prwcursoris
877 2637 901 2660 et
921 2633 950 2661 S.
965 2633 1016 2662 Ni-

597 2675 625 2692 co
639 2675 677 2692 ιιι.

597 2675 677 2694 σοιιιι.

274 2710 405 2739 Fleclaris
437 2711 564 2739 manibus
585 2712 690 2744 matris,
705 2712 911 2746 saerilicatoris,
926 2714 1017 2747 amici,

240 2763 301 2790 qua:
315 2760 343 2784 te
368 2757 507 2792 complexa
525 2762 599 2789 sunt,
614 2765 674 2790 quae
686 2762 710 2784 te
725 2757 941 2792 baptizaverunt,
953 2758 1018 2785 Ver-

242 2801 316 2834 bum,
337 2810 395 2837 qum
412 2808 437 2830 tc
463 2803 561 2838 sacpius
584 2802 719 2830 victimam
744 2810 842 2830 novam
859 2803 1019 2832 immolave-

242 2852 314 2875 l‘lllli.

1100 2446 1159 2478 Sol,
1175 2451 1293 2481 quatuor
1304 2447 1384 2481 equis
1401 2451 1504 2474 tantum
1525 2447 1624 2474 habere
1636 2454 1670 2473 ne
1684 2446 1847 2481 indigneris;

1066 2491 1103 2518 illi
1124 2492 1228 2519 nostris
1245 2491 1314 2527 bigis
1323 2493 1379 2527 jam
1398 2492 1607 2520 insultarerunt.

1312 2538 1372 2565 15L
1387 2537 1419 2565 In
1433 2539 1602 2572 baptismum.

1104 2583 1136 2610 Et
1165 2587 1281 2610 mentem
1295 2603 1303 2615 ,
1324 2588 1352 2611 et
1375 2591 1485 2610 manum
1520 2587 1678 2611 trementem
1698 2587 1724 2610 et
1753 2589 1848 2608 omnes

1067 2636 1165 2656 sensus
1172 2629 1263 2663 aspice
1274 2629 1312 2655 tui
1324 2629 1433 2656 famuli.
1444 2630 1463 2656 A
1470 2629 1507 2662 bi,
1518 2629 1654 2664 quomodo
1660 2633 1686 2656 te
1695 2628 1828 2655 mundabo
1837 2627 1848 2653 ’ἶ

1067 2673 1140 2708 Ignis
1159 2674 1311 2701 exstinctus
1326 2678 1378 2707 est,
1392 2675 1482 2701 amnis
1498 2673 1700 2708 relrogrediens
1725 2672 1846 2699 recessit.

1068 2718 1157 2745 Tuum
1176 2725 1264 2752 regem
1282 2723 1387 2753 tanges,
1402 2726 1476 2746 nunc
1492 2718 1619 2746 videntur
1631 2717 1722 2744 omnia
1753 2717 1848 2744 buma-

1069 2769 1130 2789 uam
1147 2762 1262 2789 formam
1277 2770 1447 2797 recuperare,
1456 2767 1482 2790 et
1499 2762 1606 2790 tandem
1618 2762 1714 2790 iterum
1723 2761 1793 2789 idem
1806 2768 1845 2792 es,

1068 2808 1199 2842 sanguine
1230 2813 1324 2842 sponte
1348 2808 1440 2835 fluenti
1463 2808 1590 2834 manibus
1622 2808 1690 2834 meis
1718 2812 1744 2834 te
1771 2813 1850 2833 mun-

1069 2853 1148 2880 dalm.
1166 2869 1200 2874 —
1217 2853 1329 2881 llemdis
1357 2862 1370 2880 a
1398 2862 1451 2886 me,
1476 2862 1532 2886 rex,
1556 2859 1580 2881 et
1602 2853 1721 2880 inanima
1752 2852 1849 2880 ﬂuenta
