2082 3157
224 161 275 192 975

261 214 402 251 Κρέσσονα
418 212 521 249 μητρὸς
537 213 611 248 ἔχειν
627 211 750 248 μητρυὰν
767 211 915 246 ὲλπομένη.

221 260 332 287 Κτείνει
345 260 367 286 δ’
384 259 532 295 ίχουὸὁλος,
548 258 598 292 φεῦ
611 258 735 292 αἵσχεοςί
752 257 813 284 οὐδὲ
828 257 958 292 κυνηγὸς,

260 306 327 333 Οὐδὲ
342 306 445 341 δρομάς
466 313 499 339 με
514 304 596 336 κύων⁷
616 303 684 329 ἀλλὰ
694 302 765 330 λίνον
776 303 897 337 κατέχει.

219 353 284 379 Οὐδ’
299 352 400 383 ἀδίκως
417 350 525 377 ἐδίκασε
540 349 612 384 δίκη.
631 349 664 376 Τί
680 349 734 384 γὰρ
755 348 862 376 ἔλλιπον
878 346 941 376 αἶαν

257 399 313 433 Τὴν
330 397 432 432 φιλίην,
451 396 558 432 μούνων
571 395 652 422 ἕνεκα
666 395 841 430 θηροφόνωνς

363 446 434 478 ρνς’.
454 441 507 475 Εις
522 442 556 469 τὸ
569 442 644 475 πρὸς
656 441 714 475 τὴν
726 442 869 475 όρμωτόν.

257 489 313 524 Τῆς
331 487 457 524 ὸρμωτοῦ
469 487 499 514 τὸ
516 487 614 518 κάλλος
627 486 815 520 ἐξησκημένος

226 534 347 569 Χρυσοῠς
360 541 401 565 τις
418 532 504 568 ὅρμος
516 531 612 567 ὥσπερ
626 531 741 564 αὐγάζει
758 530 851 564 χθόνα.

429 575 494 612 ρνξ.
507 577 558 609 Είς
573 577 628 602 τὸν·
644 576 803 609 Θεολύτην.

227 623 260 650 Ἦ
280 623 380 657 γνῶσις
393 623 487 656 ὄντων,
509 621 659 658 Γρηγόριος
672 619 720 647 νῦν
735 620 853 656 βλέπων.

583 671 649 703 pur".

258 716 289 742 Oi
306 715 355 750 μὲν
370 714 454 741 πάλαι
471 713 580 740 θύουσιν
594 713 678 747 ἄρνας
695 712 742 739 καὶ
758 711 832 747 βόας.

229 761 301 795 Ἐγὼ
316 761 344 787 δὲ
357 759 467 796 Χριστῶ
481 759 519 793 τῷ
538 759 617 792 Λόγῳ
632 758 706 784 θύσω
720 758 799 791 λόγον
812 765 820 772 ·

225 807 269 842 Τῷ
280 807 317 842 νῷ
332 815 361 832 τε
376 806 421 832 τὸν
439 805 511 837 νοῦν,
525 804 634 838 πνεῦμα
647 803 791 837 πνεύματι,
808 802 882 838 τρία,

385 850 449 885 ρνθ’.
462 852 514 882 Εις
532 849 603 881 τοὺς
619 848 848 880 διαϐάλλοντας.

226 898 331 932 Πέρσης
353 898 367 923 ὁ
380 897 481 931 Κῦρος,
499 894 629 922 Μακεδὼν
651 893 834 928 Ἀλέξανδρος,

225 943 320 970 Λῦσων
336 943 350 968 ὁ
369 942 487 976 Καῖσαρ,
502 939 570 967 ἀλλὰ
583 939 635 965 τῶν
652 938 741 970 σοφῶν
762 937 846 972 φίλοι,

224 989 304 1022 Σοφοὶ
318 987 347 1014 δὲ
365 986 465 1022 μᾶλλον
484 985 597 1020 ἔμπλεοι
613 982 817 1018 παιδευμάτων.

225 1033 280 1060 Νῦν
294 1033 332 1059 δο¹

223 1080 279 1114 Τὴν
291 1079 392 1114 γνῶσιν
407 1077 563 1112 ἐγκαλοῦσι,
577 1075 627 1110 φεῦ
647 1075 750 1111 πικρᾶς
764 1075 849 1110 τύχης
861 1075 868 1102 l

597 1121 644 1155 ρξ’-

261 1173 362 1198 ’Δκους
380 1170 476 1201 ταῦτα,
492 1169 538 1203 γῆ,
554 1169 687 1200 θάλασσα,
703 1167 750 1193 καὶ
765 1167 855 1198 πόλος,

226 1217 317 1252 Ψυχαὶ¹
333 1216 423 1250 σοφῶν
434 1224 463 1242 τε
480 1216 527 1241 καὶ
539 1214 701 1250 στρατηγῶν
713 1214 767 1240 τῶν
787 1213 870 1238 πάλαι
879 1220 885 1226 ⁸

230 1261 386 1295 Ἰσοκράτης
404 1260 487 1295 ὥρισε
506 1260 601 1295 ῥώμην
617 1259 663 1285 καὶ
679 1259 781 1293 φρένας
793 1265 800 1273 ·

178 1330 180 1333 .
225 1307 389 1341 Θουκυδίδης
400 1306 493 1341 ἔμιξεν
506 1305 576 1331 ὅπλα
589 1305 636 1331 καὶ
649 1304 744 1339 λόγους
757 1312 765 1319 ·

229 1353 334 1388 Ῥήτωρ
349 1353 500 1388 στρατηγὸς
517 1352 563 1378 καὶ
575 1351 708 1386 Περικλῆς
722 1350 770 1377 καὶ
788 1349 892 1383 Κίμων,

230 1398 402 1432 ’Δλκιόιάδης
417 1399 462 1424 καὶ
477 1397 664 1432 Θεμιστοκλῆς
671 1396 764 1430 μέγας
777 1403 784 1410 ·

225 1445 327 1479 Ἄμφιν
341 1444 438 1470 τέλειοι
449 1444 482 1475 ⁸³,
499 1443 611 1469 Φωκίων
627 1442 729 1477 κρηπὶς
741 1441 835 1474 λόγων.

224 1490 355 1526 Ἕλληνες
369 1490 442 1517 ἄλλοι
461 1489 553 1525 μυρίοι
568 1487 663 1523 ῥώμης
680 1487 792 1522 πρόμοι.

224 1538 329 1572 Ἐφησε
344 1536 457 1571 πρώτην
468 1535 599 1570 τακτικὴν
614 1534 782 1570 μαθημάτων

856 134 1015 187 JOANNIS
1031 155 1246 186 GEOMETR/E

1025 215 1047 242 Α
1063 211 1175 237 Πλάτων
1192 212 1205 237 ὁ
1218 209 1332 241 κλεινὸς,
1353 209 1502 244 Σωκράτης
1516 203 1665 243 τολιὶητὶεις

1795 152 1849 183 9Ἷ6

1063 255 1179 292 Εῐχε,τὰ
1195 256 1291 292 πρῶτα
1307 255 1362 282 τῶν
1375 255 1513 290 ἀριστέων·
1522 254 1601 289 γέρα.

1064 302 1172 337 Ἥρωες
1190 301 1275 336 ἄρδην
1287 301 1387 331 πάντες
1403 299 1588 335 ἐξησκημένοι

1062 347 1186 382 Νέστωρ,
1211 346 1364 378 Ὀδυσσεὺς,
1379 345 1437 372 ἀλλ’
1459 345 1598 380 Ἀχιλλεὺς
1611 345 1657 370 καὶ
1672 343 1753 370 πλέον

1062 392 1152 423 Δεινὺς
1165 392 1278 427 θεωρεῖν
1294 392 1348 418 τῶν
1361 391 1430 418 ὅλων
1445 391 1493 418 καὶ
1504 391 1553 421 τὰς
1573 390 1681 425 φύσεις,

1062 439 1178 473 Κὶνησιν
1194 438 1302 473 ἄστρων
1317 437 1363 464 καὶ
1378 437 1481 472 φθορὰν
1496 437 1538 463 διὰ
1550 436 1612 471 ἔρος
1623 435 1657 469 ⁸⁸,

1063 485 1117 512 Καὶ
1133 485 1269 520 ῥυθμικῆς
1283 485 1415 519 ἔμπειρος
1426 482 1620 519 εὐαρμοστίας,

1068 530 1200 565 Ἰατρικός
1211 539 1251 562 τε,
1268 530 1314 556 καὶ
1330 529 1453 565 μαθητὴς
1469 528 1638 563 Κενταύρου.

1067 575 1138 602 Ἀλλ’
1155 575 1181 601 οἱ
1194 575 1271 610 σοφοὶ
1287 575 1346 606 νῦν,
1364 574 1434 609 πλὴν
1448 574 1504 608 ἐγὼ
1517 573 1626 608 μωροὺς
1644 572 1727 606 λέγω,

1062 622 1118 657 Τὴν
1137 621 1237 656 γνῶσιν
1253 619 1329 647 εἷπον
1342 620 1469 655 ἐμποδὼν
1486 620 1535 655 τῆς
1555 619 1677 654 ἀνδρίας.

1098 668 1136 694 Οὐ
1154 667 1329 703 συλλογισμοὶ
1343 667 1389 693 καὶ
1406 666 1522 701 στρατοῦ
1541 666 1686 700 διαιρέσεις
1699 672 1707 680 ·

1062 713 1139 741 Εῑπω
1151 714 1182 740 τὸ
1196 713 1299 749 μεῖζον,
1313 713 1373 740 οὐδὲ
1391 712 1511 739 κίνδυνοι
1523 713 1607 744 τόσοι,

1061 760 1118 786 οὐκ
1134 759 1196 794 ὄψις
1210 759 1226 794 ἡ
1243 759 1367 793 γέμουσα
1384 758 1489 784 πολλῶν
1504 756 1684 792 τραυμάτων·

1061 805 1099 831 Οὐ
1116 805 1176 840 χεὶρ
1188 804 1370 839 ὰριστεύουσα
1384 804 1431 830 καὶ
1448 803 1619 837 κεκαμμένη.

1064 850 1154 876 Ἔστω
1170 858 1212 881 τις
1224 849 1406 881 εὐστόλιστος,
1422 849 1616 883 ηὑθετισμένος
1626 857 1634 864 ο

1027 881 1049 908 Β
1064 895 1160 930 Κύμην
1178 895 1211 921 τὰ
1224 895 1309 921 πολλὰ
1321 881 1456 926 συντιθείς
1471 881 1660 930 εὐσχημόνως,

1070 940 1170 976 Ὀφρῦς
1185 941 1316 976 ἐπαίρων,
1330 941 1377 967 καὶ
1389 941 1481 974 φυσῶν
1498 940 1594 976 στῆθος
1608 940 1690 975 μέγα,

1062 987 1117 1013 Καὶ
1135 986 1305 1022 σκηνοποιῶν
1324 986 1437 1018 ἐθνικῶς
1449 995 1507 1017 πως
1519 986 1568 1021 τὴν
1583 987 1671 1021 κάραν
1683 994 1692 1002 ·

1062 1032 1193 1067 Πράττων
1210 1033 1228 1060 ἃ
1244 1033 1280 1068 μὴ
1300 1032 1350 1064 δεῖ,
1363 1033 1411 1060 καὶ
1429 1032 1517 1059 λαλῶν
1535 1032 1572 1063 ὡς
1584 1031 1696 1066 θηρίον’

1061 1077 1150 1113 Θηρσὶ
1164 1078 1280 1113 λαγωὸς,
1296 1080 1352 1110 τοῖς
1372 1078 1400 1105 δὲ
1415 1078 1555 1113 θρέμμασι
1574 1077 1673 1109 λύκος·

1062 1123 1166 1158 Πολλὴν
1182 1123 1268 1150 νοσῶν
1287 1124 1409 1157 ἄγνοιαν,
1422 1123 1584 1158 εὔγλωττος,
1598 1122 1692 1156 λάλος,

1064 1169 1210 1201 ’Λτακτος,
1228 1169 1330 1204 ἅρπαξ,
1350 1169 1496 1205 ἀλλοεθνὴς
1515 1169 1657 1202 πολλάκις,

1068 1215 1274 1251 “Mn-rotato;
1291 1216 1339 1242 τοῦ
1358 1215 1416 1251 βίου
1431 1215 1532 1247 παντὸς
1546 1215 1631 1250 λύμη.

1062 1259 1147 1293 οὗτος
1163 1262 1198 1288 τὰ
1217 1262 1314 1297 πρῶτα
1330 1261 1383 1289 τῶν
1399 1262 1533 1297 ἀριστέων
1546 1262 1619 1296 ἔχει·

1062 1304 1146 1338 Οὗτος
1165 1307 1328 1342 στρατηγὸς,
1345 1307 1417 1340 ὀξὺς,
1434 1307 1549 1343 εὐφυὴς,
1565 1307 1682 1342 πρόμος,

1063 1352 1218 1388 Σύμδουλος
1232 1353 1311 1385 εὐθὺς
1330 1353 1395 1388 ἡδὺς
1411 1355 1440 1379 έν
1454 1353 1609 1385 συνουσίαις
1620 1361 1627 1368 ⁸

1065 1399 1174 1434 ’Δρχων
1193 1398 1364 1434 στρατηγῶν,
1380 1399 1487 1434 πρῶτος
1504 1400 1533 1425 ὲν
1551 1399 1708 1434 βασιλείοις.

1070 1444 1100 1470 Ἠ
1114 1444 1136 1470 δ’
1151 1445 1236 1479 ἀρετὴ
1247 1444 1294 1470 καὶ
1310 1444 1408 1478 γνῶσις
1418 1446 1447 1472 ὲν
1458 1446 1518 1476 ταῖς
1528 1445 1642 1479 γωνίαις

1065 1490 1181 1524 Στυγναὶ
1199 1490 1331 1525 κάθηνται
1347 1491 1393 1517 καὶ
1410 1491 1639 1526 παρημελημέναι

1063 1536 1198 1572 Θρηνοῦσι
1217 1537 1322 1573 πικρῶς
1337 1537 1385 1572 οὐχ
1399 1537 1497 1569 ἑαυτὰς
1512 1539 1562 1572 τῆς
1574 1536 1658 1572 τύχης
1668 1545 1676 1553 ”

224 1627 317 1660 curri;
335 1625 436 1652 frustra
452 1631 566 1659 sperans
589 1623 730 1651 meliorem
746 1628 833 1651 matre
849 1623 948 1651 habere
965 1630 1013 1651 tto-
1026 1629 1049 1660 ο
1065 1625 1236 1657 Alcibiades,
1252 1629 1279 1652 et
1292 1633 1406 1660 magnus
1422 1624 1637 1658 Themistocles;
1658 1629 1775 1660 utroqtte
1788 1632 1852 1661 per-

172 1676 175 1678 ⁷
223 1679 343 1700 vercam.

261 1717 367 1745 Occidit
384 1724 428 1743 me
451 1716 582 1750 piscator,
599 1715 667 1749 proh
682 1714 786 1750 pudor!
810 1720 865 1740 non
887 1719 1011 1748 venator,

225 1771 280 1791 non
297 1763 375 1790 canis
390 1770 433 1788 me
447 1769 627 1796 persequens,
643 1761 690 1788 sed
710 1764 767 1787 rete
781 1767 825 1787 me
840 1759 923 1794 capit.

261 1808 319 1835 Non
336 1807 466 1842 injustam
491 1813 599 1840 pwnam
625 1806 728 1833 intulit.
750 1806 820 1832 Nam
844 1805 908 1840 quid
930 1805 1013 1832 relin-

225 1857 341 1890 qtch‘Jttl
371 1858 470 1880 teriam
496 1852 625 1885 amicam,
656 1852 778 1880 solorum
797 1859 880 1879 causa
899 1855 1012 1878 venato-

227 1909 286 1927 rutn
300 1900 312 1927 ’ί

406 1943 467 1970 156.
490 1943 529 1969 Διί
543 1943 684 1970 corollario
701 1949 836 1970 ornatum.

262 1991 349 2017 Aurea
364 1995 458 2017 catt-na
468 1989 527 2022 ejus
540 1989 585 2023 qui
601 1997 659 2015 ram
676 1993 766 2024 pcrtat
782 1989 1012 2024 pulchritudinem

225 2037 324 2065 mirum
346 2037 372 2063 in
391 2037 501 2063 modum
519 2036 708 2070 splendescere
727 2035 801 2062 facit.

472 2085 534 2111 157.
550 2084 582 2110 1η
603 2084 761 2118 theologum.

262 2133 371 2160 Entium
388 2132 513 2163 scicntia,
531 2130 680 2162 Gregorius
697 2137 770 2156 nunc
786 2129 889 2157 videns.

593 2176 653 2203 158.

262 2224 373 2252 Veteres
399 2222 542 2249 immolant
575 2229 640 2249 oves
663 2225 690 2248 et
715 2222 812 2253 boves,
843 2228 893 2256 ego
923 2228 1013 2247 autem

227 2269 339 2296 Christo
357 2267 448 2294 Verbo
464 2267 578 2294 verbum
601 2267 760 2297 immolabo,
781 2267 865 2292 menti
885 2270 1013 2299 mentem,

228 2315 355 2350 spiritum
374 2314 494 2348 spiritui,
510 2313 574 2340 tria.

473 2359 536 2385 159.
552 2358 584 2384 In
596 2357 769 2385 detractaret.

261 2407 345 2434 Persa
366 2405 418 2432 fuit
440 2404 539 2440 Cyrus,
556 2404 665 2431 Macedo
688 2403 853 2436 Alexander,
878 2403 1016 2431 Ausonius

225 2453 329 2486 Caesar,
358 2453 404 2479 sed
434 2452 599 2486 sapientium
626 2450 725 2483 amici;
750 2451 886 2485 sapientes
923 2455 1013 2477 autem

227 2504 426 2534 praeceptorum
444 2499 527 2533 pleni.
548 2497 686 2525 Nunc.....
708 2497 849 2525 scientiam
876 2497 1015 2529 incusant,

227 2552 278 2572 neu
295 2545 422 2574 acerbam
439 2545 558 2572 sorteml

590 2589 651 2617 160.

264 2637 362 2664 Audite
375 2637 442 2669 haec,
456 2641 540 2668 terra.
551 2643 627 2663 mare
641 2640 668 2663 et
683 2635 795 2668 malum,
808 2639 915 2662 mentes
929 2635 1017 2670 philo-

228 2684 377 2718 sophorum
403 2688 429 2710 et
452 2683 553 2710 ducum
575 2687 697 2710 veterum
715 2691 720 2708 :
744 2682 875 2709 Isocrates
895 2681 1018 2708 distinxit

228 2729 416 2756 Inrtitudinem
430 2734 457 2755 et
470 2728 677 2763 intelligentiam:
691 2737 698 2761 ;
716 2727 890 2762 Thucydides
905 2726 1018 2754 miscuit

226 2782 302 2802 arma
314 2781 337 2802 et
356 2775 476 2810 scripta;
488 2775 579 2802 rhetor
591 2779 618 2802 et
629 2774 682 2801 dux
698 2773 750 2801 fuit
766 2773 896 2806 Pericles,
909 2772 1016 2806 Cimon,

260 2862 283 2879 ³³
296 2863 397 2895 sisto;
415 2864 476 2891 cod.
515 2863 536 2881 ⁸⁸
551 2863 615 2898 Leg.
633 2863 720 2898 φορὰν
732 2862 765 2890 δι’
783 2863 871 2899 ἀέρος.

1065 1670 1171 1704 fectus,
1207 1670 1309 1698 Pltocio
1340 1671 1511 1698 orationibus
1540 1671 1671 1704 illustris;
1691 1671 1779 1699 Grzeci
1803 1670 1850 1698 alii

1064 1719 1185 1745 sexcenti
1216 1716 1377 1744 fortitudine
1401 1717 1554 1751 conspicui.
1585 1716 1703 1744 Primam
1721 1716 1852 1744 scientia-

1064 1771 1125 1790 rum
1151 1763 1278 1791 tacticam
1318 1763 1438 1790 instituit
1462 1763 1579 1791 illustris
1607 1763 1695 1798 Plato,
1722 1763 1852 1791 Socrates

1064 1808 1235 1835 fortitudinis
1259 1808 1329 1835 inter
1345 1808 1465 1844 optimos
1481 1809 1584 1844 primas
1598 1809 1728 1837 obtinuit.
1746 1808 1852 1835 Heroes

1063 1861 1159 1881 omnes
1175 1854 1286 1881 omnino
1313 1854 1389 1889 politi
1415 1857 1504 1888 erant,
1522 1855 1637 1887 Nestor,
1658 1853 1780 1890 Ulysses,
1807 1853 1850 1880 vel

1064 1899 1182 1927 Achilles
1195 1899 1294 1927 ardens
1310 1900 1396 1934 magis
1408 1900 1441 1927 ad
1451 1900 1647 1935 explorandum
1661 1900 1852 1927 universorum

1064 1950 1187 1977 naturas,
1211 1949 1313 1971 motum
1331 1950 1469 1972 astrorum
1485 1949 1512 1972 et
1525 1949 1627 1978 pestem
1646 1952 1696 1980 per
1708 1951 1811 1976 aerem,
1825 1948 1854 1970 et

1065 1996 1134 2026 apta:
1150 1991 1252 2026 peritus
1268 1996 1468 2026 temperaturae,
1484 1995 1512 2019 et
1525 1991 1650 2019 medicus
1663 1995 1690 2018 et
1703 1990 1853 2025 discipulus

1065 2038 1205 2066 Centauri.
1233 2037 1286 2065 Sed
1310 2037 1465 2072 philosophi
1497 2042 1638 2068 recentes,
1666 2044 1737 2072 quos
1763 2042 1854 2064 tamen

1066 2084 1164 2111 stultos
1196 2084 1273 2116 dico,
1310 2083 1454 2111 scientiam
1481 2083 1651 2111 contendunt
1679 2083 1854 2110 obstaculum

1065 2138 1125 2158 esse
1141 2130 1319 2158 iortitudinis.

1102 2176 1160 2204 Non
1176 2177 1336 2212 syllogismi,
1352 2181 1377 2204 et
1392 2177 1530 2205 exercitus
1544 2175 1750 2211 dispositiones,
1764 2176 1853 2211 majus

1066 2221 1140 2251 dico.
1153 2228 1206 2248 non
1224 2221 1346 2256 pericula
1364 2226 1450 2254 tanta,
1463 2228 1518 2248 non
1539 2225 1669 2256 aspectus
1690 2221 1786 2248 multis
1796 2220 1856 2247 vul-

1068 2268 1178 2295 neribus
1195 2268 1301 2302 plenus,
1318 2275 1374 2295 non
1399 2275 1498 2295 manus
1513 2267 1592 2295 fortis
1606 2273 1633 2295 et
1646 2271 1795 2302 amputata.
1814 2266 1856 2295 Sit

1069 2314 1167 2348 aliquis
1181 2314 1250 2340 bene
1261 2318 1378 2348 togatus,
1397 2317 1460 2348 apte
1475 2314 1656 2348 compositus,
1671 2321 1777 2341 comam
1798 2313 1856 2348 ple-

1070 2367 1185 2394 rumque
1200 2367 1368 2392 componens
1383 2359 1520 2390 decenter,
1539 2359 1654 2387 frontem
1674 2359 1811 2391 attollens,
1829 2363 1857 2386 et

1070 2408 1166 2440 pectus
1190 2405 1307 2431 multum
1325 2404 1433 2436 inflatis,
1448 2404 1588 2439 gentiliter
1603 2409 1632 2431 ιιι
1647 2404 1856 2432 tabernaculum

1070 2455 1179 2485 gestans
1190 2453 1272 2485 caput
1287 2457 1387 2484 :agens
1399 2457 1460 2485 quae
1472 2457 1526 2476 non
1535 2455 1643 2485 oportet
1657 2454 1684 2477 et
1691 2450 1808 2486 loquens
1822 2455 1853 2477 ut

1069 2496 1127 2523 fera
1145 2505 1152 2524 ι
1169 2496 1289 2523 strenuis
1303 2496 1391 2530 lepus,
1417 2495 1552 2524 debilibus
1565 2496 1663 2531 lupus;
1681 2496 1766 2523 multa
1782 2496 1856 2530 igno-

1069 2543 1159 2570 rantia
1180 2542 1321 2573 laborans,
1347 2541 1458 2576 loquax,
1485 2541 1675 2575 inordinatus,
1705 2541 1857 2574 violentus,

1071 2592 1219 2614 extrancus
1243 2594 1326 2620 sepe,
1341 2586 1453 2614 infanda
1478 2594 1573 2622 agens,
1599 2587 1690 2614 omnis
1718 2586 1858 2614 societatis

1070 2634 1176 2661 sordes.
1191 2631 1244 2660 lstc
1260 2634 1363 2667 primas
1381 2633 1451 2660 inter
1471 2638 1598 2661 strenuos
1618 2633 1714 2665 habet;
1733 2632 1784 2659 iste
1803 2633 1857 2659 dux

1070 2684 1122 2711 est,
1145 2686 1218 2710 acer,
1229 2679 1366 2714 egregius,
1379 2678 1556 2713 conspicuus,
1568 2679 1739 2710 consiliator,
1757 2683 1858 2709 rectus.

1068 2725 1206 2758 jncundus
1230 2725 1256 2751 in
1281 2725 1552 2757 eonversationibus,
1571 2724 1688 2752 ducibus
1715 2728 1857 2759 praestans,

1070 2772 1176 2806 primus
1200 2771 1226 2799 in
1257 2771 1349 2807 regiis.
1373 2770 1466 2799 Virtus
1481 2776 1571 2799 autem
1588 2776 1615 2799 et
1629 2771 1745 2798 scicntia
1762 2770 1790 2798 in
1810 2778 1857 2796 att-
