2082 3157
224 209 276 243 971

223 268 307 296 Φύσει
323 267 378 303 γὰρ
391 264 470 296 αὗται
484 268 573 304 τίμιαι
587 269 634 297 καὶ
650 270 706 303 τοῖς
721 270 819 303 ξένοις,

225 314 362 350 Θρηνοῦσι
379 314 401 341 δ’
416 315 501 350 αὐτὴν
516 315 565 351 τὴν
582 316 719 351 βασίλειον
733 317 810 344 πόλιν
828 325 835 332 ’

226 361 280 387 Καὶ
294 362 423 396 σκῆπτρα
441 361 553 396 Ῥώμης
566 363 614 388 καὶ
629 364 662 389 τὰ
682 363 826 398 Ῥωμαίων
841 363 922 396 καλὰ,

232 407 345 434 Ῥυέντα
359 407 428 442 πρὸς
444 407 507 442 χοῦν
527 408 606 443 ἔργα,
621 410 668 435 καὶ
688 409 791 444 σεμνὰς
805 410 898 441 πόλεις

225 455 289 485 Τοῖς
303 453 404 486 ἔθνεσι,
420 453 470 488 φεῦ
483 455 490 480 l
504 454 628 486 ἐκτόπως
644 456 819 489 πατουμένας
831 464 838 470 ·

225 500 282 526 Καὶ
296 492 376 531 δόξαν
391 499 548 535 ἀνθήσασαν
562 500 591 526 ὲν
609 500 717 532 πολλοῖς
729 501 846 536 χρόνοις,

226 545 281 571 Καὶ
294 544 341 571 τοῦ
360 544 516 580 στρατηγοῦ
531 545 565 571 τὰ
580 544 663 580 νεῦρα
675 546 912 580 συγκεκομμένα.¹

225 590 328 617 Γελῶσι
345 590 368 617 δ’
384 590 481 622 αὐτοὺς
497 590 544 617 καὶ
561 591 661 625 σοφοὺς
673 590 822 623 ὖπξὺλους

226 636 282 663 Καὶ
295 637 357 668 τοὺς
374 636 502 668 τεθέντας
512 636 567 663 τῶν
584 635 653 664 νέων
666 636 756 671 σοφῶν
774 637 874 673 δόμους
889 637 924 666 ⁸⁵.

224 681 318 714 me;
331 691 373 714 τις
388 681 460 709 ἔστω
472 683 527 714 πᾶς
541 682 632 717 σοφὸς,
650 682 703 710 κᾶν
718 683 756 719 μὴ
767 683 842 720 θέλῃ,

225 727 309 762 Λαγῶ
325 727 382 763 βίον
394 728 459 762 ζῶν,
476 728 586 763 γλῶττα
602 728 650 755 καὶ
662 729 768 764 γαστὴρ
785 729 876 765 μόνον.

225 775 373 810 Πράκτωρ,
390 774 527 810 ὑπουργὸς
540 775 588 802 καὶ
601 776 734 811 ποριστὴς
748 775 897 811 χρημάτων
906 784 913 792 ·

224 820 281 855 Τῆς
292 820 404 856 ἀνδρίας
421 820 471 856 μὲν
484 821 514 847 ὲν
531 820 620 855 λόγοις
633 820 792 857 ἐπαινέτης,

225 866 281 893 Καὶ
296 866 346 901 τῆς
362 866 479 898 παλαιᾶς
491 866 592 902 ἀρετῆς
608 866 782 907 μεμνημένος
793 875 801 883 ·

226 909 340 947 Ἔργοις
353 912 382 939 δὲ
394 913 498 947 ταύτης
511 912 561 947 τὴν
577 912 702 940 ἐναντίαν
716 913 820 948 τρέχων
829 921 836 928 ·

224 958 285 985 Κᾶν
303 959 327 985 εἰ
340 958 431 993 σοφῶν
444 967 487 990 τις
498 959 578 991 ἄλλος
598 959 709 994 ἀνδρίαν
723 959 800 986 λάϐοι
810 966 818 974 ·

224 1003 293 1030 Θεοῦ
308 1003 363 1039 γὰρ
377 1003 443 1030 αὐτὸ
457 1004 543 1040 δῶρον
556 1001 615 1031 οἶδα
631 1005 679 1032 καὶ
695 1005 785 1040 μόνον,

226 1050 377 1082 Ἐκτακτος
391 1047 478 1083 οὗτος,
496 1050 544 1077 καὶ
560 1050 650 1085 σοφῶν
666 1049 737 1078 λύων
751 1051 861 1086 νόμους.

222 1095 276 1122 Φεῦ
288 1096 339 1131 τῆς
354 1096 466 1130 ἀγνοίας
482 1097 488 1123 l
507 1095 558 1131 φεῦ
573 1096 673 1131 φθόνου
686 1097 692 1123 ί
709 1097 760 1131 φεῦ
776 1097 828 1124 τῶν
841 1097 906 1125 δύοε

187 1137 191 1141 ”
224 1142 285 1170 Υιοὶ
300 1143 405 1179 βροτῶν
423 1144 564 1179 μαίνοισθε
580 1145 661 1181 μέχρι
678 1145 726 1172 καὶ
739 1146 828 1179 τίνος;

225 1189 261 1215 Ἢ
276 1189 331 1216 τῶν
350 1189 440 1216 καλῶν
455 1190 510 1224 γάρ
523 1190 636 1226 ἀνδρίαν
649 1191 679 1217 οὗ
692 1192 841 1226 γραπτέον,

225 1234 263 1261 Ἦ
277 1235 314 1270 μὴ
335 1236 457 1270 μετεῖναι
470 1235 523 1262 τῶν
537 1236 627 1263 καλῶν
643 1236 748 1264 ὲατέον.

224 1281 321 1316 Σοφοτς
334 1281 415 1316 σοφὸν
434 1281 462 1308 δὲ
474 1282 560 1308 καὶτὸ
572 1282 715 1318 βούλεσθαι
730 1284 801 1317 τόδε,

224 1325 282 1362 Τῆς
298 1327 322 1353 δ’
337 1327 439 1361 ἀρετῆς
452 1328 575 1364 πόρρωοι
590 1328 698 1355 κεῖσθαι
713 1329 762 1362 τὰς
775 1329 877 1365 φρένας
889 1339 897 1346 ·

225 1372 281 1408 Τὴν
294 1372 318 1399 δ’
334 1369 368 1399 αὖ
379 1372 486 1399 τελείαν
499 1373 599 1408 ἀρετὴν
615 1373 672 1408 ἐγὼ
687 1374 769 1409 λέγω,

225 1417 387 1452 Εὐανδρίαν,
405 1418 550 1454 φρόνησιν,
567 1419 669 1454 ἡδονῶν
687 1420 800 1455 κράτος.

229 1461 262 1490 'H
276 1462 298 1489 δ’
313 1462 404 1497 ἰσότης
416 1462 443 1490 τί
456 1471 464 1496 ;
480 1463 587 1498 Κρᾶσις
601 1463 708 1499 ἀρετῶν
723 1464 769 1498 ῐση
782 1473 789 1480 ·

225 1507 316 1542 Ὅπερ
330 1506 435 1534 δίκαιον
447 1506 505 1534 ἐστι
523 1507 571 1534 καὶ
584 1508 710 1534 καλεῖται
726 1509 783 1540 τοῖς
799 1508 893 1535 πάλαι.

224 1553 306 1581 Μισῶ
324 1552 454 1589 σοφιστὴν
467 1553 541 1584 ὅστις
553 1553 602 1588 οὐχ
615 1552 691 1588 αὑτῷ
709 1553 790 1587 σοφός
803 1561 811 1570 ο

225 1599 288 1627 οὐδ’
302 1598 382 1635 ἔσχεν
395 1596 493 1635 οἷσπερ
504 1598 553 1626 καὶ
565 1599 646 1634 σοφὸς
655 1598 830 1636 γνωρίζεται.

878 213 1049 244 CARMINA
1065 214 1191 244 VARIA.

1025 277 1047 304 Α
1063 273 1094 299 Εἰ
1105 270 1248 299 σύλλαὸεῖν
1259 272 1286 299 δὲ
1303 271 1340 306 μὴ
1356 270 1460 302 σθένεις
1474 271 1577 305 τόλμαν
1593 271 1675 305 λόγῳ,

1800 214 1854 246 978

1065 319 1099 345 Τί
1112 319 1167 350 τοῖς
1179 318 1270 354 ἔχουσι
1282 318 1330 345 καὶ
1343 317 1451 352 φθονεῖς
1462 317 1623 348 άνενδότωςε

1065 365 1099 391 Τί
1120 364 1168 391 καὶ
1185 364 1300 400 στερεῖς,
1316 363 1455 399 ἄνθρωπε,
1475 362 1578 397 γνῶσιν
1599 362 1708 397 ἰσχύοςς

1064 410 1098 436 Τί
1113 411 1171 442 τοῖς
1185 409 1336 444 ἀγνώστοις
1351 409 1516 444 ἑγχειρίζεις
1534 409 1613 443 ἡνίας
1627 417 1635 440 ;

1064 456 1098 483 Τί
1115 455 1212 491 βρῶμα
1223 457 1310 487 ποιεῖς
1325 456 1374 487 τὰς
1385 456 1483 487 πόλεις
1498 457 1554 486 τοῖς
1568 454 1740 490 βαρϐάροις;

1065 501 1097 528 Τί
1113 501 1196 535 νεῦρα
1211 501 1320 535 τέμνεις
1333 501 1380 528 τοῦ
1397 501 1514 536 στρατοῦ
1529 500 1721 536 τεθραμμένα,

1065 547 1179 579 Πολλαίς
1195 547 1311 574 παλαιοῦ
1325 547 1374 574 κα)⁵
1389 547 1486 579 καλαῖς
1500 554 1692 582 στρατηγίαις,

1064 591 1209 627 Εὑρήμασί
1221 600 1250 618 τε
1262 592 1309 618 καὶ
1323 591 1413 626 σοφῶν
1426 592 1632 627 τεχνουργίαις;

1065 638 1213 674 Εὖριπῖδου
1230 638 1289 670 πῶς
1299 638 1355 665 τῶν
1373 638 1537 674 στρατηγῶν
1548 639 1597 674 τὴν
1611 638 1702 674 κρίσιν

1065 685 1149 719 Σοφὺς
1167 685 1264 717 δοκῶν,
1278 685 1417 720 ἄνθρωπε,
1432 684 1480 711 νῦν
1495 685 1679 720 παρατρέχεις

1065 731 1168 767 Θάρσει
1181 732 1332 767 προκρίνας
1342 731 1396 758 τῶν
1415 731 1524 766 φρενῶν
1540 730 1700 763 tumultu;

1068 777 1116 804 Ἐν
1130 777 1184 812 γὰρ
1195 777 1271 804 οὐδὲν
1287 776 1400 813 θάτερον
1417 777 1605 812 λελειμμένον.

1065 823 1099 850 Τί
1112 824 1160 850 καὶ
1175 823 1295 850 καλοῦσι’
1304 823 1352 858 τὴν
1370 823 1487 858 Ἀθηνᾶν
1506 822 1649 854 Παλλάδα;

1066 869 1100 896 Τί
1117 869 1160 902 δ“;
1176 869 1226 895 οὐχ
1245 868 1383 895 Ἀπόλλων
1401 868 1532 903 μουσικὸς
1545 869 1593 895 καὶ
1610 867 1738 902 τοξότης;

1066 914 1099 941 Τί
1113 914 1137 941 δ’
1154 912 1189 949 ἦν
1211 914 1372 950 Ἀχιλλεύςς
1389 914 1498 950 πρῶτος
1508 914 1539 940 οὐ
1554 913 1666 948 θεωρίᾳ,

1029 946 1052 974 Β
1065 961 1121 989 Καὶ
1141 946 1271 996 μουσικός
1289 969 1332 992 τις
1349 946 1531 997 ᾖδενὰνδρῶν
1544 960 1578 986 τὰ
1594 946 1679 992 κλέα;

1068 1006 1201 1042 Ἰατρικὸς
1213 1006 1236 1033 δ’
1246 1006 1290 1038 οὓ,
1307 1007 1354 1033 καὶ
1368 1006 1491 1042 μαθητὴς
1504 1005 1661 1040 Κενταύρου
1673 1013 1680 1038 ;

1063 1053 1096 1080 Τί
1109 1053 1132 1080 δ’
1144 1052 1179 1088 ἦν
1198 1052 1359 1086 Ὀδυσσεύςς
1375 1053 1405 1079 οὐ
1421 1053 1510 1087 λόγοις
1527 1053 1618 1086 σοφοῖς
1631 1051 1721 1086 ῥέωνς

1063 1099 1100 1125 Τὸ
1113 1098 1239 1126 σύντονον
1256 1099 1284 1125 δὲ
1303 1100 1344 1130 τίς
1357 1098 1523 1134 κατώρθωσε
1539 1099 1637 1131 π).έον;

1070 1145 1125 1172 Ἐῶ
1140 1144 1240 1172 Πύλιον
1256 1144 1304 1171 τοῦ
1321 1144 1429 1180 μέλιτος
1445 1145 1522 1178 ἡδίω,

1063 1190 1120 1217 Καὶ
1134 1189 1184 1225 τὴν
1206 1189 1343 1225 Ἀτρείδου
1361 1189 1585 1224 συντετμημένην
1601 1189 1690 1224 φύσιν,

1065 1236 1177 1271 Ἦρωας
1192 1235 1278 1271 ἄρδην
1294 1234 1370 1261 ἐνθεν
1385 1235 1598 1270 ὠνομασμένους
1611 1243 1618 1250 ·

1065 1281 1195 1317 Είροντας
1211 1280 1241 1308 εὖ
1256 1289 1286 1307 τε
1301 1282 1350 1308 καὶ
1363 1280 1494 1314 λέγοντας
1506 1280 1639 1315 ἐντέχνως
1649 1289 1656 1297 ·

1071 1327 1189 1363 Ἀνδρῶν
1201 1327 1330 1354 ἁπάντων
1344 1328 1495 1363 Σωκράτης
1509 1329 1680 1362 σοφώτερος·

1067 1373 1153 1408 Ἐστη
1171 1373 1194 1398 δ’
1207 1373 1253 1398 ἐπ’
1266 1373 1352 1408 αὐτὴν
1365 1373 1497 1404 πολλάκις
1509 1372 1561 1408 τὴν
1573 1373 1674 1399 ἀσπίδα
1686 1380 1694 1388 '

1065 1419 1121 1445 Kal
1134 1417 1243 1453 πρῶτος
1258 1416 1310 1453 ἦρε
1326 1417 1380 1444 τῶν
1395 1418 1530 1454 ἀριστέων
1545 1418 1614 1454 γέρα
1627 1426 1636 1434 ο

1065 1463 1180 1489 Πλάτων
1195 1463 1326 1499 ἀθλητὴς,
1340 1464 1387 1490 καὶ
1406 1463 1531 1499 μαχητὴς
1542 1463 1683 1499 Λίσχόλος.

1071 1507 1101 1534 '0
1118 1508 1141 1535 δ’
1154 1507 1201 1535 οὖν
1216 1508 1378 1544 στρατηγῶν
1389 1509 1498 1544 πρῶτος
1508 1509 1539 1535 οὐ
1555 1510 1602 1536 καὶ
1620 1510 1743 1546 ῥητόρων
1757 1509 1802 1543 "'z

1066 1554 1160 1589 Σοφῶν
1171 1554 1200 1581 δὲ
1215 1554 1325 1590 μᾶλλον,
1337 1555 1366 1586 ὃς
1379 1554 1438 1582 λύει
1454 1556 1596 1590 χρησμοὺς
1611 1556 1701 1590 μόνος,

1067 1601 1179 1634 Βουλσϊς
1189 1601 1218 1629 δὲ
1234 1602 1297 1637 νικᾷ
1309 1602 1357 1629 καὶ
1375 1601 1477 1637 μάχαις
1491 1602 1541 1638 τὴν
1553 1602 1605 1638 γῆν
1620 1602 1702 1638 ὃλην⁶

225 1690 297 1727 gulis
314 1690 408 1719 tristes
416 1690 514 1719 sedent
528 1693 556 1718 et
566 1689 706 1725 neglectae,
718 1689 908 1717 lamentantur
922 1696 1015 1717 amare
1029 1698 1051 1729 ρ
1068 1690 1140 1725 apud
1158 1695 1276 1719 veteres.
1296 1689 1347 1718 Odi
1362 1691 1512 1726 sophistam
1527 1691 1575 1726 qui
1598 1690 1650 1719 sibi
1674 1698 1729 1718 non
1747 1691 1858 1726 sapiens

225 1744 280 1765 non
295 1744 375 1765 suam
391 1740 505 1769 sortem,
523 1743 588 1764 nam
611 1740 710 1764 natura
725 1736 891 1764 honoranda:
907 1741 972 1763 sunt
985 1740 1013 1764 et

224 1782 261 1810 ab
272 1783 375 1811 exteris
399 1783 583 1816 honoramur,
598 1783 646 1811 sed
669 1783 854 1810 lamentantur
869 1782 954 1817 ipsam
968 1789 1012 1809 re-

224 1827 297 1864 giam
314 1827 421 1862 urbem,
437 1833 464 1855 et
479 1832 587 1863 sceptra
601 1827 694 1855 Roma:
712 1832 740 1855 et
756 1826 940 1855 Romanorum
956 1827 1014 1854 exi-

225 1874 291 1906 mia,
315 1873 411 1901 diruta
425 1873 459 1901 ad
482 1874 573 1901 solum
602 1881 701 1909 opera,
725 1877 754 1901 et
774 1873 881 1901 nobiles
904 1873 1013 1901 urbesa

225 1919 352 1955 gentibus
365 1920 434 1948 heu!
452 1919 591 1948 horrendo
607 1920 689 1947 modo
707 1919 894 1952 conculcatas,
909 1924 936 1947 et
951 1919 1013 1954 glo-

219 1965 295 1994 riam
312 1973 373 2001 quae
385 1969 464 1999 tanto
482 1970 605 2001 tempore
622 1965 724 1998 ﬂoruit,
744 1969 771 1992 et
793 1965 872 1993 ducis
889 1965 1012 2000 vigorem

225 2018 429 2049 colisumptum.
445 2012 546 2041 Rident
567 2017 658 2039 autem
679 2012 741 2039 illos
763 2012 902 2046 sapientes
926 2011 1012 2039 subli-

225 2067 320 2095 gneos,
333 2063 361 2088 et
371 2060 421 2088 has
434 2067 495 2095 quae
507 2059 602 2095 pesita:
616 2062 681 2086 sunt
697 2065 832 2085 novorum
847 2057 1013 2092 sapientium

224 2106 333 2134 domos.
349 2105 450 2134 Socors
462 2105 499 2133 sit
517 2105 606 2143 omnis
618 2103 810 2139 philosophus,
829 2103 893 2131 licet
910 2103 1011 2130 nolue-

225 2151 272 2184 rit,
290 2151 391 2186 leporis
406 2151 491 2179 vitam
506 2151 619 2183 vivens;
635 2150 729 2185 lingua
743 2154 849 2178 tantum
866 2153 894 2177 et
909 2153 1012 2182 venter,

225 2196 319 2224 alacer
335 2196 370 2224 ad
386 2196 533 2231 agendum,
549 2195 742 2231 obsequiosus,
762 2195 921 2223 divitiarum
935 2201 1014 2229 quae-

225 2242 305 2275 sitor,
332 2241 503 2270 fortitudinis
525 2241 552 2269 in
570 2241 808 2273 verbislaudator,
823 2245 851 2268 et
871 2241 1011 2275 antiquam

225 2289 355 2316 virtutem
384 2295 552 2321 memorans,
578 2287 708 2323 operibus
730 2291 821 2314 autem
844 2286 1012 2314 contrariam

225 2334 319 2362 virtuti
334 2334 406 2361 viam
421 2341 548 2369 sequens,
566 2334 692 2370 quamvis
710 2333 810 2369 aliquis
825 2332 896 2360 alius
921 2332 1014 2367 philo-

1067 1742 1118 1769 εει,
1133 1741 1161 1764 et
1173 1744 1227 1763 non
1242 1736 1323 1764 habet
1336 1744 1368 1765 ea
1383 1737 1484 1772 quibus
1497 1737 1608 1772 sapiens
1621 1737 1810 1772 cognoscitur.
1826 1737 1856 1764 Si

1067 1789 1133 1809 vero
1141 1781 1308 1817 conjungere
1319 1790 1372 1810 non
1384 1788 1460 1816 potes
1473 1782 1661 1810 fortitudinem
1671 1783 1781 1815 rationi,
1789 1783 1856 1817 quid

1068 1828 1111 1855 his
1122 1829 1167 1863 qui
1179 1833 1325 1863 utrumque
1337 1829 1438 1856 habent
1449 1829 1556 1856 invides
1570 1829 1772 1864 pertinaciter?
1783 1829 1854 1862 Quid

1068 1874 1172 1909 privas,
1192 1881 1210 1902 ο
1225 1875 1318 1908 homo,
1346 1874 1489 1903 scientiam
1517 1875 1636 1902 robore?
1661 1875 1728 1910 quid
1752 1875 1856 1909 ignaris

1068 1920 1126 1948 lora
1137 1921 1271 1948 remittis?
1283 1920 1347 1956 quid
1363 1921 1446 1948 urbes
1462 1923 1567 1956 praebes
1581 1921 1708 1948 barbaris
1719 1921 1854 1955 praedam?

1068 1965 1135 2000 quid
1154 1973 1254 1992 nervos
1269 1966 1376 2000 rumpis
1398 1965 1536 1993 exercitus
1553 1965 1642 1992 edocti
1665 1966 1760 1992 multis
1785 1965 1859 1992 anti-

1068 2011 1183 2046 quitatis
1205 2015 1232 2038 et
1252 2011 1376 2045 pulchris
1397 2011 1558 2045 strategiis,
1594 2011 1858 2045 inventionibusque

1067 2059 1094 2083 et
1109 2054 1254 2089 praeceptis
1268 2055 1455 2089 sapientium?
1479 2055 1615 2090 Euripidis
1641 2055 1742 2082 ducum
1760 2055 1858 2082 delini-

1069 2103 1171 2129 tionem
1192 2101 1330 2137 sapienter
1351 2101 1491 2136 judicans,
1511 2101 1604 2134 homo,
1621 2101 1760 2136 quomodo
1784 2108 1859 2129 nunc

1068 2147 1256 2183 praetermittis
1281 2147 1436 2175 fortitudini
1452 2151 1622 2182 anteponens
1637 2147 1738 2174 mentis
1751 2147 1858 2174 instru-

1067 2193 1310 2222 ctionem?Unum
1328 2194 1401 2221 enim
1419 2201 1469 2221 nec
1491 2193 1607 2220 alterum
1625 2193 1763 2220 relictum.
1786 2193 1858 2225 Quid

1067 2240 1140 2268 enim
1167 2243 1267 2267 vocant
1289 2239 1422 2266 Athenam
1452 2238 1582 2266 Pallada?
1610 2237 1697 2273 quid,
1727 2245 1780 2265 non
1806 2237 1859 2265 fuit

1068 2284 1165 2319 Apollo
1182 2284 1305 2312 musicus
1324 2288 1349 2312 et
1366 2280 1540 2311 arcitenens?
1552 2283 1618 2318 quid
1645 2282 1697 2310 fuit
1710 2282 1832 2310 Achilles
1844 2283 1857 2310 ἲ

1069 2338 1159 2358 nonne
1185 2332 1292 2366 primus
1308 2330 1435 2363 scientia,
1461 2334 1489 2357 et
1514 2329 1637 2357 musicus
1662 2336 1715 2356 non
1739 2328 1791 2356 fuit
1806 2329 1859 2358 iste

225 2380 373 2415 sophorum
393 2379 581 2408 fortitudinem
605 2379 755 2415 acceperit,
779 2378 826 2406 Dei
848 2379 921 2406 enim
945 2378 1013 2406 illud
1030 2388 1054 2418 ι)
1066 2377 1189 2404 virorum
1205 2376 1305 2404 decus?
1323 2383 1414 2404 nonne
1431 2375 1564 2408 medicus,
1580 2379 1608 2403 et
1623 2375 1776 2410 discipulus
1787 2375 1860 2403 Cen-

226 2425 328 2453 donum
343 2425 429 2454 solius
446 2433 508 2454 esse
534 2426 611 2459 scio;
629 2425 681 2454 iste
703 2429 781 2453 extra
796 2425 921 2453 ordinem
933 2429 976 2453 est
989 2430 1017 2453 et

226 2471 452 2506 philosophorum
468 2471 596 2506 frangens
614 2471 696 2508 leges.
710 2470 784 2498 Proh
813 2471 1014 2507 ignorantiam!

226 2517 295 2553 proh
325 2518 470 2546 invidiam!
504 2517 572 2553 proh
591 2517 764 2553 [utrumquel
795 2517 842 2544 filii
872 2517 1014 2544 hominum

227 2570 372 2598 usquequo
386 2563 462 2591 stulti
476 2562 573 2590 eritis?
590 2561 640 2590 Vel
654 2563 727 2590 enim
741 2562 929 2591 fortitudinem
945 2562 1017 2590 inter

225 2608 305 2636 dotes
320 2608 444 2644 egregias
467 2616 522 2635 non
545 2607 694 2635 inscribere
710 2612 827 2642 oportet,
843 2607 885 2635 vel
899 2615 914 2634 a
927 2607 1016 2635 virtu-

228 2654 300 2681 tibus
313 2654 433 2681 eximere
450 2661 504 2680 non
529 2652 592 2680 licet
608 2661 615 2680 :
632 2652 803 2687 sapientibus
819 2653 929 2688 sapiens
944 2652 1012 2680 illud

228 2699 307 2730 velle.
328 2699 409 2734 longe
419 2707 436 2727 a
448 2700 549 2726 virtute
561 2698 654 2733 jacere
669 2702 800 2729 mentem,
816 2698 868 2726 Sed
883 2706 934 2733 ego
950 2705 1015 2732 per-

229 2745 328 2772 fectant
353 2745 484 2773 virtutem
499 2745 572 2777 dico,
599 2743 799 2776 fortitudinem,
831 2743 1013 2778 prudentiam,

228 2792 399 2827 voluptatum
418 2790 732 2826 victorinm.Equulitas
746 2790 811 2825 quid
823 2790 884 2817 est?
898 2789 1012 2825 aqualis

229 2838 362 2865 virtutum
380 2837 548 2870 commistio,
572 2837 646 2872 quod
667 2836 773 2872 justum
789 2841 830 2864 est
853 2841 880 2864 et
901 2840 1018 2864 vocatur

267 2920 291 2937 "
307 2919 387 2948 Prius
403 2923 463 2948 erat
474 2918 582 2954 νόμους.
618 2918 641 2935 ⁸⁸
656 2917 685 2946 In
700 2925 787 2954 marg.
799 2917 994 2954 Θεμιστοκλῆς.

1069 2422 1159 2450 tauri?
1182 2421 1248 2457 quid
1272 2421 1323 2449 fuit
1344 2420 1474 2457 Ulysses?
1493 2427 1586 2448 nonne
1605 2420 1775 2455 sapientibus
1800 2428 1859 2448 ser-

1069 2468 1198 2495 monibus
1225 2467 1382 2499 abundans,
1411 2467 1510 2494 robore
1532 2466 1620 2502 magis
1649 2466 1764 2493 illustris
1785 2466 1859 2493 fuit?

1068 2513 1145 2541 Mitto
1173 2512 1316 2541 Nestorem
1340 2513 1422 2540 melle
1443 2512 1616 2545 suaviorem;
1633 2516 1662 2539 et
1683 2511 1786 2538 Atrida:
1805 2511 1858 2538 du-

1068 2559 1166 2594 plicem
1186 2563 1332 2592 naturam;
1348 2559 1413 2586 hinc
1439 2558 1499 2588 sine
1513 2558 1603 2586 dubio
1615 2557 1713 2585 heroes
1732 2557 1860 2584 nomina-

1068 2611 1122 2639 tos,
1146 2605 1289 2641 loquentes
1311 2605 1393 2633 simul
1409 2609 1437 2633 et
1457 2605 1580 2632 dicentes
1603 2604 1699 2639 perite.
1729 2603 1857 2630 Virorum

1069 2652 1191 2680 omnium
1199 2651 1326 2679 Socrates
1335 2651 1564 2686 sapientissimus.
1573 2657 1643 2685 stupe
1653 2649 1686 2676 ad
1702 2648 1790 2683 ipsum
1802 2649 1860 2683 cly-

1069 2704 1150 2732 peum
1167 2697 1250 2728 stetit,
1267 2700 1294 2724 et
1310 2697 1414 2731 primus
1429 2696 1489 2723 tulit
1504 2700 1676 2723 strenuorum
1692 2693 1859 2722 mercedem.

1069 2742 1146 2770 Plato
1171 2742 1282 2775 athleta,
1304 2741 1450 2777 A‘Jschylus
1475 2740 1564 2768 miles.
1587 2740 1682 2767 Nonne
1707 2739 1790 2774 igitur
1819 2742 1862 2766 est

1072 2787 1292 2824 (Themistocles)
1302 2788 1402 2815 ducum
1417 2788 1522 2822 primus
1538 2790 1565 2813 et
1574 2785 1733 2814 rhetorum?
1749 2784 1860 2820 sapien-

1072 2836 1139 2863 tium
1166 2836 1275 2871 potius,
1306 2835 1354 2870 qui
1377 2834 1453 2863 solus
1487 2834 1631 2862 oraculum
1663 2833 1862 2870 interpretatus
