  <div class='ocr_page' id='page_1' title='image "/cluster/home/n/w/nwhite01/storage/ocr_20150623/106/njp.32101077772901/547.png"; bbox 0 0 2082 3157; ppageno 0'>
   <div class='ocr_carea' id='block_1_1' title="bbox 218 196 270 227">
    <p class='ocr_par' dir='ltr' id='par_1_1' title="bbox 218 196 270 227">
     <span class='ocr_line' id='line_1_1' title="bbox 218 196 270 227; baseline -0.019 -1"><span class='ocrx_word' id='word_1_1' title='bbox 218 196 270 227; x_wconf 71' lang='lat'><strong>979</strong></span> 
     </span>
    </p>
   </div>
   <div class='ocr_carea' id='block_1_2' title="bbox 219 247 841 287">
    <p class='ocr_par' dir='ltr' id='par_1_2' title="bbox 219 247 841 287">
     <span class='ocr_line' id='line_1_2' title="bbox 219 247 841 287; baseline -0.013 -7"><span class='ocrx_word' id='word_1_2' title='bbox 219 253 309 281; x_wconf 80' lang='grc' dir='ltr'>Πείοει</span> <span class='ocrx_word' id='word_1_3' title='bbox 325 261 355 278; x_wconf 90' lang='grc' dir='ltr'>τε</span> <span class='ocrx_word' id='word_1_4' title='bbox 371 252 448 287; x_wconf 82' lang='grc' dir='ltr'>νικᾷν</span> <span class='ocrx_word' id='word_1_5' title='bbox 465 251 502 285; x_wconf 80' lang='grc' dir='ltr'>μὴ</span> <span class='ocrx_word' id='word_1_6' title='bbox 515 249 638 279; x_wconf 72' lang='grc' dir='ltr'>θέλοντας</span> <span class='ocrx_word' id='word_1_7' title='bbox 652 248 715 278; x_wconf 75' lang='grc' dir='ltr'>τοὺς</span> <span class='ocrx_word' id='word_1_8' title='bbox 729 247 821 281; x_wconf 81' lang='grc' dir='ltr'>φίλους</span> <span class='ocrx_word' id='word_1_9' title='bbox 835 256 841 262; x_wconf 89' lang='grc'><strong>·</strong></span> 
     </span>
    </p>
   </div>
   <div class='ocr_carea' id='block_1_3' title="bbox 220 292 827 332">
    <p class='ocr_par' dir='ltr' id='par_1_3' title="bbox 220 292 827 332">
     <span class='ocr_line' id='line_1_3' title="bbox 220 292 827 332; baseline -0.013 -7"><span class='ocrx_word' id='word_1_10' title='bbox 220 298 324 332; x_wconf 76' lang='grc' dir='ltr'>Κρατεῖ</span> <span class='ocrx_word' id='word_1_11' title='bbox 336 297 364 323; x_wconf 79' lang='grc' dir='ltr'><strong>δὲ</strong></span> <span class='ocrx_word' id='word_1_12' title='bbox 379 295 488 330; x_wconf 82' lang='grc' dir='ltr'>Περσῶν</span> <span class='ocrx_word' id='word_1_13' title='bbox 502 292 677 329; x_wconf 85' lang='grc' dir='ltr'>δημιουργῶν</span> <span class='ocrx_word' id='word_1_14' title='bbox 693 292 827 323; x_wconf 75' lang='grc' dir='ltr'>ἐκτόπως,</span> 
     </span>
    </p>
   </div>
   <div class='ocr_carea' id='block_1_4' title="bbox 218 339 862 377">
    <p class='ocr_par' dir='ltr' id='par_1_4' title="bbox 218 339 862 377">
     <span class='ocr_line' id='line_1_4' title="bbox 218 339 862 377; baseline -0.009 -7"><span class='ocrx_word' id='word_1_15' title='bbox 218 344 272 377; x_wconf 82' lang='grc' dir='ltr'><strong>Γῆς</strong></span> <span class='ocrx_word' id='word_1_16' title='bbox 285 343 332 370; x_wconf 76' lang='grc' dir='ltr'>καὶ</span> <span class='ocrx_word' id='word_1_17' title='bbox 345 342 490 376; x_wconf 80' lang='grc' dir='ltr'><strong>θαλάττης,</strong></span> <span class='ocrx_word' id='word_1_18' title='bbox 503 340 558 366; x_wconf 85' lang='grc' dir='ltr'><strong>πᾶν</strong></span> <span class='ocrx_word' id='word_1_19' title='bbox 574 339 660 371; x_wconf 72' lang='grc' dir='ltr'>ἔθνος,</span> <span class='ocrx_word' id='word_1_20' title='bbox 678 339 769 365; x_wconf 82' lang='grc' dir='ltr'>πᾶσαν</span> <span class='ocrx_word' id='word_1_21' title='bbox 785 339 862 365; x_wconf 81' lang='grc' dir='ltr'>πόλιν</span> 
     </span>
    </p>
   </div>
   <div class='ocr_carea' id='block_1_5' title="bbox 217 385 776 424">
    <p class='ocr_par' dir='ltr' id='par_1_5' title="bbox 217 385 776 424">
     <span class='ocr_line' id='line_1_5' title="bbox 217 385 776 424; baseline -0.009 -9"><span class='ocrx_word' id='word_1_22' title='bbox 217 390 312 424; x_wconf 80' lang='grc' dir='ltr'>Ψυχῆς</span> <span class='ocrx_word' id='word_1_23' title='bbox 328 396 357 414; x_wconf 83' lang='grc' dir='ltr'>τε</span> <span class='ocrx_word' id='word_1_24' title='bbox 372 387 458 422; x_wconf 82' lang='grc' dir='ltr'><strong>τόλμῃ</strong></span> <span class='ocrx_word' id='word_1_25' title='bbox 473 386 520 414; x_wconf 74' lang='grc' dir='ltr'><strong>καὶ</strong></span> <span class='ocrx_word' id='word_1_26' title='bbox 538 386 645 421; x_wconf 78' lang='grc' dir='ltr'><strong>φρενῶν</strong></span> <span class='ocrx_word' id='word_1_27' title='bbox 662 385 776 420; x_wconf 73' lang='grc' dir='ltr'>εὐλαῦίᾳ</span> 
     </span>
    </p>
   </div>
   <div class='ocr_carea' id='block_1_6' title="bbox 217 429 882 468">
    <p class='ocr_par' dir='ltr' id='par_1_6' title="bbox 217 429 882 468">
     <span class='ocr_line' id='line_1_6' title="bbox 217 429 882 468; baseline -0.008 -7"><span class='ocrx_word' id='word_1_28' title='bbox 217 435 300 461; x_wconf 82' lang='grc' dir='ltr'><strong>Κὰτω</strong></span> <span class='ocrx_word' id='word_1_29' title='bbox 314 433 417 468; x_wconf 80' lang='grc' dir='ltr'>τίθησι,</span> <span class='ocrx_word' id='word_1_30' title='bbox 436 432 484 459; x_wconf 73' lang='grc' dir='ltr'><strong>καὶ</strong></span> <span class='ocrx_word' id='word_1_31' title='bbox 499 433 564 468; x_wconf 82' lang='grc' dir='ltr'>παρ’</span> <span class='ocrx_word' id='word_1_32' title='bbox 577 431 681 467; x_wconf 80' lang='grc' dir='ltr'>ἐχθρῶν</span> <span class='ocrx_word' id='word_1_33' title='bbox 694 430 824 465; x_wconf 82' lang='grc' dir='ltr'><strong>τυγχάνει</strong></span> <span class='ocrx_word' id='word_1_34' title='bbox 878 429 882 434; x_wconf 86' lang='grc'><strong><em>“</em></strong></span> 
     </span>
    </p>
   </div>
   <div class='ocr_carea' id='block_1_7' title="bbox 217 476 813 512">
    <p class='ocr_par' dir='ltr' id='par_1_7' title="bbox 217 476 813 512">
     <span class='ocr_line' id='line_1_7' title="bbox 217 476 813 512; baseline -0.005 -6"><span class='ocrx_word' id='word_1_35' title='bbox 217 479 310 511; x_wconf 72' lang='grc' dir='ltr'>Αἰδοῦς</span> <span class='ocrx_word' id='word_1_36' title='bbox 325 479 340 505; x_wconf 89' lang='grc' dir='ltr'><strong>ό</strong></span> <span class='ocrx_word' id='word_1_37' title='bbox 352 479 467 510; x_wconf 77' lang='grc' dir='ltr'>κλεινὸς,</span> <span class='ocrx_word' id='word_1_38' title='bbox 484 478 617 506; x_wconf 82' lang='grc' dir='ltr'><strong>θάπτεται</strong></span> <span class='ocrx_word' id='word_1_39' title='bbox 631 477 660 504; x_wconf 75' lang='grc' dir='ltr'><strong>δὲ</strong></span> <span class='ocrx_word' id='word_1_40' title='bbox 676 476 813 512; x_wconf 76' lang='grc' dir='ltr'>καρδίαις.</span> 
     </span>
    </p>
   </div>
   <div class='ocr_carea' id='block_1_8' title="bbox 217 521 807 558">
    <p class='ocr_par' dir='ltr' id='par_1_8' title="bbox 217 521 807 558">
     <span class='ocr_line' id='line_1_8' title="bbox 217 521 807 558; baseline -0.005 -8"><span class='ocrx_word' id='word_1_41' title='bbox 217 525 270 550; x_wconf 70' lang='grc' dir='ltr'><strong>Καὶ</strong></span> <span class='ocrx_word' id='word_1_42' title='bbox 285 523 387 558; x_wconf 83' lang='grc' dir='ltr'>θαῦμα,</span> <span class='ocrx_word' id='word_1_43' title='bbox 401 523 460 555; x_wconf 84' lang='grc' dir='ltr'><strong>πῶς</strong></span> <span class='ocrx_word' id='word_1_44' title='bbox 475 523 504 549; x_wconf 79' lang='grc' dir='ltr'>ἓν</span> <span class='ocrx_word' id='word_1_45' title='bbox 516 523 596 557; x_wconf 86' lang='grc' dir='ltr'>σῶμα</span> <span class='ocrx_word' id='word_1_46' title='bbox 610 522 741 557; x_wconf 82' lang='grc' dir='ltr'>καὶψυχὴ</span> <span class='ocrx_word' id='word_1_47' title='bbox 756 521 807 556; x_wconf 87' lang='grc' dir='ltr'><strong>μία</strong></span> 
     </span>
    </p>
   </div>
   <div class='ocr_carea' id='block_1_9' title="bbox 217 567 818 604">
    <p class='ocr_par' dir='ltr' id='par_1_9' title="bbox 217 567 818 604">
     <span class='ocr_line' id='line_1_9' title="bbox 217 567 818 604; baseline -0.003 -9"><span class='ocrx_word' id='word_1_48' title='bbox 217 569 356 604; x_wconf 80' lang='grc' dir='ltr'>Κρείττων</span> <span class='ocrx_word' id='word_1_49' title='bbox 376 568 483 604; x_wconf 75' lang='grc' dir='ltr'><strong>ἐδείχθη</strong></span> <span class='ocrx_word' id='word_1_50' title='bbox 497 568 548 603; x_wconf 81' lang='grc' dir='ltr'>τῆς</span> <span class='ocrx_word' id='word_1_51' title='bbox 565 568 630 602; x_wconf 82' lang='grc' dir='ltr'><strong>ὅλης</strong></span> <span class='ocrx_word' id='word_1_52' title='bbox 644 567 818 602; x_wconf 73' lang='grc' dir='ltr'>οἰκουμένης,</span> 
     </span>
    </p>
   </div>
   <div class='ocr_carea' id='block_1_10' title="bbox 216 613 844 651">
    <p class='ocr_par' dir='ltr' id='par_1_10' title="bbox 216 613 844 651">
     <span class='ocr_line' id='line_1_10' title="bbox 216 613 844 651; baseline -0.002 -10"><span class='ocrx_word' id='word_1_53' title='bbox 216 616 318 651; x_wconf 70' lang='grc' dir='ltr'>Θάρσει</span> <span class='ocrx_word' id='word_1_54' title='bbox 331 624 361 641; x_wconf 88' lang='grc' dir='ltr'><strong>τε</strong></span> <span class='ocrx_word' id='word_1_55' title='bbox 374 614 474 650; x_wconf 80' lang='grc' dir='ltr'>πολλῷ,</span> <span class='ocrx_word' id='word_1_56' title='bbox 487 615 532 641; x_wconf 72' lang='grc' dir='ltr'>καὶ</span> <span class='ocrx_word' id='word_1_57' title='bbox 542 614 683 650; x_wconf 75' lang='grc' dir='ltr'><strong>φρονήσει,</strong></span> <span class='ocrx_word' id='word_1_58' title='bbox 696 614 744 640; x_wconf 74' lang='grc' dir='ltr'><strong>καὶ</strong></span> <span class='ocrx_word' id='word_1_59' title='bbox 758 613 844 651; x_wconf 83' lang='grc' dir='ltr'>μάχῃ.</span> 
     </span>
    </p>
   </div>
   <div class='ocr_carea' id='block_1_11' title="bbox 217 660 848 696">
    <p class='ocr_par' dir='ltr' id='par_1_11' title="bbox 217 660 848 696">
     <span class='ocr_line' id='line_1_11' title="bbox 217 660 848 696; baseline -0.005 -8"><span class='ocrx_word' id='word_1_60' title='bbox 217 661 250 688; x_wconf 98' lang='grc' dir='ltr'><strong>Τί</strong></span> <span class='ocrx_word' id='word_1_61' title='bbox 265 662 313 688; x_wconf 82' lang='grc' dir='ltr'>καὶ</span> <span class='ocrx_word' id='word_1_62' title='bbox 329 661 465 696; x_wconf 78' lang='grc' dir='ltr'><strong>Περικλῆς</strong></span> <span class='ocrx_word' id='word_1_63' title='bbox 485 660 660 695; x_wconf 75' lang='grc' dir='ltr'>Ἀλκιϐιάδης</span> <span class='ocrx_word' id='word_1_64' title='bbox 677 660 724 686; x_wconf 81' lang='grc' dir='ltr'>καὶ</span> <span class='ocrx_word' id='word_1_65' title='bbox 741 660 848 694; x_wconf 84' lang='grc' dir='ltr'>Κίμων,</span> 
     </span>
    </p>
   </div>
   <div class='ocr_carea' id='block_1_12' title="bbox 219 703 827 740">
    <p class='ocr_par' dir='ltr' id='par_1_12' title="bbox 219 703 827 740">
     <span class='ocr_line' id='line_1_12' title="bbox 219 703 827 740; baseline -0.002 -10"><span class='ocrx_word' id='word_1_66' title='bbox 219 707 249 732; x_wconf 80' lang='lat' dir='ltr'><strong>0t</strong></span> <span class='ocrx_word' id='word_1_67' title='bbox 263 705 317 732; x_wconf 85' lang='grc' dir='ltr'>τῶν</span> <span class='ocrx_word' id='word_1_68' title='bbox 336 704 456 740; x_wconf 82' lang='grc' dir='ltr'>Ἀθηνῶν</span> <span class='ocrx_word' id='word_1_69' title='bbox 471 705 602 738; x_wconf 81' lang='grc' dir='ltr'>εὐπαγεῖς</span> <span class='ocrx_word' id='word_1_70' title='bbox 614 704 712 739; x_wconf 80' lang='grc' dir='ltr'><strong>χρυσοῖ</strong></span> <span class='ocrx_word' id='word_1_71' title='bbox 725 703 827 736; x_wconf 84' lang='grc' dir='ltr'>στύλοι,</span> 
     </span>
    </p>
   </div>
   <div class='ocr_carea' id='block_1_13' title="bbox 220 752 864 788">
    <p class='ocr_par' dir='ltr' id='par_1_13' title="bbox 220 752 864 788">
     <span class='ocr_line' id='line_1_13' title="bbox 220 752 864 788; baseline -0.005 -8"><span class='ocrx_word' id='word_1_72' title='bbox 220 754 251 780; x_wconf 82' lang='grc' dir='ltr'><strong>Οί</strong></span> <span class='ocrx_word' id='word_1_73' title='bbox 263 753 317 780; x_wconf 80' lang='grc' dir='ltr'><strong>τῶν</strong></span> <span class='ocrx_word' id='word_1_74' title='bbox 328 753 415 787; x_wconf 87' lang='grc' dir='ltr'>λόγων</span> <span class='ocrx_word' id='word_1_75' title='bbox 429 753 569 788; x_wconf 84' lang='grc' dir='ltr'>ἄρχοντες,</span> <span class='ocrx_word' id='word_1_76' title='bbox 583 752 608 779; x_wconf 90' lang='grc' dir='ltr'>οἱ</span> <span class='ocrx_word' id='word_1_77' title='bbox 625 752 728 787; x_wconf 79' lang='grc' dir='ltr'>ῥήτρας</span> <span class='ocrx_word' id='word_1_78' title='bbox 739 752 864 786; x_wconf 68' lang='grc' dir='ltr'>πρόμοι,¹</span> 
     </span>
    </p>
   </div>
   <div class='ocr_carea' id='block_1_14' title="bbox 220 792 801 834">
    <p class='ocr_par' dir='ltr' id='par_1_14' title="bbox 220 792 801 834">
     <span class='ocr_line' id='line_1_14' title="bbox 220 792 801 834; baseline -0.003 -9"><span class='ocrx_word' id='word_1_79' title='bbox 220 799 251 825; x_wconf 83' lang='grc' dir='ltr'>υί</span> <span class='ocrx_word' id='word_1_80' title='bbox 263 799 313 834; x_wconf 84' lang='grc' dir='ltr'>τὴν</span> <span class='ocrx_word' id='word_1_81' title='bbox 329 798 410 833; x_wconf 85' lang='grc' dir='ltr'>φύσιν</span> <span class='ocrx_word' id='word_1_82' title='bbox 421 799 566 833; x_wconf 80' lang='grc' dir='ltr'>βλέποντες</span> <span class='ocrx_word' id='word_1_83' title='bbox 579 806 586 830; x_wconf 91' lang='grc'><strong>;</strong></span> <span class='ocrx_word' id='word_1_84' title='bbox 599 798 630 824; x_wconf 80' lang='grc' dir='ltr'><strong>Οἱ</strong></span> <span class='ocrx_word' id='word_1_85' title='bbox 643 792 801 832; x_wconf 69' lang='grc' dir='ltr'>γεωμέτραι</span> 
     </span>
    </p>
   </div>
   <div class='ocr_carea' id='block_1_15' title="bbox 222 842 884 879">
    <p class='ocr_par' dir='ltr' id='par_1_15' title="bbox 222 842 884 879">
     <span class='ocr_line' id='line_1_15' title="bbox 222 842 884 879; baseline -0.005 -9"><span class='ocrx_word' id='word_1_86' title='bbox 222 845 396 879; x_wconf 77' lang='grc' dir='ltr'>Ἢστραπτον</span> <span class='ocrx_word' id='word_1_87' title='bbox 414 844 503 878; x_wconf 69' lang='grc' dir='ltr'>ἔργοις</span> <span class='ocrx_word' id='word_1_88' title='bbox 518 843 565 869; x_wconf 79' lang='grc' dir='ltr'>καὶ</span> <span class='ocrx_word' id='word_1_89' title='bbox 583 843 673 877; x_wconf 76' lang='grc' dir='ltr'>λόγοις</span> <span class='ocrx_word' id='word_1_90' title='bbox 687 842 737 877; x_wconf 87' lang='grc' dir='ltr'><strong>τὴν</strong></span> <span class='ocrx_word' id='word_1_91' title='bbox 760 842 884 874; x_wconf 78' lang='grc' dir='ltr'>Ἐλλάδα,</span> 
     </span>
    </p>
   </div>
   <div class='ocr_carea' id='block_1_16' title="bbox 220 887 881 922">
    <p class='ocr_par' dir='ltr' id='par_1_16' title="bbox 220 887 881 922">
     <span class='ocr_line' id='line_1_16' title="bbox 220 887 881 922; baseline -0.005 -6"><span class='ocrx_word' id='word_1_92' title='bbox 220 890 329 921; x_wconf 83' lang='grc' dir='ltr'>Ἵπποις</span> <span class='ocrx_word' id='word_1_93' title='bbox 344 890 405 915; x_wconf 83' lang='grc' dir='ltr'>κατ’</span> <span class='ocrx_word' id='word_1_94' title='bbox 423 889 498 920; x_wconf 82' lang='grc' dir='ltr'>αὐτὸ,</span> <span class='ocrx_word' id='word_1_95' title='bbox 515 887 605 921; x_wconf 75' lang='grc' dir='ltr'>ναυσὶ,</span> <span class='ocrx_word' id='word_1_96' title='bbox 624 888 716 920; x_wconf 77' lang='grc' dir='ltr'>πεζοῖς</span> <span class='ocrx_word' id='word_1_97' title='bbox 728 888 861 922; x_wconf 76' lang='grc' dir='ltr'>ἐκράτουν</span> <span class='ocrx_word' id='word_1_98' title='bbox 874 895 881 901; x_wconf 93' lang='grc'><strong>·</strong></span> 
     </span>
    </p>
   </div>
   <div class='ocr_carea' id='block_1_17' title="bbox 221 932 804 970">
    <p class='ocr_par' dir='ltr' id='par_1_17' title="bbox 221 932 804 970">
     <span class='ocr_line' id='line_1_17' title="bbox 221 932 804 970; baseline -0.003 -9"><span class='ocrx_word' id='word_1_99' title='bbox 221 935 314 970; x_wconf 77' lang='grc' dir='ltr'><strong>Δόξης,</strong></span> <span class='ocrx_word' id='word_1_100' title='bbox 328 934 476 968; x_wconf 77' lang='grc' dir='ltr'>τροπαίων,</span> <span class='ocrx_word' id='word_1_101' title='bbox 492 933 604 969; x_wconf 82' lang='grc' dir='ltr'><strong>ἀρετῆς,</strong></span> <span class='ocrx_word' id='word_1_102' title='bbox 617 932 804 968; x_wconf 76' lang='grc' dir='ltr'><strong>σοφισμάτων,</strong></span> 
     </span>
    </p>
   </div>
   <div class='ocr_carea' id='block_1_18' title="bbox 222 978 831 1014">
    <p class='ocr_par' dir='ltr' id='par_1_18' title="bbox 222 978 831 1014">
     <span class='ocr_line' id='line_1_18' title="bbox 222 978 831 1014; baseline -0.005 -7"><span class='ocrx_word' id='word_1_103' title='bbox 222 982 314 1008; x_wconf 76' lang='grc' dir='ltr'>Πᾶσαν</span> <span class='ocrx_word' id='word_1_104' title='bbox 330 981 476 1012; x_wconf 81' lang='grc' dir='ltr'>θάλατταν,</span> <span class='ocrx_word' id='word_1_105' title='bbox 493 980 583 1006; x_wconf 76' lang='grc' dir='ltr'>πᾶσαν</span> <span class='ocrx_word' id='word_1_106' title='bbox 597 979 735 1014; x_wconf 74' lang='grc' dir='ltr'>ἐπλήρουν</span> <span class='ocrx_word' id='word_1_107' title='bbox 750 978 831 1014; x_wconf 80' lang='grc' dir='ltr'>χθόνα</span> 
     </span>
    </p>
   </div>
   <div class='ocr_carea' id='block_1_19' title="bbox 222 1023 853 1062">
    <p class='ocr_par' dir='ltr' id='par_1_19' title="bbox 222 1023 853 1062">
     <span class='ocr_line' id='line_1_19' title="bbox 222 1023 853 1062; baseline -0.006 -8"><span class='ocrx_word' id='word_1_108' title='bbox 222 1028 350 1062; x_wconf 82' lang='grc' dir='ltr'>Ἕλληνες</span> <span class='ocrx_word' id='word_1_109' title='bbox 363 1023 436 1053; x_wconf 75' lang='grc' dir='ltr'>οὗτοι</span> <span class='ocrx_word' id='word_1_110' title='bbox 447 1034 453 1042; x_wconf 90' lang='grc'>·</span> <span class='ocrx_word' id='word_1_111' title='bbox 471 1026 540 1061; x_wconf 84' lang='grc' dir='ltr'>πλὴν</span> <span class='ocrx_word' id='word_1_112' title='bbox 556 1025 623 1053; x_wconf 82' lang='grc' dir='ltr'><strong>Θεοῦ</strong></span> <span class='ocrx_word' id='word_1_113' title='bbox 642 1026 752 1057; x_wconf 80' lang='grc' dir='ltr'>πάντως</span> <span class='ocrx_word' id='word_1_114' title='bbox 774 1025 853 1060; x_wconf 80' lang='grc' dir='ltr'>χάρις</span> 
     </span>
    </p>
   </div>
   <div class='ocr_carea' id='block_1_20' title="bbox 221 1066 873 1106">
    <p class='ocr_par' dir='ltr' id='par_1_20' title="bbox 221 1066 873 1106">
     <span class='ocr_line' id='line_1_20' title="bbox 221 1066 873 1106; baseline -0.005 -8"><span class='ocrx_word' id='word_1_115' title='bbox 221 1072 275 1099; x_wconf 83' lang='grc' dir='ltr'>Ἦν</span> <span class='ocrx_word' id='word_1_116' title='bbox 292 1073 340 1098; x_wconf 72' lang='grc' dir='ltr'>καὶ</span> <span class='ocrx_word' id='word_1_117' title='bbox 354 1071 389 1098; x_wconf 86' lang='grc' dir='ltr'>τὰ</span> <span class='ocrx_word' id='word_1_118' title='bbox 402 1071 515 1103; x_wconf 80' lang='grc' dir='ltr'>τούτων,</span> <span class='ocrx_word' id='word_1_119' title='bbox 531 1066 561 1097; x_wconf 73' lang='grc' dir='ltr'><strong>οὗ</strong></span> <span class='ocrx_word' id='word_1_120' title='bbox 580 1070 721 1106; x_wconf 81' lang='grc' dir='ltr'>φρόνησις,</span> <span class='ocrx_word' id='word_1_121' title='bbox 735 1066 765 1096; x_wconf 81' lang='grc' dir='ltr'><strong>οὗ</strong></span> <span class='ocrx_word' id='word_1_122' title='bbox 783 1070 873 1103; x_wconf 83' lang='grc' dir='ltr'>λόγος,</span> 
     </span>
    </p>
   </div>
   <div class='ocr_carea' id='block_1_21' title="bbox 221 1113 833 1150">
    <p class='ocr_par' dir='ltr' id='par_1_21' title="bbox 221 1113 833 1150">
     <span class='ocr_line' id='line_1_21' title="bbox 221 1113 833 1150; baseline -0.005 -7"><span class='ocrx_word' id='word_1_123' title='bbox 221 1116 291 1150; x_wconf 79' lang='grc' dir='ltr'>Παρ’</span> <span class='ocrx_word' id='word_1_124' title='bbox 305 1113 391 1150; x_wconf 76' lang='grc' dir='ltr'>οὗπερ</span> <span class='ocrx_word' id='word_1_125' title='bbox 406 1115 484 1150; x_wconf 79' lang='grc' dir='ltr'>ἔσχον</span> <span class='ocrx_word' id='word_1_126' title='bbox 499 1115 546 1141; x_wconf 80' lang='grc' dir='ltr'><strong>καὶ</strong></span> <span class='ocrx_word' id='word_1_127' title='bbox 560 1114 595 1141; x_wconf 80' lang='grc' dir='ltr'>τὰ</span> <span class='ocrx_word' id='word_1_128' title='bbox 615 1114 665 1149; x_wconf 79' lang='grc' dir='ltr'><strong>τῆς</strong></span> <span class='ocrx_word' id='word_1_129' title='bbox 680 1113 833 1147; x_wconf 84' lang='grc' dir='ltr'>εὐανδρίας.</span> 
     </span>
    </p>
   </div>
   <div class='ocr_carea' id='block_1_22' title="bbox 221 1159 839 1195">
    <p class='ocr_par' dir='ltr' id='par_1_22' title="bbox 221 1159 839 1195">
     <span class='ocr_line' id='line_1_22' title="bbox 221 1159 839 1195; baseline -0.003 -7"><span class='ocrx_word' id='word_1_130' title='bbox 221 1162 258 1188; x_wconf 77' lang='grc' dir='ltr'>Σὺ</span> <span class='ocrx_word' id='word_1_131' title='bbox 273 1161 308 1194; x_wconf 84' lang='grc' dir='ltr'><strong>δ’,</strong></span> <span class='ocrx_word' id='word_1_132' title='bbox 325 1159 347 1188; x_wconf 79' lang='grc' dir='ltr'><strong>ὦ</strong></span> <span class='ocrx_word' id='word_1_133' title='bbox 360 1161 504 1193; x_wconf 84' lang='grc' dir='ltr'>Μακεδὼν,</span> <span class='ocrx_word' id='word_1_134' title='bbox 520 1160 580 1190; x_wconf 85' lang='grc' dir='ltr'><strong>πῶς</strong></span> <span class='ocrx_word' id='word_1_135' title='bbox 593 1160 674 1194; x_wconf 82' lang='grc' dir='ltr'>σοφὸς</span> <span class='ocrx_word' id='word_1_136' title='bbox 686 1159 783 1195; x_wconf 81' lang='grc' dir='ltr'>κριθῇς</span> <span class='ocrx_word' id='word_1_137' title='bbox 799 1159 839 1186; x_wconf 70' lang='grc' dir='ltr'>ἐτι</span> 
     </span>
    </p>
   </div>
   <div class='ocr_carea' id='block_1_23' title="bbox 223 1205 904 1242">
    <p class='ocr_par' dir='ltr' id='par_1_23' title="bbox 223 1205 904 1242">
     <span class='ocr_line' id='line_1_23' title="bbox 223 1205 904 1242; baseline 0 -10"><span class='ocrx_word' id='word_1_138' title='bbox 223 1208 270 1233; x_wconf 79' lang='grc' dir='ltr'>Ὧν</span> <span class='ocrx_word' id='word_1_139' title='bbox 287 1207 334 1233; x_wconf 76' lang='grc' dir='ltr'>καὶ</span> <span class='ocrx_word' id='word_1_140' title='bbox 350 1207 492 1242; x_wconf 84' lang='grc' dir='ltr'>μαχητής;</span> <span class='ocrx_word' id='word_1_141' title='bbox 509 1205 567 1236; x_wconf 87' lang='grc' dir='ltr'><strong>πῶς</strong></span> <span class='ocrx_word' id='word_1_142' title='bbox 583 1205 689 1240; x_wconf 84' lang='grc' dir='ltr'>φθονεῖς</span> <span class='ocrx_word' id='word_1_143' title='bbox 701 1206 730 1233; x_wconf 76' lang='grc' dir='ltr'><strong>δὲ</strong></span> <span class='ocrx_word' id='word_1_144' title='bbox 744 1206 794 1241; x_wconf 79' lang='grc' dir='ltr'><strong>τῆς</strong></span> <span class='ocrx_word' id='word_1_145' title='bbox 807 1205 904 1241; x_wconf 82' lang='grc' dir='ltr'>τέχνης</span> 
     </span>
    </p>
   </div>
   <div class='ocr_carea' id='block_1_24' title="bbox 225 1251 826 1287">
    <p class='ocr_par' dir='ltr' id='par_1_24' title="bbox 225 1251 826 1287">
     <span class='ocr_line' id='line_1_24' title="bbox 225 1251 826 1287; baseline -0.005 -7"><span class='ocrx_word' id='word_1_146' title='bbox 225 1253 345 1280; x_wconf 76' lang='grc' dir='ltr'>’Δπασιν</span> <span class='ocrx_word' id='word_1_147' title='bbox 357 1252 446 1283; x_wconf 78' lang='grc' dir='ltr'>ἄλλοις</span> <span class='ocrx_word' id='word_1_148' title='bbox 459 1261 466 1285; x_wconf 91' lang='lat'><strong>;</strong></span> <span class='ocrx_word' id='word_1_149' title='bbox 480 1251 539 1284; x_wconf 85' lang='grc' dir='ltr'><strong>πῶς</strong></span> <span class='ocrx_word' id='word_1_150' title='bbox 552 1252 632 1287; x_wconf 87' lang='grc' dir='ltr'>μόνος</span> <span class='ocrx_word' id='word_1_151' title='bbox 650 1251 736 1283; x_wconf 87' lang='grc' dir='ltr'>θέλεις</span> <span class='ocrx_word' id='word_1_152' title='bbox 751 1251 826 1287; x_wconf 72' lang='grc' dir='ltr'>ἔχειν</span> 
     </span>
    </p>
   </div>
   <div class='ocr_carea' id='block_1_25' title="bbox 230 1297 836 1334">
    <p class='ocr_par' dir='ltr' id='par_1_25' title="bbox 230 1297 836 1334">
     <span class='ocr_line' id='line_1_25' title="bbox 230 1297 836 1334; baseline 0 -10"><span class='ocrx_word' id='word_1_153' title='bbox 230 1298 430 1334; x_wconf 83' lang='grc' dir='ltr'>Ἀριστοτέλους</span> <span class='ocrx_word' id='word_1_154' title='bbox 446 1299 509 1330; x_wconf 70' lang='grc' dir='ltr'>τοὺς</span> <span class='ocrx_word' id='word_1_155' title='bbox 526 1298 625 1333; x_wconf 72' lang='grc' dir='ltr'>σοφοὺς</span> <span class='ocrx_word' id='word_1_156' title='bbox 639 1297 816 1333; x_wconf 76' lang='grc' dir='ltr'>λαϐυρίνθους</span> <span class='ocrx_word' id='word_1_157' title='bbox 829 1307 836 1330; x_wconf 84' lang='grc'><strong>;</strong></span> 
     </span>
    </p>
   </div>
   <div class='ocr_carea' id='block_1_26' title="bbox 224 1342 852 1378">
    <p class='ocr_par' dir='ltr' id='par_1_26' title="bbox 224 1342 852 1378">
     <span class='ocr_line' id='line_1_26' title="bbox 224 1342 852 1378; baseline -0.003 -7"><span class='ocrx_word' id='word_1_158' title='bbox 224 1343 351 1378; x_wconf 84' lang='grc' dir='ltr'>Μόναρχε</span> <span class='ocrx_word' id='word_1_159' title='bbox 370 1343 473 1378; x_wconf 79' lang='grc' dir='ltr'>πρῶτε,</span> <span class='ocrx_word' id='word_1_160' title='bbox 488 1343 608 1378; x_wconf 81' lang='grc' dir='ltr'>Καῖσαρ,</span> <span class='ocrx_word' id='word_1_161' title='bbox 627 1342 708 1377; x_wconf 77' lang='grc' dir='ltr'>ἀρκεῖ</span> <span class='ocrx_word' id='word_1_162' title='bbox 719 1351 760 1369; x_wconf 88' lang='grc' dir='ltr'><strong>σοι</strong></span> <span class='ocrx_word' id='word_1_163' title='bbox 772 1343 852 1378; x_wconf 85' lang='grc' dir='ltr'>μόνον</span> 
     </span>
    </p>
   </div>
   <div class='ocr_carea' id='block_1_27' title="bbox 224 1387 834 1423">
    <p class='ocr_par' dir='ltr' id='par_1_27' title="bbox 224 1387 834 1423">
     <span class='ocr_line' id='line_1_27' title="bbox 224 1387 834 1423; baseline 0 -9"><span class='ocrx_word' id='word_1_164' title='bbox 224 1388 321 1422; x_wconf 83' lang='grc' dir='ltr'>Λέγειν</span> <span class='ocrx_word' id='word_1_165' title='bbox 337 1397 368 1414; x_wconf 82' lang='grc' dir='ltr'>τε</span> <span class='ocrx_word' id='word_1_166' title='bbox 382 1388 489 1420; x_wconf 79' lang='grc' dir='ltr'>δεινῶς,</span> <span class='ocrx_word' id='word_1_167' title='bbox 507 1388 695 1419; x_wconf 81' lang='grc' dir='ltr'>άντικάτωνας</span> <span class='ocrx_word' id='word_1_168' title='bbox 706 1387 834 1423; x_wconf 84' lang='grc' dir='ltr'>γράφειν,</span> 
     </span>
    </p>
   </div>
   <div class='ocr_carea' id='block_1_28' title="bbox 225 1433 853 1469">
    <p class='ocr_par' dir='ltr' id='par_1_28' title="bbox 225 1433 853 1469">
     <span class='ocr_line' id='line_1_28' title="bbox 225 1433 853 1469; baseline 0 -9"><span class='ocrx_word' id='word_1_169' title='bbox 225 1433 331 1465; x_wconf 73' lang='grc' dir='ltr'>Βίϐλοις</span> <span class='ocrx_word' id='word_1_170' title='bbox 345 1435 475 1467; x_wconf 81' lang='grc' dir='ltr'>συνιῖναι,</span> <span class='ocrx_word' id='word_1_171' title='bbox 494 1433 543 1469; x_wconf 82' lang='grc' dir='ltr'><strong>τὴν</strong></span> <span class='ocrx_word' id='word_1_172' title='bbox 559 1433 641 1468; x_wconf 84' lang='grc' dir='ltr'>φύσιν</span> <span class='ocrx_word' id='word_1_173' title='bbox 654 1433 746 1468; x_wconf 79' lang='grc' dir='ltr'>ζητεῖν</span> <span class='ocrx_word' id='word_1_174' title='bbox 760 1433 829 1460; x_wconf 80' lang='grc' dir='ltr'>ὅλων</span> <span class='ocrx_word' id='word_1_175' title='bbox 843 1441 853 1467; x_wconf 87' lang='lat'><strong>;</strong></span> 
     </span>
    </p>
   </div>
   <div class='ocr_carea' id='block_1_29' title="bbox 225 1478 825 1515">
    <p class='ocr_par' dir='ltr' id='par_1_29' title="bbox 225 1478 825 1515">
     <span class='ocr_line' id='line_1_29' title="bbox 225 1478 825 1515; baseline 0.002 -10"><span class='ocrx_word' id='word_1_176' title='bbox 225 1480 258 1505; x_wconf 82' lang='lat' dir='ltr'><strong>Ti</strong></span> <span class='ocrx_word' id='word_1_177' title='bbox 273 1479 320 1506; x_wconf 77' lang='grc' dir='ltr'>καὶ</span> <span class='ocrx_word' id='word_1_178' title='bbox 334 1480 498 1515; x_wconf 72' lang='grc' dir='ltr'>στρατηγεῖς</span> <span class='ocrx_word' id='word_1_179' title='bbox 514 1480 561 1506; x_wconf 77' lang='grc' dir='ltr'>καὶ</span> <span class='ocrx_word' id='word_1_180' title='bbox 572 1479 652 1514; x_wconf 74' lang='grc' dir='ltr'>βιάζῃ</span> <span class='ocrx_word' id='word_1_181' title='bbox 668 1479 724 1505; x_wconf 79' lang='grc' dir='ltr'><strong>πᾶν</strong></span> <span class='ocrx_word' id='word_1_182' title='bbox 738 1478 825 1511; x_wconf 74' lang='grc' dir='ltr'>ἔθνος,</span> 
     </span>
    </p>
   </div>
   <div class='ocr_carea' id='block_1_30' title="bbox 225 1524 837 1561">
    <p class='ocr_par' dir='ltr' id='par_1_30' title="bbox 225 1524 837 1561">
     <span class='ocr_line' id='line_1_30' title="bbox 225 1524 837 1561; baseline -0.003 -9"><span class='ocrx_word' id='word_1_183' title='bbox 225 1525 281 1552; x_wconf 81' lang='grc' dir='ltr'><strong>Καὶ</strong></span> <span class='ocrx_word' id='word_1_184' title='bbox 294 1524 343 1557; x_wconf 84' lang='grc' dir='ltr'><strong>τὰς</strong></span> <span class='ocrx_word' id='word_1_185' title='bbox 355 1525 486 1560; x_wconf 82' lang='grc' dir='ltr'>ἀπείρους</span> <span class='ocrx_word' id='word_1_186' title='bbox 498 1526 527 1551; x_wconf 73' lang='grc' dir='ltr'>ἐν</span> <span class='ocrx_word' id='word_1_187' title='bbox 542 1524 639 1561; x_wconf 86' lang='grc' dir='ltr'>βραχεῖ</span> <span class='ocrx_word' id='word_1_188' title='bbox 652 1524 743 1556; x_wconf 76' lang='grc' dir='ltr'>πόλεις</span> <span class='ocrx_word' id='word_1_189' title='bbox 754 1524 837 1560; x_wconf 79' lang='grc' dir='ltr'>ἔχεις,</span> 
     </span>
    </p>
   </div>
   <div class='ocr_carea' id='block_1_31' title="bbox 849 190 1237 222">
    <p class='ocr_par' dir='ltr' id='par_1_31' title="bbox 849 190 1237 222">
     <span class='ocr_line' id='line_1_31' title="bbox 849 190 1237 222; baseline 0 0"><span class='ocrx_word' id='word_1_190' title='bbox 849 191 1004 222; x_wconf 66' lang='grc' dir='ltr'><strong>ῙΟᾹΝΝΙΞ</strong></span> <span class='ocrx_word' id='word_1_191' title='bbox 1023 190 1237 222; x_wconf 59' lang='grc' dir='ltr'>ῦΕΟΜΕΤΠιΕ</span> 
     </span>
    </p>
   </div>
   <div class='ocr_carea' id='block_1_32' title="bbox 1015 245 1711 283">
    <p class='ocr_par' dir='ltr' id='par_1_32' title="bbox 1015 245 1711 283">
     <span class='ocr_line' id='line_1_32' title="bbox 1015 245 1711 283; baseline -0.003 -10"><span class='ocrx_word' id='word_1_192' title='bbox 1015 248 1040 277; x_wconf 80' lang='grc' dir='ltr'><strong>Α</strong></span> <span class='ocrx_word' id='word_1_193' title='bbox 1054 247 1153 283; x_wconf 83' lang='grc' dir='ltr'>Ὄρους</span> <span class='ocrx_word' id='word_1_194' title='bbox 1164 247 1191 274; x_wconf 82' lang='grc' dir='ltr'><strong>δὲ</strong></span> <span class='ocrx_word' id='word_1_195' title='bbox 1203 247 1318 281; x_wconf 86' lang='grc' dir='ltr'>πήσσεις</span> <span class='ocrx_word' id='word_1_196' title='bbox 1335 247 1356 263; x_wconf 78' lang='grc'><strong>⁸⁷</strong></span> <span class='ocrx_word' id='word_1_197' title='bbox 1369 247 1398 273; x_wconf 81' lang='grc' dir='ltr'>ὲν</span> <span class='ocrx_word' id='word_1_198' title='bbox 1415 245 1553 281; x_wconf 80' lang='grc' dir='ltr'>Γαδείροις</span> <span class='ocrx_word' id='word_1_199' title='bbox 1565 245 1690 272; x_wconf 72' lang='grc' dir='ltr'>Αὐσόνων</span> <span class='ocrx_word' id='word_1_200' title='bbox 1702 252 1711 279; x_wconf 90' lang='lat'><strong>;</strong></span> 
     </span>
    </p>
   </div>
   <div class='ocr_carea' id='block_1_33' title="bbox 1788 189 1839 220">
    <p class='ocr_par' dir='ltr' id='par_1_33' title="bbox 1788 189 1839 220">
     <span class='ocr_line' id='line_1_33' title="bbox 1788 189 1839 220; baseline 0 0"><span class='ocrx_word' id='word_1_201' title='bbox 1788 189 1839 220; x_wconf 80' lang='lat'><strong>980</strong></span> 
     </span>
    </p>
   </div>
   <div class='ocr_carea' id='block_1_34' title="bbox 1056 291 1684 326">
    <p class='ocr_par' dir='ltr' id='par_1_34' title="bbox 1056 291 1684 326">
     <span class='ocr_line' id='line_1_34' title="bbox 1056 291 1684 326; baseline -0.005 -6"><span class='ocrx_word' id='word_1_202' title='bbox 1056 294 1090 320; x_wconf 89' lang='grc' dir='ltr'><em>Ἣ</em></span> <span class='ocrx_word' id='word_1_203' title='bbox 1106 294 1169 326; x_wconf 84' lang='grc' dir='ltr'>τοὺς</span> <span class='ocrx_word' id='word_1_204' title='bbox 1185 293 1316 324; x_wconf 81' lang='grc' dir='ltr'>ἀπίστους</span> <span class='ocrx_word' id='word_1_205' title='bbox 1333 293 1395 324; x_wconf 84' lang='grc' dir='ltr'>τοὺς</span> <span class='ocrx_word' id='word_1_206' title='bbox 1406 292 1435 319; x_wconf 79' lang='grc' dir='ltr'><strong>δὲ</strong></span> <span class='ocrx_word' id='word_1_207' title='bbox 1451 292 1566 323; x_wconf 81' lang='grc' dir='ltr'>πιστοὺς</span> <span class='ocrx_word' id='word_1_208' title='bbox 1579 291 1609 318; x_wconf 83' lang='grc' dir='ltr'>οὐ</span> <span class='ocrx_word' id='word_1_209' title='bbox 1625 291 1684 317; x_wconf 81' lang='grc' dir='ltr'>δέον</span> 
     </span>
    </p>
   </div>
   <div class='ocr_carea' id='block_1_35' title="bbox 1054 336 1686 373">
    <p class='ocr_par' dir='ltr' id='par_1_35' title="bbox 1054 336 1686 373">
     <span class='ocr_line' id='line_1_35' title="bbox 1054 336 1686 373; baseline -0.003 -10"><span class='ocrx_word' id='word_1_210' title='bbox 1054 337 1168 364; x_wconf 88' lang='grc' dir='ltr'>Θάλλειν</span> <span class='ocrx_word' id='word_1_211' title='bbox 1181 338 1275 369; x_wconf 75' lang='grc' dir='ltr'>καλοῖς</span> <span class='ocrx_word' id='word_1_212' title='bbox 1292 338 1394 364; x_wconf 78' lang='grc' dir='ltr'>ἅπασιν</span> <span class='ocrx_word' id='word_1_213' title='bbox 1411 338 1503 373; x_wconf 76' lang='grc' dir='ltr'>ἔργοις</span> <span class='ocrx_word' id='word_1_214' title='bbox 1515 336 1563 363; x_wconf 77' lang='grc' dir='ltr'>καὶ</span> <span class='ocrx_word' id='word_1_215' title='bbox 1579 336 1686 370; x_wconf 83' lang='grc' dir='ltr'>λόγοις;</span> 
     </span>
    </p>
   </div>
   <div class='ocr_carea' id='block_1_36' title="bbox 1061 382 1636 419">
    <p class='ocr_par' dir='ltr' id='par_1_36' title="bbox 1061 382 1636 419">
     <span class='ocr_line' id='line_1_36' title="bbox 1061 382 1636 419; baseline -0.002 -10"><span class='ocrx_word' id='word_1_216' title='bbox 1061 383 1130 409; x_wconf 86' lang='grc' dir='ltr'>Ἀλλ’</span> <span class='ocrx_word' id='word_1_217' title='bbox 1145 383 1216 415; x_wconf 78' lang='grc' dir='ltr'>ἐλθὲ,</span> <span class='ocrx_word' id='word_1_218' title='bbox 1235 384 1294 415; x_wconf 86' lang='grc' dir='ltr'>πῶς</span> <span class='ocrx_word' id='word_1_219' title='bbox 1308 384 1399 419; x_wconf 76' lang='grc' dir='ltr'>ἔκρινε</span> <span class='ocrx_word' id='word_1_220' title='bbox 1411 383 1458 410; x_wconf 74' lang='grc' dir='ltr'>καὶ</span> <span class='ocrx_word' id='word_1_221' title='bbox 1469 383 1546 414; x_wconf 78' lang='grc' dir='ltr'><strong>Θεὸς,</strong></span> <span class='ocrx_word' id='word_1_222' title='bbox 1561 382 1636 416; x_wconf 80' lang='grc' dir='ltr'>λέγε,</span> 
     </span>
    </p>
   </div>
   <div class='ocr_carea' id='block_1_37' title="bbox 1055 429 1601 465">
    <p class='ocr_par' dir='ltr' id='par_1_37' title="bbox 1055 429 1601 465">
     <span class='ocr_line' id='line_1_37' title="bbox 1055 429 1601 465; baseline -0.002 -9"><span class='ocrx_word' id='word_1_223' title='bbox 1055 429 1123 456; x_wconf 89' lang='grc' dir='ltr'>Τίνα</span> <span class='ocrx_word' id='word_1_224' title='bbox 1139 430 1292 465; x_wconf 83' lang='grc' dir='ltr'>στρατηγὸν</span> <span class='ocrx_word' id='word_1_225' title='bbox 1305 430 1355 465; x_wconf 84' lang='grc' dir='ltr'><strong>τῆς</strong></span> <span class='ocrx_word' id='word_1_226' title='bbox 1368 429 1466 456; x_wconf 80' lang='grc' dir='ltr'>ἑαυτοῦ</span> <span class='ocrx_word' id='word_1_227' title='bbox 1482 429 1601 456; x_wconf 88' lang='grc' dir='ltr'>δεικνύει</span> 
     </span>
    </p>
   </div>
   <div class='ocr_carea' id='block_1_38' title="bbox 1055 475 1709 511">
    <p class='ocr_par' dir='ltr' id='par_1_38' title="bbox 1055 475 1709 511">
     <span class='ocr_line' id='line_1_38' title="bbox 1055 475 1709 511; baseline -0.003 -9"><span class='ocrx_word' id='word_1_228' title='bbox 1055 475 1161 511; x_wconf 85' lang='grc' dir='ltr'>Μοίρας</span> <span class='ocrx_word' id='word_1_229' title='bbox 1175 475 1311 511; x_wconf 79' lang='grc' dir='ltr'>κραταιᾶς</span> <span class='ocrx_word' id='word_1_230' title='bbox 1325 475 1371 502; x_wconf 78' lang='grc' dir='ltr'>καὶ</span> <span class='ocrx_word' id='word_1_231' title='bbox 1385 475 1502 510; x_wconf 86' lang='grc' dir='ltr'>στρατοῦ</span> <span class='ocrx_word' id='word_1_232' title='bbox 1518 475 1688 510; x_wconf 76' lang='grc' dir='ltr'>ποθουμένου</span> <span class='ocrx_word' id='word_1_233' title='bbox 1701 483 1709 507; x_wconf 74' lang='grc' dir='ltr'><strong>ς</strong></span> 
     </span>
    </p>
   </div>
   <div class='ocr_carea' id='block_1_39' title="bbox 1055 520 1724 557">
    <p class='ocr_par' dir='ltr' id='par_1_39' title="bbox 1055 520 1724 557">
     <span class='ocr_line' id='line_1_39' title="bbox 1055 520 1724 557; baseline -0.001 -9"><span class='ocrx_word' id='word_1_234' title='bbox 1055 521 1093 548; x_wconf 83' lang='grc' dir='ltr'><strong>Οὐ</strong></span> <span class='ocrx_word' id='word_1_235' title='bbox 1115 521 1159 548; x_wconf 76' lang='grc' dir='ltr'>τὸν</span> <span class='ocrx_word' id='word_1_236' title='bbox 1175 522 1315 556; x_wconf 78' lang='grc' dir='ltr'>γραφέντα</span> <span class='ocrx_word' id='word_1_237' title='bbox 1328 523 1385 554; x_wconf 82' lang='grc' dir='ltr'>τοῖς</span> <span class='ocrx_word' id='word_1_238' title='bbox 1399 521 1491 555; x_wconf 80' lang='grc' dir='ltr'>λόγοις</span> <span class='ocrx_word' id='word_1_239' title='bbox 1512 520 1611 556; x_wconf 85' lang='grc' dir='ltr'>μακρῷ</span> <span class='ocrx_word' id='word_1_240' title='bbox 1626 520 1724 557; x_wconf 81' lang='grc' dir='ltr'>χρόνῳ,</span> 
     </span>
    </p>
   </div>
   <div class='ocr_carea' id='block_1_40' title="bbox 1056 567 1631 599">
    <p class='ocr_par' dir='ltr' id='par_1_40' title="bbox 1056 567 1631 599">
     <span class='ocr_line' id='line_1_40' title="bbox 1056 567 1631 599; baseline -0.002 -5"><span class='ocrx_word' id='word_1_241' title='bbox 1056 567 1112 594; x_wconf 79' lang='grc' dir='ltr'>Καὶ</span> <span class='ocrx_word' id='word_1_242' title='bbox 1130 567 1297 594; x_wconf 73' lang='grc' dir='ltr'>συλλαϐόντα</span> <span class='ocrx_word' id='word_1_243' title='bbox 1314 568 1404 594; x_wconf 81' lang='grc' dir='ltr'>πᾶσαν</span> <span class='ocrx_word' id='word_1_244' title='bbox 1422 567 1631 599; x_wconf 84' lang='grc' dir='ltr'>εὐπαιδευσίαν;</span> 
     </span>
    </p>
   </div>
   <div class='ocr_carea' id='block_1_41' title="bbox 1056 612 1633 648">
    <p class='ocr_par' dir='ltr' id='par_1_41' title="bbox 1056 612 1633 648">
     <span class='ocr_line' id='line_1_41' title="bbox 1056 612 1633 648; baseline -0.002 -8"><span class='ocrx_word' id='word_1_245' title='bbox 1056 613 1214 647; x_wconf 76' lang='grc' dir='ltr'>Αἰγυπτίοις</span> <span class='ocrx_word' id='word_1_246' title='bbox 1229 613 1343 640; x_wconf 85' lang='grc' dir='ltr'>συνόντα</span> <span class='ocrx_word' id='word_1_247' title='bbox 1359 613 1463 648; x_wconf 84' lang='grc' dir='ltr'>Μωσῆν</span> <span class='ocrx_word' id='word_1_248' title='bbox 1478 613 1524 639; x_wconf 85' lang='grc' dir='ltr'><strong>τδν</strong></span> <span class='ocrx_word' id='word_1_249' title='bbox 1546 612 1633 648; x_wconf 83' lang='grc' dir='ltr'>μέγαν</span> 
     </span>
    </p>
   </div>
   <div class='ocr_carea' id='block_1_42' title="bbox 1057 658 1687 695">
    <p class='ocr_par' dir='ltr' id='par_1_42' title="bbox 1057 658 1687 695">
     <span class='ocr_line' id='line_1_42' title="bbox 1057 658 1687 695; baseline -0.005 -9"><span class='ocrx_word' id='word_1_250' title='bbox 1057 659 1097 686; x_wconf 79' lang='grc' dir='ltr'><strong>Τὰ</strong></span> <span class='ocrx_word' id='word_1_251' title='bbox 1115 659 1211 695; x_wconf 86' lang='grc' dir='ltr'>πρῶτα</span> <span class='ocrx_word' id='word_1_252' title='bbox 1225 659 1272 686; x_wconf 75' lang='grc' dir='ltr'>καὶ</span> <span class='ocrx_word' id='word_1_253' title='bbox 1289 659 1419 686; x_wconf 83' lang='grc' dir='ltr'>κάλλιστα</span> <span class='ocrx_word' id='word_1_254' title='bbox 1435 659 1489 685; x_wconf 85' lang='grc' dir='ltr'>τῶν</span> <span class='ocrx_word' id='word_1_255' title='bbox 1507 658 1687 694; x_wconf 78' lang='grc' dir='ltr'><strong>μαθημάτων,</strong></span> 
     </span>
    </p>
   </div>
   <div class='ocr_carea' id='block_1_43' title="bbox 1058 704 1640 741">
    <p class='ocr_par' dir='ltr' id='par_1_43' title="bbox 1058 704 1640 741">
     <span class='ocr_line' id='line_1_43' title="bbox 1058 704 1640 741; baseline -0.003 -9"><span class='ocrx_word' id='word_1_256' title='bbox 1058 706 1163 739; x_wconf 86' lang='grc' dir='ltr'>Λόγους</span> <span class='ocrx_word' id='word_1_257' title='bbox 1178 705 1314 740; x_wconf 82' lang='grc' dir='ltr'>ἀριθμῶν,</span> <span class='ocrx_word' id='word_1_258' title='bbox 1330 705 1492 741; x_wconf 79' lang='grc' dir='ltr'>γραμμικὴν</span> <span class='ocrx_word' id='word_1_259' title='bbox 1504 704 1640 740; x_wconf 84' lang='grc' dir='ltr'>θεωρίαν,</span> 
     </span>
    </p>
   </div>
   <div class='ocr_carea' id='block_1_44' title="bbox 1060 749 1706 786">
    <p class='ocr_par' dir='ltr' id='par_1_44' title="bbox 1060 749 1706 786">
     <span class='ocr_line' id='line_1_44' title="bbox 1060 749 1706 786; baseline -0.005 -9"><span class='ocrx_word' id='word_1_260' title='bbox 1060 751 1185 784; x_wconf 82' lang='grc' dir='ltr'>Ἀστρων</span> <span class='ocrx_word' id='word_1_261' title='bbox 1200 751 1339 786; x_wconf 82' lang='grc' dir='ltr'>πολήσεις.</span> <span class='ocrx_word' id='word_1_262' title='bbox 1354 750 1495 786; x_wconf 77' lang='grc' dir='ltr'>ῥυθμικῶν</span> <span class='ocrx_word' id='word_1_263' title='bbox 1513 749 1603 785; x_wconf 85' lang='grc' dir='ltr'>μελῶν</span> <span class='ocrx_word' id='word_1_264' title='bbox 1617 749 1706 784; x_wconf 80' lang='grc' dir='ltr'>ὅρους,</span> 
     </span>
    </p>
   </div>
   <div class='ocr_carea' id='block_1_45' title="bbox 1061 793 1728 832">
    <p class='ocr_par' dir='ltr' id='par_1_45' title="bbox 1061 793 1728 832">
     <span class='ocr_line' id='line_1_45' title="bbox 1061 793 1728 832; baseline -0.003 -9"><span class='ocrx_word' id='word_1_265' title='bbox 1061 798 1093 823; x_wconf 88' lang='grc' dir='ltr'><strong>Ὃ</strong></span> <span class='ocrx_word' id='word_1_266' title='bbox 1107 797 1205 832; x_wconf 83' lang='grc' dir='ltr'>κρᾶσίς</span> <span class='ocrx_word' id='word_1_267' title='bbox 1221 796 1279 822; x_wconf 82' lang='grc' dir='ltr'>ἐστι</span> <span class='ocrx_word' id='word_1_268' title='bbox 1296 797 1343 823; x_wconf 75' lang='grc' dir='ltr'>καὶ</span> <span class='ocrx_word' id='word_1_269' title='bbox 1354 796 1430 827; x_wconf 84' lang='grc' dir='ltr'>τέλος</span> <span class='ocrx_word' id='word_1_270' title='bbox 1445 796 1535 822; x_wconf 85' lang='grc' dir='ltr'>καλῶν</span> <span class='ocrx_word' id='word_1_271' title='bbox 1545 795 1615 822; x_wconf 84' lang='grc' dir='ltr'>ὂλων</span> <span class='ocrx_word' id='word_1_272' title='bbox 1628 803 1637 827; x_wconf 88' lang='lat'><strong>;</strong></span> <span class='ocrx_word' id='word_1_273' title='bbox 1722 793 1728 796; x_wconf 70' lang='grc'><strong>”</strong></span> 
     </span>
    </p>
   </div>
   <div class='ocr_carea' id='block_1_46' title="bbox 1059 840 1678 876">
    <p class='ocr_par' dir='ltr' id='par_1_46' title="bbox 1059 840 1678 876">
     <span class='ocr_line' id='line_1_46' title="bbox 1059 840 1678 876; baseline -0.006 -7"><span class='ocrx_word' id='word_1_274' title='bbox 1059 842 1167 869; x_wconf 84' lang='grc' dir='ltr'>Παλαιὰ</span> <span class='ocrx_word' id='word_1_275' title='bbox 1183 842 1279 873; x_wconf 72' lang='grc' dir='ltr'>ταῦτα,</span> <span class='ocrx_word' id='word_1_276' title='bbox 1300 843 1354 868; x_wconf 79' lang='grc' dir='ltr'><strong>πᾶν</strong></span> <span class='ocrx_word' id='word_1_277' title='bbox 1370 841 1462 875; x_wconf 77' lang='grc' dir='ltr'>καλὸν,</span> <span class='ocrx_word' id='word_1_278' title='bbox 1482 841 1561 876; x_wconf 77' lang='grc' dir='ltr'>φασὶ,</span> <span class='ocrx_word' id='word_1_279' title='bbox 1582 840 1678 871; x_wconf 80' lang='grc' dir='ltr'>πάλαι,</span> 
     </span>
    </p>
   </div>
   <div class='ocr_carea' id='block_1_47' title="bbox 1062 887 1674 921">
    <p class='ocr_par' dir='ltr' id='par_1_47' title="bbox 1062 887 1674 921">
     <span class='ocr_line' id='line_1_47' title="bbox 1062 887 1674 921; baseline -0.005 -6"><span class='ocrx_word' id='word_1_280' title='bbox 1062 889 1117 915; x_wconf 70' lang='grc' dir='ltr'><strong>Καὶ</strong></span> <span class='ocrx_word' id='word_1_281' title='bbox 1128 889 1219 915; x_wconf 86' lang='grc' dir='ltr'>καινὸν</span> <span class='ocrx_word' id='word_1_282' title='bbox 1229 889 1304 915; x_wconf 78' lang='grc' dir='ltr'>οὐδὲν</span> <span class='ocrx_word' id='word_1_283' title='bbox 1321 888 1376 915; x_wconf 79' lang='grc' dir='ltr'>τῶν</span> <span class='ocrx_word' id='word_1_284' title='bbox 1392 888 1483 915; x_wconf 86' lang='grc' dir='ltr'>καλῶν</span> <span class='ocrx_word' id='word_1_285' title='bbox 1498 888 1545 914; x_wconf 72' lang='grc' dir='ltr'>καὶ</span> <span class='ocrx_word' id='word_1_286' title='bbox 1558 887 1657 921; x_wconf 88' lang='grc' dir='ltr'>τιμίων</span> <span class='ocrx_word' id='word_1_287' title='bbox 1667 894 1674 901; x_wconf 90' lang='grc'><strong>·</strong></span> 
     </span>
    </p>
   </div>
   <div class='ocr_carea' id='block_1_48' title="bbox 1060 932 1690 970">
    <p class='ocr_par' dir='ltr' id='par_1_48' title="bbox 1060 932 1690 970">
     <span class='ocr_line' id='line_1_48' title="bbox 1060 932 1690 970; baseline -0.005 -9"><span class='ocrx_word' id='word_1_288' title='bbox 1060 934 1162 970; x_wconf 89' lang='grc' dir='ltr'><strong>Ζηλοῦν</strong></span> <span class='ocrx_word' id='word_1_289' title='bbox 1177 933 1206 961; x_wconf 81' lang='grc' dir='ltr'><strong>δὲ</strong></span> <span class='ocrx_word' id='word_1_290' title='bbox 1220 933 1307 961; x_wconf 79' lang='grc' dir='ltr'>ταῦτα</span> <span class='ocrx_word' id='word_1_291' title='bbox 1320 934 1356 968; x_wconf 79' lang='grc' dir='ltr'>μὴ</span> <span class='ocrx_word' id='word_1_292' title='bbox 1369 933 1461 963; x_wconf 83' lang='grc' dir='ltr'>καλὸν.</span> <span class='ocrx_word' id='word_1_293' title='bbox 1474 933 1521 960; x_wconf 73' lang='grc' dir='ltr'>καὶ</span> <span class='ocrx_word' id='word_1_294' title='bbox 1535 932 1577 964; x_wconf 83' lang='grc' dir='ltr'><strong>τίς</strong></span> <span class='ocrx_word' id='word_1_295' title='bbox 1593 932 1690 966; x_wconf 80' lang='grc' dir='ltr'>λόγος;</span> 
     </span>
    </p>
   </div>
   <div class='ocr_carea' id='block_1_49' title="bbox 1058 977 1621 1014">
    <p class='ocr_par' dir='ltr' id='par_1_49' title="bbox 1058 977 1621 1014">
     <span class='ocr_line' id='line_1_49' title="bbox 1058 977 1621 1014; baseline -0.005 -8"><span class='ocrx_word' id='word_1_296' title='bbox 1058 980 1125 1006; x_wconf 78' lang='grc' dir='ltr'><strong>Οὐδὲ</strong></span> <span class='ocrx_word' id='word_1_297' title='bbox 1138 979 1253 1014; x_wconf 86' lang='grc' dir='ltr'>γράφειν</span> <span class='ocrx_word' id='word_1_298' title='bbox 1267 978 1355 1011; x_wconf 78' lang='grc' dir='ltr'>ἔξεστι</span> <span class='ocrx_word' id='word_1_299' title='bbox 1367 978 1461 1005; x_wconf 72' lang='grc' dir='ltr'>λοιπον</span> <span class='ocrx_word' id='word_1_300' title='bbox 1475 979 1513 1009; x_wconf 86' lang='grc' dir='ltr'>ὡς</span> <span class='ocrx_word' id='word_1_301' title='bbox 1525 977 1621 1009; x_wconf 83' lang='grc' dir='ltr'>πάλαι,</span> 
     </span>
    </p>
   </div>
   <div class='ocr_carea' id='block_1_50' title="bbox 1059 1024 1666 1060">
    <p class='ocr_par' dir='ltr' id='par_1_50' title="bbox 1059 1024 1666 1060">
     <span class='ocr_line' id='line_1_50' title="bbox 1059 1024 1666 1060; baseline -0.005 -8"><span class='ocrx_word' id='word_1_302' title='bbox 1059 1025 1141 1052; x_wconf 81' lang='grc' dir='ltr'>Οὐδὲν</span> <span class='ocrx_word' id='word_1_303' title='bbox 1154 1025 1243 1059; x_wconf 84' lang='grc' dir='ltr'>λόγοις</span> <span class='ocrx_word' id='word_1_304' title='bbox 1257 1025 1367 1060; x_wconf 71' lang='grc' dir='ltr'>ἄριστον</span> <span class='ocrx_word' id='word_1_305' title='bbox 1379 1025 1416 1055; x_wconf 81' lang='grc' dir='ltr'>ὡς</span> <span class='ocrx_word' id='word_1_306' title='bbox 1433 1024 1497 1059; x_wconf 72' lang='grc' dir='ltr'>πρῒν</span> <span class='ocrx_word' id='word_1_307' title='bbox 1510 1024 1666 1058; x_wconf 79' lang='grc' dir='ltr'>τυγχάνειν,</span> 
     </span>
    </p>
   </div>
   <div class='ocr_carea' id='block_1_51' title="bbox 1059 1069 1758 1106">
    <p class='ocr_par' dir='ltr' id='par_1_51' title="bbox 1059 1069 1758 1106">
     <span class='ocr_line' id='line_1_51' title="bbox 1059 1069 1758 1106; baseline -0.004 -8"><span class='ocrx_word' id='word_1_308' title='bbox 1059 1071 1121 1098; x_wconf 83' lang='grc' dir='ltr'><strong>Οὐδ’</strong></span> <span class='ocrx_word' id='word_1_309' title='bbox 1136 1072 1165 1097; x_wconf 83' lang='grc' dir='ltr'>ὲν</span> <span class='ocrx_word' id='word_1_310' title='bbox 1181 1071 1282 1106; x_wconf 76' lang='grc' dir='ltr'>μάχαις</span> <span class='ocrx_word' id='word_1_311' title='bbox 1300 1071 1456 1106; x_wconf 71' lang='grc' dir='ltr'>βέλτιστονς</span> <span class='ocrx_word' id='word_1_312' title='bbox 1471 1070 1625 1105; x_wconf 77' lang='grc' dir='ltr'>Ἐρῤευσαν</span> <span class='ocrx_word' id='word_1_313' title='bbox 1644 1069 1758 1104; x_wconf 68' lang='grc' dir='ltr'>τέχναις</span> 
     </span>
    </p>
   </div>
   <div class='ocr_carea' id='block_1_52' title="bbox 1061 1114 1661 1151">
    <p class='ocr_par' dir='ltr' id='par_1_52' title="bbox 1061 1114 1661 1151">
     <span class='ocr_line' id='line_1_52' title="bbox 1061 1114 1661 1151; baseline -0.003 -8"><span class='ocrx_word' id='word_1_314' title='bbox 1061 1117 1149 1144; x_wconf 77' lang='grc' dir='ltr'>Πάλαι</span> <span class='ocrx_word' id='word_1_315' title='bbox 1163 1116 1217 1151; x_wconf 87' lang='grc' dir='ltr'><strong>γὰρ</strong></span> <span class='ocrx_word' id='word_1_316' title='bbox 1230 1114 1300 1151; x_wconf 74' lang='grc' dir='ltr'>ἦσαν</span> <span class='ocrx_word' id='word_1_317' title='bbox 1311 1116 1367 1146; x_wconf 78' lang='grc' dir='ltr'>τοῖς</span> <span class='ocrx_word' id='word_1_318' title='bbox 1379 1115 1485 1150; x_wconf 81' lang='grc' dir='ltr'>βροτοῖς</span> <span class='ocrx_word' id='word_1_319' title='bbox 1499 1115 1661 1150; x_wconf 79' lang='grc' dir='ltr'>εὑρημέναι·</span> 
     </span>
    </p>
   </div>
   <div class='ocr_carea' id='block_1_53' title="bbox 1061 1159 1649 1195">
    <p class='ocr_par' dir='ltr' id='par_1_53' title="bbox 1061 1159 1649 1195">
     <span class='ocr_line' id='line_1_53' title="bbox 1061 1159 1649 1195; baseline -0.002 -8"><span class='ocrx_word' id='word_1_320' title='bbox 1061 1161 1097 1187; x_wconf 81' lang='grc' dir='ltr'>Τὸ</span> <span class='ocrx_word' id='word_1_321' title='bbox 1115 1161 1264 1195; x_wconf 84' lang='grc' dir='ltr'>σωφρονεῖν</span> <span class='ocrx_word' id='word_1_322' title='bbox 1279 1160 1333 1186; x_wconf 78' lang='grc' dir='ltr'><strong>πᾶν</strong></span> <span class='ocrx_word' id='word_1_323' title='bbox 1344 1160 1484 1186; x_wconf 75' lang='grc' dir='ltr'>ἐκλέλοιπε</span> <span class='ocrx_word' id='word_1_324' title='bbox 1500 1160 1546 1185; x_wconf 80' lang='grc' dir='ltr'>τὸν</span> <span class='ocrx_word' id='word_1_325' title='bbox 1566 1159 1623 1194; x_wconf 83' lang='grc' dir='ltr'>βίον</span> <span class='ocrx_word' id='word_1_326' title='bbox 1641 1168 1649 1189; x_wconf 87' lang='lat'><strong>:</strong></span> 
     </span>
    </p>
   </div>
   <div class='ocr_carea' id='block_1_54' title="bbox 1059 1204 1585 1241">
    <p class='ocr_par' dir='ltr' id='par_1_54' title="bbox 1059 1204 1585 1241">
     <span class='ocr_line' id='line_1_54' title="bbox 1059 1204 1585 1241; baseline -0.004 -9"><span class='ocrx_word' id='word_1_327' title='bbox 1059 1206 1115 1241; x_wconf 81' lang='grc' dir='ltr'>Τὴν</span> <span class='ocrx_word' id='word_1_328' title='bbox 1131 1205 1231 1241; x_wconf 81' lang='grc' dir='ltr'>ἀρετὴν</span> <span class='ocrx_word' id='word_1_329' title='bbox 1247 1205 1327 1232; x_wconf 84' lang='grc' dir='ltr'>δίωκε</span> <span class='ocrx_word' id='word_1_330' title='bbox 1341 1205 1441 1236; x_wconf 79' lang='grc' dir='ltr'>πᾶσαν,</span> <span class='ocrx_word' id='word_1_331' title='bbox 1456 1204 1473 1240; x_wconf 84' lang='grc' dir='ltr'>ἢ</span> <span class='ocrx_word' id='word_1_332' title='bbox 1490 1205 1585 1238; x_wconf 63' lang='grc' dir='ltr'>πάλαιξ</span> 
     </span>
    </p>
   </div>
   <div class='ocr_carea' id='block_1_55' title="bbox 1059 1248 1619 1285">
    <p class='ocr_par' dir='ltr' id='par_1_55' title="bbox 1059 1248 1619 1285">
     <span class='ocr_line' id='line_1_55' title="bbox 1059 1248 1619 1285; baseline -0.004 -8"><span class='ocrx_word' id='word_1_333' title='bbox 1059 1251 1176 1277; x_wconf 75' lang='grc' dir='ltr'>Φανεῖσα</span> <span class='ocrx_word' id='word_1_334' title='bbox 1190 1250 1305 1282; x_wconf 84' lang='grc' dir='ltr'>πολλοὺς</span> <span class='ocrx_word' id='word_1_335' title='bbox 1316 1248 1383 1285; x_wconf 86' lang='grc' dir='ltr'>ἦρεν</span> <span class='ocrx_word' id='word_1_336' title='bbox 1398 1249 1438 1281; x_wconf 80' lang='grc' dir='ltr'><strong>εἰς</strong></span> <span class='ocrx_word' id='word_1_337' title='bbox 1454 1249 1521 1284; x_wconf 82' lang='grc' dir='ltr'>ὕψος</span> <span class='ocrx_word' id='word_1_338' title='bbox 1536 1250 1619 1284; x_wconf 79' lang='grc' dir='ltr'>μέγα,</span> 
     </span>
    </p>
   </div>
   <div class='ocr_carea' id='block_1_56' title="bbox 1067 1294 1688 1330">
    <p class='ocr_par' dir='ltr' id='par_1_56' title="bbox 1067 1294 1688 1330">
     <span class='ocr_line' id='line_1_56' title="bbox 1067 1294 1688 1330; baseline -0.003 -8"><span class='ocrx_word' id='word_1_339' title='bbox 1067 1297 1180 1330; x_wconf 82' lang='grc' dir='ltr'>’Δφεῖσα</span> <span class='ocrx_word' id='word_1_340' title='bbox 1193 1295 1305 1327; x_wconf 81' lang='grc' dir='ltr'>τούτους</span> <span class='ocrx_word' id='word_1_341' title='bbox 1319 1295 1450 1330; x_wconf 68' lang='grc' dir='ltr'>ἀρχικοὺς</span> <span class='ocrx_word' id='word_1_342' title='bbox 1466 1295 1561 1330; x_wconf 81' lang='grc' dir='ltr'>ὥσπερ</span> <span class='ocrx_word' id='word_1_343' title='bbox 1575 1294 1688 1325; x_wconf 83' lang='grc' dir='ltr'>τύπους.</span> 
     </span>
    </p>
   </div>
   <div class='ocr_carea' id='block_1_57' title="bbox 1061 1340 1706 1376">
    <p class='ocr_par' dir='ltr' id='par_1_57' title="bbox 1061 1340 1706 1376">
     <span class='ocr_line' id='line_1_57' title="bbox 1061 1340 1706 1376; baseline -0.005 -7"><span class='ocrx_word' id='word_1_344' title='bbox 1061 1342 1133 1376; x_wconf 82' lang='grc' dir='ltr'>Πρδς</span> <span class='ocrx_word' id='word_1_345' title='bbox 1149 1341 1195 1373; x_wconf 83' lang='grc' dir='ltr'><strong>οὒς</strong></span> <span class='ocrx_word' id='word_1_346' title='bbox 1207 1341 1313 1376; x_wconf 82' lang='grc' dir='ltr'>βλέπων</span> <span class='ocrx_word' id='word_1_347' title='bbox 1326 1349 1379 1373; x_wconf 78' lang='grc' dir='ltr'>τις,</span> <span class='ocrx_word' id='word_1_348' title='bbox 1392 1340 1490 1372; x_wconf 85' lang='grc' dir='ltr'>κάλλος</span> <span class='ocrx_word' id='word_1_349' title='bbox 1505 1341 1529 1367; x_wconf 79' lang='grc' dir='ltr'>εἰ</span> <span class='ocrx_word' id='word_1_350' title='bbox 1547 1340 1620 1367; x_wconf 82' lang='grc' dir='ltr'>θέλοι</span> <span class='ocrx_word' id='word_1_351' title='bbox 1637 1340 1706 1374; x_wconf 79' lang='grc' dir='ltr'>βίου,</span> 
     </span>
    </p>
   </div>
   <div class='ocr_carea' id='block_1_58' title="bbox 1068 1386 1653 1421">
    <p class='ocr_par' dir='ltr' id='par_1_58' title="bbox 1068 1386 1653 1421">
     <span class='ocr_line' id='line_1_58' title="bbox 1068 1386 1653 1421; baseline -0.003 -7"><span class='ocrx_word' id='word_1_352' title='bbox 1068 1388 1188 1414; x_wconf 82' lang='grc' dir='ltr'>Ἐκεῖθεν</span> <span class='ocrx_word' id='word_1_353' title='bbox 1203 1387 1287 1420; x_wconf 80' lang='grc' dir='ltr'>ἓλκει,</span> <span class='ocrx_word' id='word_1_354' title='bbox 1304 1387 1357 1413; x_wconf 80' lang='grc' dir='ltr'>κᾶν</span> <span class='ocrx_word' id='word_1_355' title='bbox 1371 1386 1406 1413; x_wconf 84' lang='grc' dir='ltr'>τὰ</span> <span class='ocrx_word' id='word_1_356' title='bbox 1420 1386 1534 1421; x_wconf 77' lang='grc' dir='ltr'>δεύτερα</span> <span class='ocrx_word' id='word_1_357' title='bbox 1549 1387 1653 1421; x_wconf 82' lang='grc' dir='ltr'>γράφῃ.</span> 
     </span>
    </p>
   </div>
   <div class='ocr_carea' id='block_1_59' title="bbox 1063 1432 1664 1468">
    <p class='ocr_par' dir='ltr' id='par_1_59' title="bbox 1063 1432 1664 1468">
     <span class='ocr_line' id='line_1_59' title="bbox 1063 1432 1664 1468; baseline -0.005 -8"><span class='ocrx_word' id='word_1_358' title='bbox 1063 1434 1099 1460; x_wconf 79' lang='grc' dir='ltr'><strong>ΣΞ)</strong></span> <span class='ocrx_word' id='word_1_359' title='bbox 1113 1433 1151 1466; x_wconf 80' lang='grc' dir='ltr'><strong>δὲ,</strong></span> <span class='ocrx_word' id='word_1_360' title='bbox 1168 1435 1295 1468; x_wconf 81' lang='grc' dir='ltr'>προφῆτα</span> <span class='ocrx_word' id='word_1_361' title='bbox 1309 1432 1357 1459; x_wconf 82' lang='grc' dir='ltr'>καὶ</span> <span class='ocrx_word' id='word_1_362' title='bbox 1373 1432 1494 1467; x_wconf 80' lang='grc' dir='ltr'>βασιλεῦ,</span> <span class='ocrx_word' id='word_1_363' title='bbox 1509 1432 1567 1463; x_wconf 75' lang='grc' dir='ltr'>πῶς</span> <span class='ocrx_word' id='word_1_364' title='bbox 1583 1432 1664 1458; x_wconf 82' lang='grc' dir='ltr'>πλέον</span> 
     </span>
    </p>
   </div>
   <div class='ocr_carea' id='block_1_60' title="bbox 1063 1478 1654 1514">
    <p class='ocr_par' dir='ltr' id='par_1_60' title="bbox 1063 1478 1654 1514">
     <span class='ocr_line' id='line_1_60' title="bbox 1063 1478 1654 1514; baseline -0.002 -9"><span class='ocrx_word' id='word_1_365' title='bbox 1063 1479 1160 1514; x_wconf 79' lang='grc' dir='ltr'>Αὑχεῐς</span> <span class='ocrx_word' id='word_1_366' title='bbox 1176 1479 1304 1506; x_wconf 78' lang='grc' dir='ltr'>ἁπάντων</span> <span class='ocrx_word' id='word_1_367' title='bbox 1318 1478 1417 1512; x_wconf 87' lang='grc' dir='ltr'>γνῶσιν</span> <span class='ocrx_word' id='word_1_368' title='bbox 1430 1487 1438 1511; x_wconf 86' lang='grc'>;</span> <span class='ocrx_word' id='word_1_369' title='bbox 1455 1478 1504 1504; x_wconf 80' lang='grc' dir='ltr'>οὐκ</span> <span class='ocrx_word' id='word_1_370' title='bbox 1518 1478 1654 1513; x_wconf 84' lang='grc' dir='ltr'>ἀριστέων</span> 
     </span>
    </p>
   </div>
   <div class='ocr_carea' id='block_1_61' title="bbox 1066 1523 1733 1559">
    <p class='ocr_par' dir='ltr' id='par_1_61' title="bbox 1066 1523 1733 1559">
     <span class='ocr_line' id='line_1_61' title="bbox 1066 1523 1733 1559; baseline -0.003 -8"><span class='ocrx_word' id='word_1_371' title='bbox 1066 1525 1158 1559; x_wconf 86' lang='grc' dir='ltr'>Ἔχεις</span> <span class='ocrx_word' id='word_1_372' title='bbox 1172 1524 1205 1551; x_wconf 83' lang='grc' dir='ltr'>τὰ</span> <span class='ocrx_word' id='word_1_373' title='bbox 1224 1524 1340 1559; x_wconf 85' lang='grc' dir='ltr'>πρῶτα;</span> <span class='ocrx_word' id='word_1_374' title='bbox 1355 1523 1417 1556; x_wconf 81' lang='grc' dir='ltr'>Πῶς</span> <span class='ocrx_word' id='word_1_375' title='bbox 1433 1523 1528 1559; x_wconf 80' lang='grc' dir='ltr'>σοφίζῃ</span> <span class='ocrx_word' id='word_1_376' title='bbox 1546 1523 1609 1555; x_wconf 78' lang='grc' dir='ltr'>τοὺς</span> <span class='ocrx_word' id='word_1_377' title='bbox 1624 1524 1733 1558; x_wconf 79' lang='grc' dir='ltr'>νόμους,</span> 
     </span>
    </p>
   </div>
   <div class='ocr_carea' id='block_1_62' title="bbox 226 1610 1847 1648">
    <p class='ocr_par' dir='ltr' id='par_1_62' title="bbox 226 1610 1847 1648">
     <span class='ocr_line' id='line_1_62' title="bbox 226 1610 1847 1648; baseline -0.003 -6"><span class='ocrx_word' id='word_1_378' title='bbox 226 1619 286 1647; x_wconf 83' lang='lat' dir='ltr'><strong>est,</strong></span> <span class='ocrx_word' id='word_1_379' title='bbox 315 1613 438 1642; x_wconf 86' lang='lat' dir='ltr'><strong>consiliis</strong></span> <span class='ocrx_word' id='word_1_380' title='bbox 460 1616 488 1640; x_wconf 92' lang='lat' dir='ltr'><strong>et</strong></span> <span class='ocrx_word' id='word_1_381' title='bbox 511 1612 610 1648; x_wconf 88' lang='lat' dir='ltr'><strong>pugnis</strong></span> <span class='ocrx_word' id='word_1_382' title='bbox 641 1612 726 1640; x_wconf 86' lang='lat' dir='ltr'><strong>vincit</strong></span> <span class='ocrx_word' id='word_1_383' title='bbox 755 1620 864 1641; x_wconf 90' lang='lat' dir='ltr'><strong>omnem</strong></span> <span class='ocrx_word' id='word_1_384' title='bbox 892 1618 1011 1644; x_wconf 80' lang='lat' dir='ltr'><strong>terram,</strong></span> <span class='ocrx_word' id='word_1_385' title='bbox 1027 1615 1048 1644; x_wconf 75' lang='grc' dir='ltr'>α</span> <span class='ocrx_word' id='word_1_386' title='bbox 1066 1616 1104 1640; x_wconf 90' lang='lat' dir='ltr'><strong>tet</strong></span> <span class='ocrx_word' id='word_1_387' title='bbox 1123 1612 1244 1639; x_wconf 78' lang='lat' dir='ltr'><strong>inﬁdeles</strong></span> <span class='ocrx_word' id='word_1_388' title='bbox 1262 1617 1289 1639; x_wconf 89' lang='lat' dir='ltr'><strong>ct</strong></span> <span class='ocrx_word' id='word_1_389' title='bbox 1308 1612 1401 1639; x_wconf 82' lang='lat' dir='ltr'><strong>ﬁdeles</strong></span> <span class='ocrx_word' id='word_1_390' title='bbox 1416 1611 1515 1638; x_wconf 83' lang='lat' dir='ltr'><strong>ﬂorere</strong></span> <span class='ocrx_word' id='word_1_391' title='bbox 1539 1610 1667 1638; x_wconf 91' lang='lat' dir='ltr'><strong>omnibus</strong></span> <span class='ocrx_word' id='word_1_392' title='bbox 1684 1610 1763 1638; x_wconf 82' lang='lat' dir='ltr'><strong>bonis</strong></span> <span class='ocrx_word' id='word_1_393' title='bbox 1781 1618 1847 1646; x_wconf 87' lang='lat' dir='ltr'><strong>ope-</strong></span> 
     </span>
    </p>
   </div>
   <div class='ocr_carea' id='block_1_63' title="bbox 193 1656 1015 1690">
    <p class='ocr_par' dir='ltr' id='par_1_63' title="bbox 193 1656 1015 1690">
     <span class='ocr_line' id='line_1_63' title="bbox 193 1656 1015 1690; baseline -0.004 -3"><span class='ocrx_word' id='word_1_394' title='bbox 193 1686 197 1688; x_wconf 87' lang='lat'>_</span> <span class='ocrx_word' id='word_1_395' title='bbox 227 1659 324 1687; x_wconf 86' lang='lat' dir='ltr'><strong>suadet</strong></span> <span class='ocrx_word' id='word_1_396' title='bbox 339 1659 447 1686; x_wconf 83' lang='lat' dir='ltr'><strong>vincere</strong></span> <span class='ocrx_word' id='word_1_397' title='bbox 465 1657 589 1685; x_wconf 77' lang='lat' dir='ltr'><strong>nolentes</strong></span> <span class='ocrx_word' id='word_1_398' title='bbox 603 1657 717 1690; x_wconf 88' lang='lat' dir='ltr'><strong>amicos,</strong></span> <span class='ocrx_word' id='word_1_399' title='bbox 735 1662 762 1684; x_wconf 87' lang='lat' dir='ltr'><strong>et</strong></span> <span class='ocrx_word' id='word_1_400' title='bbox 778 1657 911 1685; x_wconf 83' lang='lat' dir='ltr'><strong>concione</strong></span> <span class='ocrx_word' id='word_1_401' title='bbox 930 1656 1015 1684; x_wconf 87' lang='lat' dir='ltr'><strong>vincit</strong></span> 
     </span>
    </p>
   </div>
   <div class='ocr_carea' id='block_1_64' title="bbox 227 1703 1014 1738">
    <p class='ocr_par' dir='ltr' id='par_1_64' title="bbox 227 1703 1014 1738">
     <span class='ocr_line' id='line_1_64' title="bbox 227 1703 1014 1738; baseline -0.004 -6"><span class='ocrx_word' id='word_1_402' title='bbox 227 1704 362 1738; x_wconf 78' lang='lat' dir='ltr'><strong>stupendo</strong></span> <span class='ocrx_word' id='word_1_403' title='bbox 373 1703 455 1730; x_wconf 90' lang='lat' dir='ltr'><strong>modo</strong></span> <span class='ocrx_word' id='word_1_404' title='bbox 471 1703 580 1735; x_wconf 80' lang='lat' dir='ltr'><strong>Persas,</strong></span> <span class='ocrx_word' id='word_1_405' title='bbox 594 1703 664 1730; x_wconf 85' lang='lat' dir='ltr'><strong>mari</strong></span> <span class='ocrx_word' id='word_1_406' title='bbox 681 1706 708 1729; x_wconf 87' lang='lat' dir='ltr'><strong>et</strong></span> <span class='ocrx_word' id='word_1_407' title='bbox 725 1706 810 1736; x_wconf 85' lang='lat' dir='ltr'><strong>terra,</strong></span> <span class='ocrx_word' id='word_1_408' title='bbox 825 1709 933 1730; x_wconf 85' lang='lat' dir='ltr'><strong>omnem</strong></span> <span class='ocrx_word' id='word_1_409' title='bbox 948 1710 1014 1737; x_wconf 86' lang='lat' dir='ltr'><strong>gen-</strong></span> 
     </span>
    </p>
   </div>
   <div class='ocr_carea' id='block_1_65' title="bbox 228 1747 1016 1781">
    <p class='ocr_par' dir='ltr' id='par_1_65' title="bbox 228 1747 1016 1781">
     <span class='ocr_line' id='line_1_65' title="bbox 228 1747 1016 1781; baseline -0.001 -6"><span class='ocrx_word' id='word_1_410' title='bbox 228 1755 293 1778; x_wconf 84' lang='lat' dir='ltr'><strong>tem.</strong></span> <span class='ocrx_word' id='word_1_411' title='bbox 312 1755 420 1776; x_wconf 84' lang='lat' dir='ltr'><strong>omnem</strong></span> <span class='ocrx_word' id='word_1_412' title='bbox 443 1748 549 1781; x_wconf 85' lang='lat' dir='ltr'><strong>urbem,</strong></span> <span class='ocrx_word' id='word_1_413' title='bbox 565 1747 651 1775; x_wconf 85' lang='lat' dir='ltr'><strong>animi</strong></span> <span class='ocrx_word' id='word_1_414' title='bbox 672 1747 786 1775; x_wconf 82' lang='lat' dir='ltr'><strong>audacia</strong></span> <span class='ocrx_word' id='word_1_415' title='bbox 805 1752 833 1775; x_wconf 91' lang='lat' dir='ltr'><strong>et</strong></span> <span class='ocrx_word' id='word_1_416' title='bbox 853 1748 950 1775; x_wconf 90' lang='lat' dir='ltr'><strong>mentis</strong></span> <span class='ocrx_word' id='word_1_417' title='bbox 971 1755 1016 1775; x_wconf 85' lang='lat' dir='ltr'><strong>sa-</strong></span> 
     </span>
    </p>
   </div>
   <div class='ocr_carea' id='block_1_66' title="bbox 228 1792 1017 1828">
    <p class='ocr_par' dir='ltr' id='par_1_66' title="bbox 228 1792 1017 1828">
     <span class='ocr_line' id='line_1_66' title="bbox 228 1792 1017 1828; baseline 0.001 -9"><span class='ocrx_word' id='word_1_418' title='bbox 228 1793 330 1828; x_wconf 85' lang='lat' dir='ltr'><strong>pientia</strong></span> <span class='ocrx_word' id='word_1_419' title='bbox 354 1792 499 1826; x_wconf 90' lang='lat' dir='ltr'><strong>submittit,</strong></span> <span class='ocrx_word' id='word_1_420' title='bbox 519 1796 546 1820; x_wconf 84' lang='lat' dir='ltr'><strong>et</strong></span> <span class='ocrx_word' id='word_1_421' title='bbox 566 1792 602 1823; x_wconf 83' lang='lat' dir='ltr'><strong>ab</strong></span> <span class='ocrx_word' id='word_1_422' title='bbox 626 1792 750 1820; x_wconf 87' lang='lat' dir='ltr'><strong>hostibus</strong></span> <span class='ocrx_word' id='word_1_423' title='bbox 770 1792 876 1820; x_wconf 88' lang='lat' dir='ltr'><strong>obtinet</strong></span> <span class='ocrx_word' id='word_1_424' title='bbox 900 1792 1017 1828; x_wconf 75' lang='lat' dir='ltr'><strong>inclytus</strong></span> 
     </span>
    </p>
   </div>
   <div class='ocr_carea' id='block_1_67' title="bbox 229 1837 1018 1873">
    <p class='ocr_par' dir='ltr' id='par_1_67' title="bbox 229 1837 1018 1873">
     <span class='ocr_line' id='line_1_67' title="bbox 229 1837 1018 1873; baseline 0 -7"><span class='ocrx_word' id='word_1_425' title='bbox 229 1840 361 1871; x_wconf 88' lang='lat' dir='ltr'><strong>honores,</strong></span> <span class='ocrx_word' id='word_1_426' title='bbox 381 1843 408 1865; x_wconf 87' lang='lat' dir='ltr'><strong>et</strong></span> <span class='ocrx_word' id='word_1_427' title='bbox 422 1838 450 1865; x_wconf 91' lang='lat' dir='ltr'><strong>in</strong></span> <span class='ocrx_word' id='word_1_428' title='bbox 467 1837 596 1866; x_wconf 77' lang='lat' dir='ltr'><strong>cordibus</strong></span> <span class='ocrx_word' id='word_1_429' title='bbox 613 1845 709 1865; x_wconf 92' lang='lat' dir='ltr'><strong>eorum</strong></span> <span class='ocrx_word' id='word_1_430' title='bbox 734 1838 865 1872; x_wconf 70' lang='lat' dir='ltr'><strong>sepelitur</strong></span> <span class='ocrx_word' id='word_1_431' title='bbox 882 1846 888 1865; x_wconf 96' lang='lat'>:</span> <span class='ocrx_word' id='word_1_432' title='bbox 912 1842 939 1865; x_wconf 91' lang='lat' dir='ltr'><strong>et</strong></span> <span class='ocrx_word' id='word_1_433' title='bbox 956 1845 1018 1873; x_wconf 88' lang='lat' dir='ltr'><strong>pro-</strong></span> 
     </span>
    </p>
   </div>
   <div class='ocr_carea' id='block_1_68' title="bbox 228 1883 1016 1920">
    <p class='ocr_par' dir='ltr' id='par_1_68' title="bbox 228 1883 1016 1920">
     <span class='ocr_line' id='line_1_68' title="bbox 228 1883 1016 1920; baseline -0.001 -8"><span class='ocrx_word' id='word_1_434' title='bbox 228 1885 332 1920; x_wconf 85' lang='lat' dir='ltr'><strong>digium</strong></span> <span class='ocrx_word' id='word_1_435' title='bbox 347 1888 407 1917; x_wconf 88' lang='lat' dir='ltr'><strong>est,</strong></span> <span class='ocrx_word' id='word_1_436' title='bbox 425 1884 563 1920; x_wconf 90' lang='lat' dir='ltr'><strong>quomodo</strong></span> <span class='ocrx_word' id='word_1_437' title='bbox 581 1891 682 1918; x_wconf 89' lang='lat' dir='ltr'><strong>corpus</strong></span> <span class='ocrx_word' id='word_1_438' title='bbox 693 1891 779 1911; x_wconf 90' lang='lat' dir='ltr'><strong>unum</strong></span> <span class='ocrx_word' id='word_1_439' title='bbox 805 1888 832 1911; x_wconf 91' lang='lat' dir='ltr'><strong>et</strong></span> <span class='ocrx_word' id='word_1_440' title='bbox 854 1883 944 1911; x_wconf 87' lang='lat' dir='ltr'><strong>anima</strong></span> <span class='ocrx_word' id='word_1_441' title='bbox 962 1891 1016 1911; x_wconf 90' lang='lat' dir='ltr'><strong>una</strong></span> 
     </span>
    </p>
   </div>
   <div class='ocr_carea' id='block_1_69' title="bbox 230 1929 1017 1965">
    <p class='ocr_par' dir='ltr' id='par_1_69' title="bbox 230 1929 1017 1965">
     <span class='ocr_line' id='line_1_69' title="bbox 230 1929 1017 1965; baseline -0.003 -6"><span class='ocrx_word' id='word_1_442' title='bbox 230 1930 372 1965; x_wconf 85' lang='lat' dir='ltr'><strong>superiora</strong></span> <span class='ocrx_word' id='word_1_443' title='bbox 395 1930 453 1957; x_wconf 86' lang='lat' dir='ltr'><strong>visa</strong></span> <span class='ocrx_word' id='word_1_444' title='bbox 469 1930 524 1957; x_wconf 87' lang='lat' dir='ltr'><strong>sint</strong></span> <span class='ocrx_word' id='word_1_445' title='bbox 542 1929 670 1956; x_wconf 89' lang='lat' dir='ltr'><strong>universo</strong></span> <span class='ocrx_word' id='word_1_446' title='bbox 695 1929 764 1962; x_wconf 84' lang='lat' dir='ltr'><strong>orbi,</strong></span> <span class='ocrx_word' id='word_1_447' title='bbox 783 1936 879 1964; x_wconf 84' lang='lat' dir='ltr'><strong>magna</strong></span> <span class='ocrx_word' id='word_1_448' title='bbox 904 1929 1017 1957; x_wconf 79' lang='lat' dir='ltr'><strong>fortitu—</strong></span> 
     </span>
    </p>
   </div>
   <div class='ocr_carea' id='block_1_70' title="bbox 229 1973 1015 2011">
    <p class='ocr_par' dir='ltr' id='par_1_70' title="bbox 229 1973 1015 2011">
     <span class='ocr_line' id='line_1_70' title="bbox 229 1973 1015 2011; baseline -0.001 -7"><span class='ocrx_word' id='word_1_449' title='bbox 229 1977 302 2008; x_wconf 86' lang='lat' dir='ltr'><strong>dine,</strong></span> <span class='ocrx_word' id='word_1_450' title='bbox 330 1975 474 2011; x_wconf 72' lang='lat' dir='ltr'><strong>prudentia</strong></span> <span class='ocrx_word' id='word_1_451' title='bbox 506 1979 534 2003; x_wconf 90' lang='lat' dir='ltr'><strong>et</strong></span> <span class='ocrx_word' id='word_1_452' title='bbox 551 1974 659 2010; x_wconf 85' lang='lat' dir='ltr'><strong>pugnis.</strong></span> <span class='ocrx_word' id='word_1_453' title='bbox 677 1973 747 2007; x_wconf 83' lang='lat' dir='ltr'><strong>Quid</strong></span> <span class='ocrx_word' id='word_1_454' title='bbox 774 1975 857 2002; x_wconf 84' lang='lat' dir='ltr'><strong>etiam</strong></span> <span class='ocrx_word' id='word_1_455' title='bbox 886 1975 1015 2010; x_wconf 80' lang='lat' dir='ltr'><strong>Pericles,</strong></span> 
     </span>
    </p>
   </div>
   <div class='ocr_carea' id='block_1_71' title="bbox 229 2020 1018 2054">
    <p class='ocr_par' dir='ltr' id='par_1_71' title="bbox 229 2020 1018 2054">
     <span class='ocr_line' id='line_1_71' title="bbox 229 2020 1018 2054; baseline -0.001 -4"><span class='ocrx_word' id='word_1_456' title='bbox 229 2022 384 2050; x_wconf 83' lang='lat' dir='ltr'><strong>Alcibiades</strong></span> <span class='ocrx_word' id='word_1_457' title='bbox 403 2025 430 2049; x_wconf 89' lang='lat' dir='ltr'><strong>et</strong></span> <span class='ocrx_word' id='word_1_458' title='bbox 445 2021 541 2049; x_wconf 89' lang='lat' dir='ltr'><strong>Cimon</strong></span> <span class='ocrx_word' id='word_1_459' title='bbox 552 2043 560 2054; x_wconf 91' lang='lat'><strong>,</strong></span> <span class='ocrx_word' id='word_1_460' title='bbox 575 2021 628 2048; x_wconf 60' lang='lat' dir='ltr'><strong>illa:</strong></span> <span class='ocrx_word' id='word_1_461' title='bbox 645 2020 813 2048; x_wconf 71' lang='lat' dir='ltr'><strong>Athenarum</strong></span> <span class='ocrx_word' id='word_1_462' title='bbox 829 2021 914 2049; x_wconf 70' lang='lat' dir='ltr'><strong>ﬁrmae</strong></span> <span class='ocrx_word' id='word_1_463' title='bbox 927 2029 1018 2049; x_wconf 66' lang='lat' dir='ltr'><strong>aureas</strong></span> 
     </span>
    </p>
   </div>
   <div class='ocr_carea' id='block_1_72' title="bbox 230 2067 1016 2102">
    <p class='ocr_par' dir='ltr' id='par_1_72' title="bbox 230 2067 1016 2102">
     <span class='ocr_line' id='line_1_72' title="bbox 230 2067 1016 2102; baseline -0.003 -5"><span class='ocrx_word' id='word_1_464' title='bbox 230 2069 374 2100; x_wconf 59' lang='lat' dir='ltr'><strong>columna,</strong></span> <span class='ocrx_word' id='word_1_465' title='bbox 394 2067 420 2095; x_wconf 77' lang='lat' dir='ltr'><strong>lii</strong></span> <span class='ocrx_word' id='word_1_466' title='bbox 448 2067 602 2095; x_wconf 88' lang='lat' dir='ltr'><strong>orationum</strong></span> <span class='ocrx_word' id='word_1_467' title='bbox 629 2067 767 2102; x_wconf 80' lang='lat' dir='ltr'><strong>principes</strong></span> <span class='ocrx_word' id='word_1_468' title='bbox 791 2071 818 2094; x_wconf 88' lang='lat' dir='ltr'><strong>et</strong></span> <span class='ocrx_word' id='word_1_469' title='bbox 843 2067 1016 2102; x_wconf 70' lang='lat' dir='ltr'><strong>eloquentiae,</strong></span> 
     </span>
    </p>
   </div>
   <div class='ocr_carea' id='block_1_73' title="bbox 231 2113 1018 2150">
    <p class='ocr_par' dir='ltr' id='par_1_73' title="bbox 231 2113 1018 2150">
     <span class='ocr_line' id='line_1_73' title="bbox 231 2113 1018 2150; baseline -0.004 -7"><span class='ocrx_word' id='word_1_470' title='bbox 231 2115 260 2143; x_wconf 81' lang='lat' dir='ltr'><strong>bi</strong></span> <span class='ocrx_word' id='word_1_471' title='bbox 276 2115 321 2150; x_wconf 88' lang='lat' dir='ltr'><strong>qui</strong></span> <span class='ocrx_word' id='word_1_472' title='bbox 337 2119 463 2142; x_wconf 78' lang='lat' dir='ltr'><strong>naturam</strong></span> <span class='ocrx_word' id='word_1_473' title='bbox 483 2114 651 2146; x_wconf 87' lang='lat' dir='ltr'><strong>noscebant;</strong></span> <span class='ocrx_word' id='word_1_474' title='bbox 668 2113 696 2141; x_wconf 89' lang='lat' dir='ltr'><strong>bi</strong></span> <span class='ocrx_word' id='word_1_475' title='bbox 708 2117 853 2149; x_wconf 82' lang='lat' dir='ltr'><strong>geometrae</strong></span> <span class='ocrx_word' id='word_1_476' title='bbox 864 2113 912 2148; x_wconf 91' lang='lat' dir='ltr'><strong>qui</strong></span> <span class='ocrx_word' id='word_1_477' title='bbox 929 2113 1018 2148; x_wconf 86' lang='lat' dir='ltr'><strong>operi-</strong></span> 
     </span>
    </p>
   </div>
   <div class='ocr_carea' id='block_1_74' title="bbox 231 2158 1016 2194">
    <p class='ocr_par' dir='ltr' id='par_1_74' title="bbox 231 2158 1016 2194">
     <span class='ocr_line' id='line_1_74' title="bbox 231 2158 1016 2194; baseline -0.001 -7"><span class='ocrx_word' id='word_1_478' title='bbox 231 2160 284 2188; x_wconf 90' lang='lat' dir='ltr'><strong>bus</strong></span> <span class='ocrx_word' id='word_1_479' title='bbox 300 2164 327 2187; x_wconf 90' lang='lat' dir='ltr'><strong>et</strong></span> <span class='ocrx_word' id='word_1_480' title='bbox 340 2159 449 2194; x_wconf 87' lang='lat' dir='ltr'><strong>scriptis</strong></span> <span class='ocrx_word' id='word_1_481' title='bbox 466 2158 598 2187; x_wconf 64' lang='lat' dir='ltr'><strong>Greciam</strong></span> <span class='ocrx_word' id='word_1_482' title='bbox 610 2158 795 2191; x_wconf 86' lang='lat' dir='ltr'><strong>illustrabant,</strong></span> <span class='ocrx_word' id='word_1_483' title='bbox 813 2158 892 2193; x_wconf 87' lang='lat' dir='ltr'><strong>equis</strong></span> <span class='ocrx_word' id='word_1_484' title='bbox 922 2159 1016 2191; x_wconf 83' lang='lat' dir='ltr'><strong>simul,</strong></span> 
     </span>
    </p>
   </div>
   <div class='ocr_carea' id='block_1_75' title="bbox 233 2203 1016 2239">
    <p class='ocr_par' dir='ltr' id='par_1_75' title="bbox 233 2203 1016 2239">
     <span class='ocr_line' id='line_1_75' title="bbox 233 2203 1016 2239; baseline -0.003 -7"><span class='ocrx_word' id='word_1_485' title='bbox 233 2205 359 2237; x_wconf 82' lang='lat' dir='ltr'><strong>navibus,</strong></span> <span class='ocrx_word' id='word_1_486' title='bbox 372 2209 399 2231; x_wconf 88' lang='lat' dir='ltr'><strong>et</strong></span> <span class='ocrx_word' id='word_1_487' title='bbox 416 2204 530 2239; x_wconf 88' lang='lat' dir='ltr'><strong>pedibus</strong></span> <span class='ocrx_word' id='word_1_488' title='bbox 545 2204 690 2231; x_wconf 85' lang='lat' dir='ltr'><strong>vicerunt?</strong></span> <span class='ocrx_word' id='word_1_489' title='bbox 701 2203 797 2238; x_wconf 78' lang='lat' dir='ltr'><strong>gloria,</strong></span> <span class='ocrx_word' id='word_1_490' title='bbox 809 2204 950 2238; x_wconf 58' lang='lat' dir='ltr'><strong>trophaeis,</strong></span> <span class='ocrx_word' id='word_1_491' title='bbox 959 2204 1016 2231; x_wconf 85' lang='lat' dir='ltr'><strong>vir-</strong></span> 
     </span>
    </p>
   </div>
   <div class='ocr_carea' id='block_1_76' title="bbox 233 2249 1018 2284">
    <p class='ocr_par' dir='ltr' id='par_1_76' title="bbox 233 2249 1018 2284">
     <span class='ocr_line' id='line_1_76' title="bbox 233 2249 1018 2284; baseline -0.001 -6"><span class='ocrx_word' id='word_1_492' title='bbox 233 2254 302 2283; x_wconf 81' lang='lat' dir='ltr'><strong>tute,</strong></span> <span class='ocrx_word' id='word_1_493' title='bbox 317 2249 486 2284; x_wconf 86' lang='lat' dir='ltr'><strong>sapientibus</strong></span> <span class='ocrx_word' id='word_1_494' title='bbox 515 2249 604 2282; x_wconf 86' lang='lat' dir='ltr'><strong>libris,</strong></span> <span class='ocrx_word' id='word_1_495' title='bbox 625 2256 706 2276; x_wconf 87' lang='lat' dir='ltr'><strong>omne</strong></span> <span class='ocrx_word' id='word_1_496' title='bbox 731 2256 817 2281; x_wconf 89' lang='lat' dir='ltr'><strong>mare,</strong></span> <span class='ocrx_word' id='word_1_497' title='bbox 834 2256 945 2276; x_wconf 84' lang='lat' dir='ltr'><strong>omnem</strong></span> <span class='ocrx_word' id='word_1_498' title='bbox 963 2253 1018 2277; x_wconf 87' lang='lat' dir='ltr'><strong>ter-</strong></span> 
     </span>
    </p>
   </div>
   <div class='ocr_carea' id='block_1_77' title="bbox 233 2279 1059 2331">
    <p class='ocr_par' dir='ltr' id='par_1_77' title="bbox 233 2279 1059 2331">
     <span class='ocr_line' id='line_1_77' title="bbox 233 2279 1059 2331; baseline -0.004 -7"><span class='ocrx_word' id='word_1_499' title='bbox 233 2304 294 2324; x_wconf 86' lang='lat' dir='ltr'><strong>ram</strong></span> <span class='ocrx_word' id='word_1_500' title='bbox 309 2279 491 2331; x_wconf 75' lang='lat' dir='ltr'><strong>impleverunt</strong></span> <span class='ocrx_word' id='word_1_501' title='bbox 509 2294 594 2322; x_wconf 64' lang='lat' dir='ltr'><strong>Graeci</strong></span> <span class='ocrx_word' id='word_1_502' title='bbox 609 2294 665 2322; x_wconf 82' lang='lat' dir='ltr'><strong>isti.</strong></span> <span class='ocrx_word' id='word_1_503' title='bbox 691 2279 819 2322; x_wconf 80' lang='lat' dir='ltr'><strong>Attamen</strong></span> <span class='ocrx_word' id='word_1_504' title='bbox 835 2294 883 2321; x_wconf 90' lang='lat' dir='ltr'><strong>Dei</strong></span> <span class='ocrx_word' id='word_1_505' title='bbox 906 2294 1018 2322; x_wconf 89' lang='lat' dir='ltr'><strong>omnino</strong></span> <span class='ocrx_word' id='word_1_506' title='bbox 1036 2279 1059 2307; x_wconf 68' lang='grc' dir='ltr'><strong>θ</strong></span> 
     </span>
    </p>
   </div>
   <div class='ocr_carea' id='block_1_78' title="bbox 234 2339 1015 2375">
    <p class='ocr_par' dir='ltr' id='par_1_78' title="bbox 234 2339 1015 2375">
     <span class='ocr_line' id='line_1_78' title="bbox 234 2339 1015 2375; baseline -0.001 -7"><span class='ocrx_word' id='word_1_507' title='bbox 234 2342 293 2369; x_wconf 64' lang='grc' dir='ltr'><strong>ἤδη</strong></span> <span class='ocrx_word' id='word_1_508' title='bbox 304 2341 412 2368; x_wconf 89' lang='lat' dir='ltr'><strong>illorum</strong></span> <span class='ocrx_word' id='word_1_509' title='bbox 424 2340 493 2368; x_wconf 83' lang='lat' dir='ltr'><strong>dona</strong></span> <span class='ocrx_word' id='word_1_510' title='bbox 503 2340 589 2375; x_wconf 84' lang='lat' dir='ltr'><strong>gratia</strong></span> <span class='ocrx_word' id='word_1_511' title='bbox 606 2344 695 2372; x_wconf 84' lang='lat' dir='ltr'><strong>erant,</strong></span> <span class='ocrx_word' id='word_1_512' title='bbox 705 2340 785 2374; x_wconf 82' lang='lat' dir='ltr'><strong>cujus</strong></span> <span class='ocrx_word' id='word_1_513' title='bbox 796 2344 840 2367; x_wconf 89' lang='lat' dir='ltr'><strong>est</strong></span> <span class='ocrx_word' id='word_1_514' title='bbox 858 2339 1015 2374; x_wconf 85' lang='lat' dir='ltr'><strong>prudentia,</strong></span> 
     </span>
    </p>
   </div>
   <div class='ocr_carea' id='block_1_79' title="bbox 234 2385 1018 2420">
    <p class='ocr_par' dir='ltr' id='par_1_79' title="bbox 234 2385 1018 2420">
     <span class='ocr_line' id='line_1_79' title="bbox 234 2385 1018 2420; baseline 0 -7"><span class='ocrx_word' id='word_1_515' title='bbox 234 2390 262 2414; x_wconf 87' lang='lat' dir='ltr'><strong>et</strong></span> <span class='ocrx_word' id='word_1_516' title='bbox 289 2385 455 2420; x_wconf 84' lang='lat' dir='ltr'><strong>eloquentia.</strong></span> <span class='ocrx_word' id='word_1_517' title='bbox 475 2393 490 2412; x_wconf 87' lang='lat' dir='ltr'><strong>a</strong></span> <span class='ocrx_word' id='word_1_518' title='bbox 509 2393 565 2419; x_wconf 87' lang='lat' dir='ltr'><strong>quo</strong></span> <span class='ocrx_word' id='word_1_519' title='bbox 585 2385 667 2412; x_wconf 89' lang='lat' dir='ltr'><strong>etiam</strong></span> <span class='ocrx_word' id='word_1_520' title='bbox 683 2385 821 2412; x_wconf 83' lang='lat' dir='ltr'><strong>habebant</strong></span> <span class='ocrx_word' id='word_1_521' title='bbox 847 2385 1018 2413; x_wconf 78' lang='lat' dir='ltr'><strong>fortitudinis</strong></span> 
     </span>
    </p>
   </div>
   <div class='ocr_carea' id='block_1_80' title="bbox 234 2430 1019 2466">
    <p class='ocr_par' dir='ltr' id='par_1_80' title="bbox 234 2430 1019 2466">
     <span class='ocr_line' id='line_1_80' title="bbox 234 2430 1019 2466; baseline 0 -7"><span class='ocrx_word' id='word_1_522' title='bbox 234 2431 317 2460; x_wconf 79' lang='lat' dir='ltr'><strong>dona.</strong></span> <span class='ocrx_word' id='word_1_523' title='bbox 330 2431 370 2459; x_wconf 89' lang='lat' dir='ltr'><strong>Tu</strong></span> <span class='ocrx_word' id='word_1_524' title='bbox 387 2438 463 2463; x_wconf 84' lang='lat' dir='ltr'><strong>vero,</strong></span> <span class='ocrx_word' id='word_1_525' title='bbox 474 2437 491 2457; x_wconf 88' lang='grc' dir='ltr'><strong>ο</strong></span> <span class='ocrx_word' id='word_1_526' title='bbox 505 2430 626 2464; x_wconf 82' lang='lat' dir='ltr'><strong>Macedo,</strong></span> <span class='ocrx_word' id='word_1_527' title='bbox 641 2431 778 2465; x_wconf 91' lang='lat' dir='ltr'><strong>quomodo</strong></span> <span class='ocrx_word' id='word_1_528' title='bbox 791 2430 898 2466; x_wconf 87' lang='lat' dir='ltr'><strong>sapiens</strong></span> <span class='ocrx_word' id='word_1_529' title='bbox 911 2430 1019 2466; x_wconf 86' lang='lat' dir='ltr'><strong>judica-</strong></span> 
     </span>
    </p>
   </div>
   <div class='ocr_carea' id='block_1_81' title="bbox 236 2475 1021 2512">
    <p class='ocr_par' dir='ltr' id='par_1_81' title="bbox 236 2475 1021 2512">
     <span class='ocr_line' id='line_1_81' title="bbox 236 2475 1021 2512; baseline -0.003 -6"><span class='ocrx_word' id='word_1_530' title='bbox 236 2483 281 2506; x_wconf 90' lang='lat' dir='ltr'><strong>tus</strong></span> <span class='ocrx_word' id='word_1_531' title='bbox 294 2478 344 2512; x_wconf 82' lang='lat' dir='ltr'><strong>sis,</strong></span> <span class='ocrx_word' id='word_1_532' title='bbox 360 2477 475 2506; x_wconf 88' lang='lat' dir='ltr'><strong>bellator</strong></span> <span class='ocrx_word' id='word_1_533' title='bbox 490 2484 551 2504; x_wconf 91' lang='lat' dir='ltr'><strong>cum</strong></span> <span class='ocrx_word' id='word_1_534' title='bbox 568 2475 826 2510; x_wconf 80' lang='lat' dir='ltr'><strong>fueris?Quomodo</strong></span> <span class='ocrx_word' id='word_1_535' title='bbox 841 2481 927 2505; x_wconf 81' lang='lat' dir='ltr'><strong>artem</strong></span> <span class='ocrx_word' id='word_1_536' title='bbox 949 2477 1021 2504; x_wconf 89' lang='lat' dir='ltr'><strong>invi-</strong></span> 
     </span>
    </p>
   </div>
   <div class='ocr_carea' id='block_1_82' title="bbox 235 2522 1021 2558">
    <p class='ocr_par' dir='ltr' id='par_1_82' title="bbox 235 2522 1021 2558">
     <span class='ocr_line' id='line_1_82' title="bbox 235 2522 1021 2558; baseline -0.004 -5"><span class='ocrx_word' id='word_1_537' title='bbox 235 2525 283 2553; x_wconf 81' lang='lat' dir='ltr'><strong>des</strong></span> <span class='ocrx_word' id='word_1_538' title='bbox 295 2524 355 2552; x_wconf 86' lang='lat' dir='ltr'><strong>aliis</strong></span> <span class='ocrx_word' id='word_1_539' title='bbox 368 2522 518 2552; x_wconf 85' lang='lat' dir='ltr'><strong>omnibus?</strong></span> <span class='ocrx_word' id='word_1_540' title='bbox 537 2522 674 2558; x_wconf 91' lang='lat' dir='ltr'><strong>quomodo</strong></span> <span class='ocrx_word' id='word_1_541' title='bbox 689 2522 764 2550; x_wconf 88' lang='lat' dir='ltr'><strong>solus</strong></span> <span class='ocrx_word' id='word_1_542' title='bbox 784 2523 885 2551; x_wconf 88' lang='lat' dir='ltr'><strong>habere</strong></span> <span class='ocrx_word' id='word_1_543' title='bbox 899 2523 941 2551; x_wconf 85' lang='lat' dir='ltr'><strong>vis</strong></span> <span class='ocrx_word' id='word_1_544' title='bbox 961 2523 1021 2551; x_wconf 77' lang='lat' dir='ltr'><strong>Ari-</strong></span> 
     </span>
    </p>
   </div>
   <div class='ocr_carea' id='block_1_83' title="bbox 235 2563 1019 2604">
    <p class='ocr_par' dir='ltr' id='par_1_83' title="bbox 235 2563 1019 2604">
     <span class='ocr_line' id='line_1_83' title="bbox 235 2563 1019 2604; baseline -0.001 -6"><span class='ocrx_word' id='word_1_545' title='bbox 235 2570 340 2598; x_wconf 79' lang='lat' dir='ltr'><strong>stotelis</strong></span> <span class='ocrx_word' id='word_1_546' title='bbox 349 2570 486 2604; x_wconf 76' lang='lat' dir='ltr'><strong>sapientes</strong></span> <span class='ocrx_word' id='word_1_547' title='bbox 495 2569 640 2604; x_wconf 77' lang='lat' dir='ltr'><strong>ambages?</strong></span> <span class='ocrx_word' id='word_1_548' title='bbox 649 2568 740 2597; x_wconf 85' lang='lat' dir='ltr'><strong>Prime</strong></span> <span class='ocrx_word' id='word_1_549' title='bbox 750 2563 908 2604; x_wconf 76' lang='lat' dir='ltr'><strong>imperator,</strong></span> <span class='ocrx_word' id='word_1_550' title='bbox 917 2569 1019 2603; x_wconf 57' lang='lat' dir='ltr'><strong>Caesar,</strong></span> 
     </span>
    </p>
   </div>
   <div class='ocr_carea' id='block_1_84' title="bbox 236 2615 1020 2650">
    <p class='ocr_par' dir='ltr' id='par_1_84' title="bbox 236 2615 1020 2650">
     <span class='ocr_line' id='line_1_84' title="bbox 236 2615 1020 2650; baseline 0 -7"><span class='ocrx_word' id='word_1_551' title='bbox 236 2616 334 2648; x_wconf 81' lang='lat' dir='ltr'><strong>sullicil</strong></span> <span class='ocrx_word' id='word_1_552' title='bbox 365 2615 412 2642; x_wconf 86' lang='lat' dir='ltr'><strong>tibi</strong></span> <span class='ocrx_word' id='word_1_553' title='bbox 442 2615 531 2642; x_wconf 89' lang='lat' dir='ltr'><strong>solum</strong></span> <span class='ocrx_word' id='word_1_554' title='bbox 555 2615 628 2650; x_wconf 92' lang='lat' dir='ltr'><strong>loqui</strong></span> <span class='ocrx_word' id='word_1_555' title='bbox 652 2615 832 2648; x_wconf 84' lang='lat' dir='ltr'><strong>mirabiliter,</strong></span> <span class='ocrx_word' id='word_1_556' title='bbox 849 2615 1020 2643; x_wconf 84' lang='lat' dir='ltr'><strong>anticatones</strong></span> 
     </span>
    </p>
   </div>
   <div class='ocr_carea' id='block_1_85' title="bbox 237 2660 1020 2694">
    <p class='ocr_par' dir='ltr' id='par_1_85' title="bbox 237 2660 1020 2694">
     <span class='ocr_line' id='line_1_85' title="bbox 237 2660 1020 2694; baseline 0.003 -7"><span class='ocrx_word' id='word_1_557' title='bbox 237 2661 366 2694; x_wconf 82' lang='lat' dir='ltr'><strong>scribere,</strong></span> <span class='ocrx_word' id='word_1_558' title='bbox 386 2660 412 2688; x_wconf 90' lang='lat' dir='ltr'><strong>in</strong></span> <span class='ocrx_word' id='word_1_559' title='bbox 425 2660 503 2689; x_wconf 87' lang='lat' dir='ltr'><strong>libris</strong></span> <span class='ocrx_word' id='word_1_560' title='bbox 515 2661 681 2694; x_wconf 85' lang='lat' dir='ltr'><strong>conversari,</strong></span> <span class='ocrx_word' id='word_1_561' title='bbox 692 2665 816 2689; x_wconf 81' lang='lat' dir='ltr'><strong>naturam</strong></span> <span class='ocrx_word' id='word_1_562' title='bbox 830 2661 1020 2689; x_wconf 85' lang='lat' dir='ltr'><strong>universorum</strong></span> 
     </span>
    </p>
   </div>
   <div class='ocr_carea' id='block_1_86' title="bbox 237 2705 1020 2741">
    <p class='ocr_par' dir='ltr' id='par_1_86' title="bbox 237 2705 1020 2741">
     <span class='ocr_line' id='line_1_86' title="bbox 237 2705 1020 2741; baseline 0.004 -9"><span class='ocrx_word' id='word_1_563' title='bbox 237 2705 400 2739; x_wconf 81' lang='lat' dir='ltr'><strong>exquirere?</strong></span> <span class='ocrx_word' id='word_1_564' title='bbox 417 2705 486 2739; x_wconf 85' lang='lat' dir='ltr'><strong>Quid</strong></span> <span class='ocrx_word' id='word_1_565' title='bbox 499 2705 579 2733; x_wconf 91' lang='lat' dir='ltr'><strong>etiam</strong></span> <span class='ocrx_word' id='word_1_566' title='bbox 597 2705 666 2733; x_wconf 76' lang='lat' dir='ltr'><strong>bella</strong></span> <span class='ocrx_word' id='word_1_567' title='bbox 682 2706 753 2740; x_wconf 80' lang='lat' dir='ltr'><strong>geris</strong></span> <span class='ocrx_word' id='word_1_568' title='bbox 766 2711 793 2734; x_wconf 86' lang='lat' dir='ltr'><strong>et</strong></span> <span class='ocrx_word' id='word_1_569' title='bbox 814 2713 910 2734; x_wconf 87' lang='lat' dir='ltr'><strong>omnes</strong></span> <span class='ocrx_word' id='word_1_570' title='bbox 925 2710 1020 2741; x_wconf 86' lang='lat' dir='ltr'><strong>gentes</strong></span> 
     </span>
    </p>
   </div>
   <div class='ocr_carea' id='block_1_87' title="bbox 237 2748 1018 2786">
    <p class='ocr_par' dir='ltr' id='par_1_87' title="bbox 237 2748 1018 2786">
     <span class='ocr_line' id='line_1_87' title="bbox 237 2748 1018 2786; baseline 0.006 -12"><span class='ocrx_word' id='word_1_571' title='bbox 237 2748 351 2783; x_wconf 80' lang='lat' dir='ltr'><strong>subigis.</strong></span> <span class='ocrx_word' id='word_1_572' title='bbox 367 2753 394 2776; x_wconf 89' lang='lat' dir='ltr'><strong>et</strong></span> <span class='ocrx_word' id='word_1_573' title='bbox 405 2749 654 2778; x_wconf 20' lang='lat' dir='ltr'><strong>innumerasrurbes</strong></span> <span class='ocrx_word' id='word_1_574' title='bbox 673 2750 876 2784; x_wconf 88' lang='lat' dir='ltr'><strong>brevitcmpore</strong></span> <span class='ocrx_word' id='word_1_575' title='bbox 888 2756 1018 2786; x_wconf 87' lang='lat' dir='ltr'><strong>occupas,</strong></span> 
     </span>
    </p>
   </div>
   <div class='ocr_carea' id='block_1_88' title="bbox 237 2793 1021 2832">
    <p class='ocr_par' dir='ltr' id='par_1_88' title="bbox 237 2793 1021 2832">
     <span class='ocr_line' id='line_1_88' title="bbox 237 2793 1021 2832; baseline 0.008 -12"><span class='ocrx_word' id='word_1_576' title='bbox 237 2793 424 2829; x_wconf 83' lang='lat' dir='ltr'><strong>terminosque</strong></span> <span class='ocrx_word' id='word_1_577' title='bbox 431 2794 559 2824; x_wconf 63' lang='lat' dir='ltr'><strong>Ausoniis</strong></span> <span class='ocrx_word' id='word_1_578' title='bbox 572 2795 598 2823; x_wconf 92' lang='lat' dir='ltr'><strong>in</strong></span> <span class='ocrx_word' id='word_1_579' title='bbox 613 2794 735 2824; x_wconf 85' lang='lat' dir='ltr'><strong>Gadibus</strong></span> <span class='ocrx_word' id='word_1_580' title='bbox 750 2795 825 2831; x_wconf 79' lang='lat' dir='ltr'><strong>ﬁgis?</strong></span> <span class='ocrx_word' id='word_1_581' title='bbox 834 2794 929 2825; x_wconf 85' lang='lat' dir='ltr'><strong>Nonne</strong></span> <span class='ocrx_word' id='word_1_582' title='bbox 940 2804 1021 2832; x_wconf 87' lang='lat' dir='ltr'><strong>opor-</strong></span> 
     </span>
    </p>
   </div>
   <div class='ocr_carea' id='block_1_89' title="bbox 275 2883 506 2919">
    <p class='ocr_par' dir='ltr' id='par_1_89' title="bbox 275 2883 506 2919">
     <span class='ocr_line' id='line_1_89' title="bbox 275 2883 506 2919; baseline 0.009 -10"><span class='ocrx_word' id='word_1_583' title='bbox 275 2883 297 2902; x_wconf 82' lang='grc'><strong>³⁷</strong></span> <span class='ocrx_word' id='word_1_584' title='bbox 314 2883 430 2919; x_wconf 78' lang='grc' dir='ltr'>πήσσαις</span> <span class='ocrx_word' id='word_1_585' title='bbox 445 2883 506 2911; x_wconf 88' lang='lat' dir='ltr'><strong>cod.</strong></span> 
     </span>
    </p>
   </div>
   <div class='ocr_carea' id='block_1_90' title="bbox 1065 1656 1852 1692">
    <p class='ocr_par' dir='ltr' id='par_1_90' title="bbox 1065 1656 1852 1692">
     <span class='ocr_line' id='line_1_90' title="bbox 1065 1656 1852 1692; baseline 0 -8"><span class='ocrx_word' id='word_1_586' title='bbox 1065 1657 1142 1685; x_wconf 87' lang='lat' dir='ltr'><strong>ribus</strong></span> <span class='ocrx_word' id='word_1_587' title='bbox 1156 1662 1183 1685; x_wconf 87' lang='lat' dir='ltr'><strong>et</strong></span> <span class='ocrx_word' id='word_1_588' title='bbox 1203 1657 1395 1684; x_wconf 85' lang='lat' dir='ltr'><strong>sermonibus?</strong></span> <span class='ocrx_word' id='word_1_589' title='bbox 1413 1657 1467 1685; x_wconf 82' lang='lat' dir='ltr'><strong>Sed</strong></span> <span class='ocrx_word' id='word_1_590' title='bbox 1482 1664 1542 1692; x_wconf 84' lang='lat' dir='ltr'><strong>age,</strong></span> <span class='ocrx_word' id='word_1_591' title='bbox 1573 1656 1712 1692; x_wconf 85' lang='lat' dir='ltr'><strong>quomodo</strong></span> <span class='ocrx_word' id='word_1_592' title='bbox 1734 1657 1852 1684; x_wconf 84' lang='lat' dir='ltr'><strong>senserit</strong></span> 
     </span>
    </p>
   </div>
   <div class='ocr_carea' id='block_1_91' title="bbox 1066 1702 1852 1737">
    <p class='ocr_par' dir='ltr' id='par_1_91' title="bbox 1066 1702 1852 1737">
     <span class='ocr_line' id='line_1_91' title="bbox 1066 1702 1852 1737; baseline -0.003 -6"><span class='ocrx_word' id='word_1_593' title='bbox 1066 1703 1148 1736; x_wconf 85' lang='lat' dir='ltr'><strong>Deus,</strong></span> <span class='ocrx_word' id='word_1_594' title='bbox 1164 1703 1210 1731; x_wconf 87' lang='lat' dir='ltr'><strong>dic</strong></span> <span class='ocrx_word' id='word_1_595' title='bbox 1226 1703 1316 1731; x_wconf 85' lang='lat' dir='ltr'><strong>nobis.</strong></span> <span class='ocrx_word' id='word_1_596' title='bbox 1336 1703 1424 1736; x_wconf 87' lang='lat' dir='ltr'><strong>Quem</strong></span> <span class='ocrx_word' id='word_1_597' title='bbox 1441 1704 1538 1731; x_wconf 90' lang='lat' dir='ltr'><strong>ducem</strong></span> <span class='ocrx_word' id='word_1_598' title='bbox 1552 1710 1609 1731; x_wconf 67' lang='lat' dir='ltr'><strong>sua:</strong></span> <span class='ocrx_word' id='word_1_599' title='bbox 1619 1702 1742 1731; x_wconf 80' lang='lat' dir='ltr'><strong>ostendit</strong></span> <span class='ocrx_word' id='word_1_600' title='bbox 1755 1707 1852 1737; x_wconf 82' lang='lat' dir='ltr'><strong>poten-</strong></span> 
     </span>
    </p>
   </div>
   <div class='ocr_carea' id='block_1_92' title="bbox 1065 1747 1851 1784">
    <p class='ocr_par' dir='ltr' id='par_1_92' title="bbox 1065 1747 1851 1784">
     <span class='ocr_line' id='line_1_92' title="bbox 1065 1747 1851 1784; baseline -0.001 -8"><span class='ocrx_word' id='word_1_601' title='bbox 1065 1749 1100 1777; x_wconf 89' lang='lat' dir='ltr'><strong>tis</strong></span> <span class='ocrx_word' id='word_1_602' title='bbox 1116 1749 1281 1777; x_wconf 65' lang='lat' dir='ltr'><strong>baareditatis</strong></span> <span class='ocrx_word' id='word_1_603' title='bbox 1296 1753 1323 1776; x_wconf 89' lang='lat' dir='ltr'><strong>et</strong></span> <span class='ocrx_word' id='word_1_604' title='bbox 1337 1749 1444 1776; x_wconf 63' lang='lat' dir='ltr'><strong>dilecta!</strong></span> <span class='ocrx_word' id='word_1_605' title='bbox 1460 1748 1566 1784; x_wconf 84' lang='lat' dir='ltr'><strong>gentis?</strong></span> <span class='ocrx_word' id='word_1_606' title='bbox 1590 1755 1681 1776; x_wconf 88' lang='lat' dir='ltr'><strong>nonne</strong></span> <span class='ocrx_word' id='word_1_607' title='bbox 1698 1747 1785 1776; x_wconf 67' lang='lat' dir='ltr'><strong>illum</strong></span> <span class='ocrx_word' id='word_1_608' title='bbox 1803 1748 1851 1783; x_wconf 77' lang='lat' dir='ltr'><strong>qui</strong></span> 
     </span>
    </p>
   </div>
   <div class='ocr_carea' id='block_1_93' title="bbox 1066 1793 1851 1830">
    <p class='ocr_par' dir='ltr' id='par_1_93' title="bbox 1066 1793 1851 1830">
     <span class='ocr_line' id='line_1_93' title="bbox 1066 1793 1851 1830; baseline 0.001 -9"><span class='ocrx_word' id='word_1_609' title='bbox 1066 1795 1157 1822; x_wconf 88' lang='lat' dir='ltr'><strong>verbis</strong></span> <span class='ocrx_word' id='word_1_610' title='bbox 1172 1794 1243 1830; x_wconf 89' lang='lat' dir='ltr'><strong>longi</strong></span> <span class='ocrx_word' id='word_1_611' title='bbox 1261 1794 1391 1829; x_wconf 86' lang='lat' dir='ltr'><strong>temporis</strong></span> <span class='ocrx_word' id='word_1_612' title='bbox 1400 1793 1545 1822; x_wconf 84' lang='lat' dir='ltr'><strong>historiam</strong></span> <span class='ocrx_word' id='word_1_613' title='bbox 1561 1794 1719 1829; x_wconf 89' lang='lat' dir='ltr'><strong>scripserat,</strong></span> <span class='ocrx_word' id='word_1_614' title='bbox 1734 1799 1763 1821; x_wconf 83' lang='lat' dir='ltr'><strong>et</strong></span> <span class='ocrx_word' id='word_1_615' title='bbox 1775 1794 1803 1821; x_wconf 90' lang='lat' dir='ltr'><strong>in</strong></span> <span class='ocrx_word' id='word_1_616' title='bbox 1820 1801 1851 1822; x_wconf 86' lang='lat' dir='ltr'><strong>se</strong></span> 
     </span>
    </p>
   </div>
   <div class='ocr_carea' id='block_1_94' title="bbox 1066 1839 1853 1875">
    <p class='ocr_par' dir='ltr' id='par_1_94' title="bbox 1066 1839 1853 1875">
     <span class='ocr_line' id='line_1_94' title="bbox 1066 1839 1853 1875; baseline 0.001 -9"><span class='ocrx_word' id='word_1_617' title='bbox 1066 1839 1213 1875; x_wconf 80' lang='lat' dir='ltr'><strong>collegerat</strong></span> <span class='ocrx_word' id='word_1_618' title='bbox 1241 1846 1351 1868; x_wconf 90' lang='lat' dir='ltr'><strong>omnem</strong></span> <span class='ocrx_word' id='word_1_619' title='bbox 1379 1840 1480 1867; x_wconf 89' lang='lat' dir='ltr'><strong>bonam</strong></span> <span class='ocrx_word' id='word_1_620' title='bbox 1516 1839 1671 1867; x_wconf 74' lang='lat' dir='ltr'><strong>doctrinam</strong></span> <span class='ocrx_word' id='word_1_621' title='bbox 1686 1839 1699 1866; x_wconf 89' lang='lat'><strong>?</strong></span> <span class='ocrx_word' id='word_1_622' title='bbox 1732 1839 1853 1875; x_wconf 72' lang='lat' dir='ltr'><strong>loysem</strong></span> 
     </span>
    </p>
   </div>
   <div class='ocr_carea' id='block_1_95' title="bbox 1067 1884 1854 1921">
    <p class='ocr_par' dir='ltr' id='par_1_95' title="bbox 1067 1884 1854 1921">
     <span class='ocr_line' id='line_1_95' title="bbox 1067 1884 1854 1921; baseline 0.001 -9"><span class='ocrx_word' id='word_1_623' title='bbox 1067 1892 1164 1921; x_wconf 85' lang='lat' dir='ltr'><strong>nempe</strong></span> <span class='ocrx_word' id='word_1_624' title='bbox 1178 1893 1305 1920; x_wconf 86' lang='lat' dir='ltr'><strong>magnum</strong></span> <span class='ocrx_word' id='word_1_625' title='bbox 1323 1893 1386 1913; x_wconf 93' lang='lat' dir='ltr'><strong>cum</strong></span> <span class='ocrx_word' id='word_1_626' title='bbox 1415 1884 1550 1921; x_wconf 60' lang='lat' dir='ltr'><strong>Egyptiis</strong></span> <span class='ocrx_word' id='word_1_627' title='bbox 1568 1889 1773 1917; x_wconf 82' lang='lat' dir='ltr'><strong>eonversatum,</strong></span> <span class='ocrx_word' id='word_1_628' title='bbox 1795 1885 1854 1920; x_wconf 83' lang='lat' dir='ltr'><strong>pri-</strong></span> 
     </span>
    </p>
   </div>
   <div class='ocr_carea' id='block_1_96' title="bbox 1067 1931 1854 1965">
    <p class='ocr_par' dir='ltr' id='par_1_96' title="bbox 1067 1931 1854 1965">
     <span class='ocr_line' id='line_1_96' title="bbox 1067 1931 1854 1965; baseline 0 -7"><span class='ocrx_word' id='word_1_629' title='bbox 1067 1931 1121 1958; x_wconf 90' lang='lat' dir='ltr'><strong>mis</strong></span> <span class='ocrx_word' id='word_1_630' title='bbox 1134 1936 1160 1959; x_wconf 88' lang='lat' dir='ltr'><strong>et</strong></span> <span class='ocrx_word' id='word_1_631' title='bbox 1172 1931 1363 1965; x_wconf 88' lang='lat' dir='ltr'><strong>pulcherrimis</strong></span> <span class='ocrx_word' id='word_1_632' title='bbox 1383 1931 1516 1964; x_wconf 83' lang='lat' dir='ltr'><strong>scientiis,</strong></span> <span class='ocrx_word' id='word_1_633' title='bbox 1536 1938 1711 1963; x_wconf 83' lang='lat' dir='ltr'><strong>numerorum</strong></span> <span class='ocrx_word' id='word_1_634' title='bbox 1739 1931 1854 1958; x_wconf 84' lang='lat' dir='ltr'><strong>rationi-</strong></span> 
     </span>
    </p>
   </div>
   <div class='ocr_carea' id='block_1_97' title="bbox 1068 1977 1853 2010">
    <p class='ocr_par' dir='ltr' id='par_1_97' title="bbox 1068 1977 1853 2010">
     <span class='ocr_line' id='line_1_97' title="bbox 1068 1977 1853 2010; baseline 0.001 -6"><span class='ocrx_word' id='word_1_635' title='bbox 1068 1977 1130 2010; x_wconf 85' lang='lat' dir='ltr'><strong>bus,</strong></span> <span class='ocrx_word' id='word_1_636' title='bbox 1146 1977 1295 2005; x_wconf 83' lang='lat' dir='ltr'><strong>litlerarum</strong></span> <span class='ocrx_word' id='word_1_637' title='bbox 1316 1977 1432 2010; x_wconf 90' lang='lat' dir='ltr'><strong>theoria,</strong></span> <span class='ocrx_word' id='word_1_638' title='bbox 1451 1982 1589 2005; x_wconf 87' lang='lat' dir='ltr'><strong>astrorum</strong></span> <span class='ocrx_word' id='word_1_639' title='bbox 1623 1977 1853 2010; x_wconf 79' lang='lat' dir='ltr'><strong>revolutionibus,</strong></span> 
     </span>
    </p>
   </div>
   <div class='ocr_carea' id='block_1_98' title="bbox 1068 2022 1854 2058">
    <p class='ocr_par' dir='ltr' id='par_1_98' title="bbox 1068 2022 1854 2058">
     <span class='ocr_line' id='line_1_98' title="bbox 1068 2022 1854 2058; baseline 0 -9"><span class='ocrx_word' id='word_1_640' title='bbox 1068 2022 1256 2058; x_wconf 85' lang='lat' dir='ltr'><strong>rhythmorum</strong></span> <span class='ocrx_word' id='word_1_641' title='bbox 1279 2023 1495 2056; x_wconf 83' lang='lat' dir='ltr'><strong>deﬁnitionibus,</strong></span> <span class='ocrx_word' id='word_1_642' title='bbox 1516 2023 1588 2057; x_wconf 86' lang='lat' dir='ltr'><strong>quod</strong></span> <span class='ocrx_word' id='word_1_643' title='bbox 1613 2023 1730 2050; x_wconf 86' lang='lat' dir='ltr'><strong>includit</strong></span> <span class='ocrx_word' id='word_1_644' title='bbox 1747 2027 1776 2050; x_wconf 89' lang='lat' dir='ltr'><strong>et</strong></span> <span class='ocrx_word' id='word_1_645' title='bbox 1790 2029 1854 2057; x_wconf 89' lang='lat' dir='ltr'><strong>per-</strong></span> 
     </span>
    </p>
   </div>
   <div class='ocr_carea' id='block_1_99' title="bbox 1069 2067 1854 2103">
    <p class='ocr_par' dir='ltr' id='par_1_99' title="bbox 1069 2067 1854 2103">
     <span class='ocr_line' id='line_1_99' title="bbox 1069 2067 1854 2103; baseline -0.001 -8"><span class='ocrx_word' id='word_1_646' title='bbox 1069 2067 1125 2096; x_wconf 83' lang='lat' dir='ltr'><strong>ﬁcit</strong></span> <span class='ocrx_word' id='word_1_647' title='bbox 1141 2068 1255 2102; x_wconf 87' lang='lat' dir='ltr'><strong>pulchra</strong></span> <span class='ocrx_word' id='word_1_648' title='bbox 1268 2067 1380 2096; x_wconf 82' lang='lat' dir='ltr'><strong>omnia?</strong></span> <span class='ocrx_word' id='word_1_649' title='bbox 1395 2068 1515 2103; x_wconf 75' lang='lat' dir='ltr'><strong>Antiqua</strong></span> <span class='ocrx_word' id='word_1_650' title='bbox 1532 2068 1597 2101; x_wconf 85' lang='lat' dir='ltr'><strong>ista,</strong></span> <span class='ocrx_word' id='word_1_651' title='bbox 1622 2068 1727 2100; x_wconf 85' lang='lat' dir='ltr'><strong>dicunt,</strong></span> <span class='ocrx_word' id='word_1_652' title='bbox 1751 2072 1778 2096; x_wconf 89' lang='lat' dir='ltr'><strong>et</strong></span> <span class='ocrx_word' id='word_1_653' title='bbox 1792 2067 1854 2102; x_wconf 91' lang='lat' dir='ltr'><strong>pul-</strong></span> 
     </span>
    </p>
   </div>
   <div class='ocr_carea' id='block_1_100' title="bbox 1069 2114 1853 2150">
    <p class='ocr_par' dir='ltr' id='par_1_100' title="bbox 1069 2114 1853 2150">
     <span class='ocr_line' id='line_1_100' title="bbox 1069 2114 1853 2150; baseline 0 -8"><span class='ocrx_word' id='word_1_654' title='bbox 1069 2115 1164 2143; x_wconf 90' lang='lat' dir='ltr'><strong>chrum</strong></span> <span class='ocrx_word' id='word_1_655' title='bbox 1176 2119 1217 2142; x_wconf 85' lang='lat' dir='ltr'><strong>est</strong></span> <span class='ocrx_word' id='word_1_656' title='bbox 1232 2121 1313 2142; x_wconf 90' lang='lat' dir='ltr'><strong>omne</strong></span> <span class='ocrx_word' id='word_1_657' title='bbox 1327 2114 1398 2149; x_wconf 88' lang='lat' dir='ltr'><strong>quod</strong></span> <span class='ocrx_word' id='word_1_658' title='bbox 1413 2118 1456 2142; x_wconf 89' lang='lat' dir='ltr'><strong>est</strong></span> <span class='ocrx_word' id='word_1_659' title='bbox 1469 2115 1624 2150; x_wconf 85' lang='lat' dir='ltr'><strong>antiquum,</strong></span> <span class='ocrx_word' id='word_1_660' title='bbox 1646 2115 1772 2149; x_wconf 87' lang='lat' dir='ltr'><strong>nihilque</strong></span> <span class='ocrx_word' id='word_1_661' title='bbox 1788 2114 1853 2142; x_wconf 78' lang='lat' dir='ltr'><strong>novi</strong></span> 
     </span>
    </p>
   </div>
   <div class='ocr_carea' id='block_1_101' title="bbox 1068 2159 1854 2196">
    <p class='ocr_par' dir='ltr' id='par_1_101' title="bbox 1068 2159 1854 2196">
     <span class='ocr_line' id='line_1_101' title="bbox 1068 2159 1854 2196; baseline 0.001 -9"><span class='ocrx_word' id='word_1_662' title='bbox 1068 2160 1212 2195; x_wconf 85' lang='lat' dir='ltr'><strong>pulchrum</strong></span> <span class='ocrx_word' id='word_1_663' title='bbox 1229 2165 1272 2188; x_wconf 89' lang='lat' dir='ltr'><strong>est</strong></span> <span class='ocrx_word' id='word_1_664' title='bbox 1285 2164 1312 2188; x_wconf 90' lang='lat' dir='ltr'><strong>et</strong></span> <span class='ocrx_word' id='word_1_665' title='bbox 1326 2160 1476 2196; x_wconf 85' lang='lat' dir='ltr'><strong>egregium.</strong></span> <span class='ocrx_word' id='word_1_666' title='bbox 1504 2159 1605 2188; x_wconf 77' lang='lat' dir='ltr'><strong>Verum</strong></span> <span class='ocrx_word' id='word_1_667' title='bbox 1622 2161 1676 2188; x_wconf 87' lang='lat' dir='ltr'><strong>ista</strong></span> <span class='ocrx_word' id='word_1_668' title='bbox 1699 2160 1854 2196; x_wconf 78' lang='lat' dir='ltr'><strong>deprimere</strong></span> 
     </span>
    </p>
   </div>
   <div class='ocr_carea' id='block_1_102' title="bbox 1071 2205 1856 2241">
    <p class='ocr_par' dir='ltr' id='par_1_102' title="bbox 1071 2205 1856 2241">
     <span class='ocr_line' id='line_1_102' title="bbox 1071 2205 1856 2241; baseline -0.001 -8"><span class='ocrx_word' id='word_1_669' title='bbox 1071 2213 1126 2233; x_wconf 91' lang='lat' dir='ltr'><strong>non</strong></span> <span class='ocrx_word' id='word_1_670' title='bbox 1141 2205 1228 2238; x_wconf 87' lang='lat' dir='ltr'><strong>decet,</strong></span> <span class='ocrx_word' id='word_1_671' title='bbox 1244 2210 1271 2234; x_wconf 85' lang='lat' dir='ltr'><strong>et</strong></span> <span class='ocrx_word' id='word_1_672' title='bbox 1293 2213 1413 2241; x_wconf 86' lang='lat' dir='ltr'><strong>quanam</strong></span> <span class='ocrx_word' id='word_1_673' title='bbox 1437 2206 1561 2234; x_wconf 74' lang='lat' dir='ltr'><strong>ratione?</strong></span> <span class='ocrx_word' id='word_1_674' title='bbox 1580 2213 1671 2234; x_wconf 90' lang='lat' dir='ltr'><strong>nonne</strong></span> <span class='ocrx_word' id='word_1_675' title='bbox 1685 2206 1809 2234; x_wconf 86' lang='lat' dir='ltr'><strong>scribere</strong></span> <span class='ocrx_word' id='word_1_676' title='bbox 1822 2205 1856 2232; x_wconf 80' lang='lat' dir='ltr'><strong>li-</strong></span> 
     </span>
    </p>
   </div>
   <div class='ocr_carea' id='block_1_103' title="bbox 1071 2251 1855 2287">
    <p class='ocr_par' dir='ltr' id='par_1_103' title="bbox 1071 2251 1855 2287">
     <span class='ocr_line' id='line_1_103' title="bbox 1071 2251 1855 2287; baseline -0.001 -8"><span class='ocrx_word' id='word_1_677' title='bbox 1071 2257 1114 2279; x_wconf 86' lang='lat' dir='ltr'><strong>cet</strong></span> <span class='ocrx_word' id='word_1_678' title='bbox 1144 2251 1264 2283; x_wconf 87' lang='lat' dir='ltr'><strong>tandem,</strong></span> <span class='ocrx_word' id='word_1_679' title='bbox 1296 2252 1361 2284; x_wconf 87' lang='lat' dir='ltr'><strong>quia</strong></span> <span class='ocrx_word' id='word_1_680' title='bbox 1384 2252 1549 2287; x_wconf 91' lang='lat' dir='ltr'><strong>antiquum;</strong></span> <span class='ocrx_word' id='word_1_681' title='bbox 1581 2259 1675 2280; x_wconf 89' lang='lat' dir='ltr'><strong>nonne</strong></span> <span class='ocrx_word' id='word_1_682' title='bbox 1698 2251 1855 2286; x_wconf 83' lang='lat' dir='ltr'><strong>eloquentia</strong></span> 
     </span>
    </p>
   </div>
   <div class='ocr_carea' id='block_1_104' title="bbox 1071 2297 1856 2334">
    <p class='ocr_par' dir='ltr' id='par_1_104' title="bbox 1071 2297 1856 2334">
     <span class='ocr_line' id='line_1_104' title="bbox 1071 2297 1856 2334; baseline -0.001 -9"><span class='ocrx_word' id='word_1_683' title='bbox 1071 2297 1249 2332; x_wconf 88' lang='lat' dir='ltr'><strong>conspicuum</strong></span> <span class='ocrx_word' id='word_1_684' title='bbox 1266 2304 1338 2330; x_wconf 83' lang='lat' dir='ltr'><strong>esse,</strong></span> <span class='ocrx_word' id='word_1_685' title='bbox 1357 2298 1419 2333; x_wconf 86' lang='lat' dir='ltr'><strong>quia</strong></span> <span class='ocrx_word' id='word_1_686' title='bbox 1441 2298 1519 2334; x_wconf 88' lang='lat' dir='ltr'><strong>prius</strong></span> <span class='ocrx_word' id='word_1_687' title='bbox 1535 2297 1563 2325; x_wconf 90' lang='lat' dir='ltr'><strong>id</strong></span> <span class='ocrx_word' id='word_1_688' title='bbox 1588 2298 1693 2330; x_wconf 83' lang='lat' dir='ltr'><strong>evenit;</strong></span> <span class='ocrx_word' id='word_1_689' title='bbox 1717 2304 1808 2325; x_wconf 88' lang='lat' dir='ltr'><strong>nonne</strong></span> <span class='ocrx_word' id='word_1_690' title='bbox 1827 2297 1856 2324; x_wconf 91' lang='lat' dir='ltr'><strong>in</strong></span> 
     </span>
    </p>
   </div>
   <div class='ocr_carea' id='block_1_105' title="bbox 1070 2343 1856 2378">
    <p class='ocr_par' dir='ltr' id='par_1_105' title="bbox 1070 2343 1856 2378">
     <span class='ocr_line' id='line_1_105' title="bbox 1070 2343 1856 2378; baseline 0 -8"><span class='ocrx_word' id='word_1_691' title='bbox 1070 2343 1168 2378; x_wconf 86' lang='lat' dir='ltr'><strong>pugnis</strong></span> <span class='ocrx_word' id='word_1_692' title='bbox 1181 2343 1327 2370; x_wconf 79' lang='lat' dir='ltr'><strong>eximium?</strong></span> <span class='ocrx_word' id='word_1_693' title='bbox 1353 2344 1492 2378; x_wconf 87' lang='lat' dir='ltr'><strong>perierunt</strong></span> <span class='ocrx_word' id='word_1_694' title='bbox 1511 2344 1601 2371; x_wconf 80' lang='lat' dir='ltr'><strong>artes?</strong></span> <span class='ocrx_word' id='word_1_695' title='bbox 1617 2343 1770 2378; x_wconf 85' lang='lat' dir='ltr'><strong>antiquitus</strong></span> <span class='ocrx_word' id='word_1_696' title='bbox 1782 2343 1856 2371; x_wconf 80' lang='lat' dir='ltr'><strong>enim</strong></span> 
     </span>
    </p>
   </div>
   <div class='ocr_carea' id='block_1_106' title="bbox 1070 2389 1858 2418">
    <p class='ocr_par' dir='ltr' id='par_1_106' title="bbox 1070 2389 1858 2418">
     <span class='ocr_line' id='line_1_106' title="bbox 1070 2389 1858 2418; baseline -0.001 -1"><span class='ocrx_word' id='word_1_697' title='bbox 1070 2394 1149 2417; x_wconf 87' lang='lat' dir='ltr'><strong>erant</strong></span> <span class='ocrx_word' id='word_1_698' title='bbox 1163 2389 1197 2418; x_wconf 87' lang='lat' dir='ltr'><strong>ab</strong></span> <span class='ocrx_word' id='word_1_699' title='bbox 1213 2389 1368 2417; x_wconf 87' lang='lat' dir='ltr'><strong>hominibus</strong></span> <span class='ocrx_word' id='word_1_700' title='bbox 1395 2390 1522 2417; x_wconf 79' lang='lat' dir='ltr'><strong>inventae.</strong></span> <span class='ocrx_word' id='word_1_701' title='bbox 1539 2389 1723 2418; x_wconf 85' lang='lat' dir='ltr'><strong>Prudentianc</strong></span> <span class='ocrx_word' id='word_1_702' title='bbox 1745 2389 1858 2416; x_wconf 89' lang='lat' dir='ltr'><strong>omnino</strong></span> 
     </span>
    </p>
   </div>
   <div class='ocr_carea' id='block_1_107' title="bbox 1071 2434 1857 2470">
    <p class='ocr_par' dir='ltr' id='par_1_107' title="bbox 1071 2434 1857 2470">
     <span class='ocr_line' id='line_1_107' title="bbox 1071 2434 1857 2470; baseline 0.001 -9"><span class='ocrx_word' id='word_1_703' title='bbox 1071 2442 1088 2462; x_wconf 94' lang='lat' dir='ltr'><strong>e</strong></span> <span class='ocrx_word' id='word_1_704' title='bbox 1102 2434 1157 2462; x_wconf 89' lang='lat' dir='ltr'><strong>vita</strong></span> <span class='ocrx_word' id='word_1_705' title='bbox 1172 2434 1309 2462; x_wconf 80' lang='lat' dir='ltr'><strong>excessit?</strong></span> <span class='ocrx_word' id='word_1_706' title='bbox 1322 2435 1451 2462; x_wconf 85' lang='lat' dir='ltr'><strong>virtutem</strong></span> <span class='ocrx_word' id='word_1_707' title='bbox 1470 2442 1580 2463; x_wconf 90' lang='lat' dir='ltr'><strong>omnem</strong></span> <span class='ocrx_word' id='word_1_708' title='bbox 1595 2435 1712 2470; x_wconf 82' lang='lat' dir='ltr'><strong>expelle,</strong></span> <span class='ocrx_word' id='word_1_709' title='bbox 1729 2442 1791 2469; x_wconf 64' lang='lat' dir='ltr'><strong>quae</strong></span> <span class='ocrx_word' id='word_1_710' title='bbox 1805 2441 1857 2462; x_wconf 87' lang='lat' dir='ltr'><strong>an-</strong></span> 
     </span>
    </p>
   </div>
   <div class='ocr_carea' id='block_1_108' title="bbox 1073 2479 1857 2515">
    <p class='ocr_par' dir='ltr' id='par_1_108' title="bbox 1073 2479 1857 2515">
     <span class='ocr_line' id='line_1_108' title="bbox 1073 2479 1857 2515; baseline 0.001 -9"><span class='ocrx_word' id='word_1_711' title='bbox 1073 2480 1188 2514; x_wconf 81' lang='lat' dir='ltr'><strong>tiquitus</strong></span> <span class='ocrx_word' id='word_1_712' title='bbox 1211 2479 1320 2515; x_wconf 80' lang='lat' dir='ltr'><strong>cognita</strong></span> <span class='ocrx_word' id='word_1_713' title='bbox 1347 2481 1449 2508; x_wconf 83' lang='lat' dir='ltr'><strong>multos</strong></span> <span class='ocrx_word' id='word_1_714' title='bbox 1481 2481 1515 2508; x_wconf 88' lang='lat' dir='ltr'><strong>ad</strong></span> <span class='ocrx_word' id='word_1_715' title='bbox 1545 2488 1684 2509; x_wconf 87' lang='lat' dir='ltr'><strong>summum</strong></span> <span class='ocrx_word' id='word_1_716' title='bbox 1718 2480 1857 2514; x_wconf 76' lang='lat' dir='ltr'><strong>fastigium</strong></span> 
     </span>
    </p>
   </div>
   <div class='ocr_carea' id='block_1_109' title="bbox 1071 2525 1857 2562">
    <p class='ocr_par' dir='ltr' id='par_1_109' title="bbox 1071 2525 1857 2562">
     <span class='ocr_line' id='line_1_109' title="bbox 1071 2525 1857 2562; baseline 0.001 -11"><span class='ocrx_word' id='word_1_717' title='bbox 1071 2525 1178 2558; x_wconf 66' lang='lat' dir='ltr'><strong>ewulit,</strong></span> <span class='ocrx_word' id='word_1_718' title='bbox 1191 2532 1264 2552; x_wconf 90' lang='lat' dir='ltr'><strong>nunc</strong></span> <span class='ocrx_word' id='word_1_719' title='bbox 1281 2526 1392 2560; x_wconf 90' lang='lat' dir='ltr'><strong>reliquit</strong></span> <span class='ocrx_word' id='word_1_720' title='bbox 1408 2527 1469 2554; x_wconf 64' lang='lat' dir='ltr'><strong>hinc</strong></span> <span class='ocrx_word' id='word_1_721' title='bbox 1491 2527 1605 2562; x_wconf 84' lang='lat' dir='ltr'><strong>antiqua</strong></span> <span class='ocrx_word' id='word_1_722' title='bbox 1619 2527 1696 2554; x_wconf 86' lang='lat' dir='ltr'><strong>velut</strong></span> <span class='ocrx_word' id='word_1_723' title='bbox 1720 2526 1857 2560; x_wconf 81' lang='lat' dir='ltr'><strong>exempla.</strong></span> 
     </span>
    </p>
   </div>
   <div class='ocr_carea' id='block_1_110' title="bbox 1072 2571 1859 2606">
    <p class='ocr_par' dir='ltr' id='par_1_110' title="bbox 1072 2571 1859 2606">
     <span class='ocr_line' id='line_1_110' title="bbox 1072 2571 1859 2606; baseline 0.001 -9"><span class='ocrx_word' id='word_1_724' title='bbox 1072 2571 1113 2598; x_wconf 80' lang='lat' dir='ltr'><strong>Ad</strong></span> <span class='ocrx_word' id='word_1_725' title='bbox 1125 2578 1187 2606; x_wconf 68' lang='lat' dir='ltr'><strong>quas</strong></span> <span class='ocrx_word' id='word_1_726' title='bbox 1202 2571 1311 2599; x_wconf 88' lang='lat' dir='ltr'><strong>intuens</strong></span> <span class='ocrx_word' id='word_1_727' title='bbox 1335 2571 1444 2606; x_wconf 85' lang='lat' dir='ltr'><strong>aliquis,</strong></span> <span class='ocrx_word' id='word_1_728' title='bbox 1473 2572 1497 2600; x_wconf 87' lang='lat' dir='ltr'><strong>si</strong></span> <span class='ocrx_word' id='word_1_729' title='bbox 1510 2573 1575 2600; x_wconf 64' lang='lat' dir='ltr'><strong>vitae</strong></span> <span class='ocrx_word' id='word_1_730' title='bbox 1606 2572 1708 2600; x_wconf 91' lang='lat' dir='ltr'><strong>bonum</strong></span> <span class='ocrx_word' id='word_1_731' title='bbox 1730 2571 1859 2603; x_wconf 88' lang='lat' dir='ltr'><strong>voluerit,</strong></span> 
     </span>
    </p>
   </div>
   <div class='ocr_carea' id='block_1_111' title="bbox 1073 2617 1858 2653">
    <p class='ocr_par' dir='ltr' id='par_1_111' title="bbox 1073 2617 1858 2653">
     <span class='ocr_line' id='line_1_111' title="bbox 1073 2617 1858 2653; baseline -0.001 -9"><span class='ocrx_word' id='word_1_732' title='bbox 1073 2617 1135 2645; x_wconf 88' lang='lat' dir='ltr'><strong>inde</strong></span> <span class='ocrx_word' id='word_1_733' title='bbox 1145 2617 1274 2650; x_wconf 81' lang='lat' dir='ltr'><strong>extrahit,</strong></span> <span class='ocrx_word' id='word_1_734' title='bbox 1289 2617 1352 2646; x_wconf 88' lang='lat' dir='ltr'><strong>licet</strong></span> <span class='ocrx_word' id='word_1_735' title='bbox 1366 2618 1486 2646; x_wconf 84' lang='lat' dir='ltr'><strong>secundo</strong></span> <span class='ocrx_word' id='word_1_736' title='bbox 1493 2618 1593 2653; x_wconf 81' lang='lat' dir='ltr'><strong>scripta</strong></span> <span class='ocrx_word' id='word_1_737' title='bbox 1609 2617 1709 2646; x_wconf 79' lang='lat' dir='ltr'><strong>forent.</strong></span> <span class='ocrx_word' id='word_1_738' title='bbox 1725 2617 1767 2644; x_wconf 89' lang='lat' dir='ltr'><strong>Tu</strong></span> <span class='ocrx_word' id='word_1_739' title='bbox 1780 2623 1858 2649; x_wconf 87' lang='lat' dir='ltr'><strong>vero,</strong></span> 
     </span>
    </p>
   </div>
   <div class='ocr_carea' id='block_1_112' title="bbox 1072 2662 1856 2698">
    <p class='ocr_par' dir='ltr' id='par_1_112' title="bbox 1072 2662 1856 2698">
     <span class='ocr_line' id='line_1_112' title="bbox 1072 2662 1856 2698; baseline -0.003 -8"><span class='ocrx_word' id='word_1_740' title='bbox 1072 2662 1203 2697; x_wconf 83' lang='lat' dir='ltr'><strong>propheta</strong></span> <span class='ocrx_word' id='word_1_741' title='bbox 1225 2666 1253 2690; x_wconf 87' lang='lat' dir='ltr'><strong>et</strong></span> <span class='ocrx_word' id='word_1_742' title='bbox 1281 2670 1341 2695; x_wconf 86' lang='lat' dir='ltr'><strong>rex,</strong></span> <span class='ocrx_word' id='word_1_743' title='bbox 1371 2663 1509 2698; x_wconf 91' lang='lat' dir='ltr'><strong>quomodo</strong></span> <span class='ocrx_word' id='word_1_744' title='bbox 1532 2663 1620 2698; x_wconf 86' lang='lat' dir='ltr'><strong>magis</strong></span> <span class='ocrx_word' id='word_1_745' title='bbox 1640 2663 1780 2691; x_wconf 87' lang='lat' dir='ltr'><strong>illuminas</strong></span> <span class='ocrx_word' id='word_1_746' title='bbox 1799 2669 1856 2690; x_wconf 84' lang='lat' dir='ltr'><strong>om-</strong></span> 
     </span>
    </p>
   </div>
   <div class='ocr_carea' id='block_1_113' title="bbox 1074 2707 1853 2743">
    <p class='ocr_par' dir='ltr' id='par_1_113' title="bbox 1074 2707 1853 2743">
     <span class='ocr_line' id='line_1_113' title="bbox 1074 2707 1853 2743; baseline -0.001 -8"><span class='ocrx_word' id='word_1_747' title='bbox 1074 2707 1149 2735; x_wconf 90' lang='lat' dir='ltr'><strong>nium</strong></span> <span class='ocrx_word' id='word_1_748' title='bbox 1166 2707 1389 2743; x_wconf 84' lang='lat' dir='ltr'><strong>intelligentiam?</strong></span> <span class='ocrx_word' id='word_1_749' title='bbox 1413 2717 1504 2737; x_wconf 91' lang='lat' dir='ltr'><strong>nonne</strong></span> <span class='ocrx_word' id='word_1_750' title='bbox 1524 2709 1595 2737; x_wconf 89' lang='lat' dir='ltr'><strong>inter</strong></span> <span class='ocrx_word' id='word_1_751' title='bbox 1612 2709 1780 2737; x_wconf 75' lang='lat' dir='ltr'><strong>fortissimos</strong></span> <span class='ocrx_word' id='word_1_752' title='bbox 1801 2707 1853 2743; x_wconf 91' lang='lat' dir='ltr'><strong>pri-</strong></span> 
     </span>
    </p>
   </div>
   <div class='ocr_carea' id='block_1_114' title="bbox 1075 2753 1856 2790">
    <p class='ocr_par' dir='ltr' id='par_1_114' title="bbox 1075 2753 1856 2790">
     <span class='ocr_line' id='line_1_114' title="bbox 1075 2753 1856 2790; baseline -0.001 -10"><span class='ocrx_word' id='word_1_753' title='bbox 1075 2760 1134 2781; x_wconf 90' lang='lat' dir='ltr'><strong>mas</strong></span> <span class='ocrx_word' id='word_1_754' title='bbox 1156 2753 1257 2781; x_wconf 81' lang='lat' dir='ltr'><strong>habes?</strong></span> <span class='ocrx_word' id='word_1_755' title='bbox 1284 2755 1422 2789; x_wconf 89' lang='lat' dir='ltr'><strong>quomodo</strong></span> <span class='ocrx_word' id='word_1_756' title='bbox 1441 2754 1628 2790; x_wconf 80' lang='lat' dir='ltr'><strong>interpretaris</strong></span> <span class='ocrx_word' id='word_1_757' title='bbox 1660 2755 1735 2790; x_wconf 82' lang='lat' dir='ltr'><strong>leges</strong></span> <span class='ocrx_word' id='word_1_758' title='bbox 1757 2753 1814 2785; x_wconf 88' lang='lat' dir='ltr'><strong>Dei,</strong></span> <span class='ocrx_word' id='word_1_759' title='bbox 1832 2754 1856 2780; x_wconf 88' lang='lat' dir='ltr'><strong>si</strong></span> 
     </span>
    </p>
   </div>
   <div class='ocr_carea' id='block_1_115' title="bbox 1065 2798 1853 2837">
    <p class='ocr_par' dir='ltr' id='par_1_115' title="bbox 1065 2798 1853 2837">
     <span class='ocr_line' id='line_1_115' title="bbox 1065 2798 1853 2837; baseline 0 -11"><span class='ocrx_word' id='word_1_760' title='bbox 1065 2798 1128 2834; x_wconf 89' lang='lat' dir='ltr'><strong>quis</strong></span> <span class='ocrx_word' id='word_1_761' title='bbox 1143 2798 1224 2832; x_wconf 79' lang='lat' dir='ltr'><strong>alius,</strong></span> <span class='ocrx_word' id='word_1_762' title='bbox 1245 2804 1273 2828; x_wconf 87' lang='lat' dir='ltr'><strong>et</strong></span> <span class='ocrx_word' id='word_1_763' title='bbox 1289 2800 1369 2829; x_wconf 79' lang='lat' dir='ltr'><strong>verba</strong></span> <span class='ocrx_word' id='word_1_764' title='bbox 1382 2801 1505 2837; x_wconf 81' lang='lat' dir='ltr'><strong>exquiris</strong></span> <span class='ocrx_word' id='word_1_765' title='bbox 1518 2804 1546 2828; x_wconf 87' lang='lat' dir='ltr'><strong>et</strong></span> <span class='ocrx_word' id='word_1_766' title='bbox 1557 2800 1688 2836; x_wconf 79' lang='lat' dir='ltr'><strong>exponis?</strong></span> <span class='ocrx_word' id='word_1_767' title='bbox 1703 2798 1853 2828; x_wconf 82' lang='lat' dir='ltr'><strong>visibilium</strong></span> 
     </span>
    </p>
   </div>
  </div>
