2082 3157
246 159 296 191 981

248 217 335 253 Εἴπερ
352 224 394 248 τις
407 215 497 250 ἄλλος,
509 215 557 244 τοῦ
572 217 651 249 Θεοῦ.
666 217 715 246 καὶ
725 218 789 251 τοὺς
804 218 899 254 λόγους

247 262 480 298 Ζητιίς,ὲρευνᾷς,
493 262 578 290 τῶνδε
593 263 647 290 τῶν
662 264 821 299 δρωμένων,

249 309 380 344 Στρέφεις
395 307 424 335 δὲ
443 308 544 340 πολλὰς
556 309 586 336 ὲν
603 310 685 344 φρεσὶ
698 310 815 346 θεωρίας
827 318 834 326 ⁸

250 354 342 385 Κινείς
355 353 384 380 δι
400 353 527 388 γλῶσσαν
539 354 646 388 νυκτὸς,
664 355 773 391 ήμᾶρας
788 356 862 392 ὅλης,

248 398 338 431 Θείοις
352 398 396 427 ἐπ’
410 399 501 435 ἔργοις
513 407 521 415 ”
539 401 668 435 μουσικὸς
683 401 712 428 δὲ
725 401 878 436 τυγχάνεις,

249 444 306 471 Καὶ
322 444 457 480 ῥυθμικὴν
474 445 578 478 ἔδειξας
592 446 789 482 εὐαρμοστίαν,

249 489 347 523 Λόγοις
358 489 382 515 δ’
397 490 523 524 ὲιρευρεϊν
536 490 583 517 καὶ
597 490 666 526 βάθη
680 491 862 526 κεκρυμμένα

248 534 317 561 Θεοῦ
332 543 361 561 τε
376 535 463 562 πολλὰ
473 535 520 562 καὶ
535 536 603 563 Θεοῦ
621 536 676 564 τῶν
691 538 862 573 κτισμάτωνς

250 580 312 611 Πῶς
328 580 463 612 ωντιθεῖς
474 581 504 607 δὲ
520 582 568 608 καὶ
580 582 690 617 μέλιτος
703 583 800 618 κηρίον

249 625 356 660 Τρόπον
377 626 509 662 μελίσσης
523 626 573 663 τὴν
593 628 753 664 σοφωτάτην
768 628 859 663 βίϐλον

254 671 300 704 Ἐξ
313 669 348 707 ἧς
362 672 455 699 ἅπασα
466 673 578 707 γνῶσις,
591 674 629 706 ὡς
640 674 733 709 πηγῆς
747 675 769 691 ⁸⁸
786 675 880 710 βρύει.

248 715 327 757 Θεοῦ,
347 717 500 753 Χερουϐὶμ,
517 718 641 752 ἀγγέλων
655 719 689 751 υ,
705 719 899 754 ἀρχαγγὲλων,

249 761 328 788 Νόων
341 762 479 796 ἁπάντων,
493 762 577 791 τῶνδε
588 764 643 791 τῶν
653 764 801 800 ὁρωμένων

248 806 376 842 Τρόπων,
388 809 538 843 τροπαίων,
556 809 670 845 ἀρετῆς,
683 810 834 846 ἁμαρτίας,

249 853 350 888 Τύχης,
368 855 437 886 νοὸς.
451 854 526 890 ζωῆς
535 864 566 882 τε
579 855 626 882 καὶ
638 856 744 890 θνητῶν
757 857 862 889 τέλους,

248 898 349 930 Φωτδς,
365 899 476 931 σκότους
491 908 521 926 τε
533 900 862 936 δαιμόνων,παθημάτων,

250 943 355 978 Καινῆς
373 951 403 971 τε
425 945 493 980 πρὸς
507 945 558 981 γῆν
572 946 699 981 κράσεως
711 946 759 973 τοῦ
772 948 924 980 Δεσπότου,

250 989 305 1015 Καὶ
318 989 370 1023 σῆς
385 991 519 1025 ἀχράντου
533 992 768 1027 Μητροπαρθένου
783 993 887 1029 Κόρης,

251 1035 378 1070 Ἀρρητα
391 1036 478 1063 ταῦτα
494 1037 542 1065 καὶ
556 1038 643 1072 λόγων
656 1038 779 1074 ἀνώτερα
790 1047 798 1073 ;

257 1080 326 1106 Ἀλλ’
343 1081 467 1117 ἁρπαγαὶ
485 1083 532 1110 νῦν
551 1085 606 1116 τοῖς
624 1086 786 1120 στρατηγοῖς
799 1085 847 1112 καὶ⁵
859 1085 952 1121 μέθαι,

249 1122 301 1152 Ὧν
314 1127 345 1152 οὐ
366 1129 488 1162 μετεῖναι
504 1130 560 1161 τοῖς
573 1129 665 1161 καλοῖς
680 1131 778 1165 φήσεις
791 1130 861 1157 δέον.

251 1172 283 1198 Τί
297 1173 384 1200 ταῦτα
395 1174 464 1210 πρὸς
476 1175 507 1202 τὸ
524 1176 656 1212 πρᾶγμα;
676 1177 770 1213 Χωρὶς
786 1178 811 1204 οί
830 1177 913 1212 λόγοι.

252 1218 335 1245 uno
350 1221 512 1256 στρατηγὸς,
528 1221 592 1249 ἄλλο
605 1222 633 1249 δὲ
654 1223 817 1259 στρατηγία.

251 1264 343 1296 Κακός
357 1273 400 1296 τις
416 1262 492 1297 οὗτος
503 1274 510 1281 ·
524 1267 541 1302 ἡ
557 1267 579 1293 δ’
598 1267 698 1303 ἀρίστη
717 1269 749 1303 τῇ
770 1268 864 1302 φύσει,

257 1309 377 1346 Ἰατρικὴ
397 1311 515 1347 σώτειρα
528 1312 682 1345 ’πολλάκις
696 1313 718 1340 δ’
731 1313 783 1348 ἔφυ

249 1356 350 1388 Φονεὺς
365 1357 456 1392 ἰατρός
469 1366 476 1373 ·
493 1358 530 1393 μὴ
546 1358 664 1394 κακίζῃς
679 1360 729 1395 τὴν
743 1359 852 1395 τέχνην.

251 1400 289 1426 Οὐ
306 1400 478 1435 πράγματος,
495 1402 565 1436 (πῶς
577 1402 597 1438 ;)
612 1403 667 1430 τῶν
679 1403 833 1439 προσώπων
845 1403 866 1429 δ’
880 1403 896 1437 ὴ
911 1401 1008 1437 βλάθη.

253 1444 373 1480 Ἐὁλαψε
391 1447 484 1482 ῥήτωρ
497 1448 627 1479 πολλάκις
642 1456 684 1480 τις
699 1449 763 1480 τοὺς
778 1449 877 1484 νόμους
889 1455 898 1464 ’

251 1487 297 1525 Μὴ
309 1491 358 1517 καὶ
375 1491 492 1528 κακίζῃς
503 1492 644 1528 δεινότητα
657 1494 712 1520 τῶν
729 1494 826 1528 λόγων.

253 1535 358 1569 ιἈλλως
370 1545 401 1564 τε
417 1538 481 1570 τοὺς
496 1539 599 1571 κακοὺς
614 1539 664 1574 μὲν
675 1539 713 1572 ὡς
725 1540 810 1571 κακὸς
821 1539 906 1567 σύνοι.

900 162 1068 195 CARMINA
1089 164 1220 196 VARIA.
1469 201 1473 204 .

1048 237 1072 266 Α
1092 223 1163 258 Ἐγὼ
1181 223 1203 250 δ’
1218 222 1328 259 ἀριθμῶ
1344 222 1407 254 τοὺς
1418 221 1518 254 καλοὺς
1528 221 1576 254 οὓς
1589 221 1637 248 καὶ
1653 220 1750 255 μόνους

1814 160 1870 193 982
1900 167 1901 170 ‘

1086 267 1152 298 υῐδα
1164 269 1334 305 στρατηγοὺς
1344 268 1382 300 ὡς
1394 268 1504 303 ἔχοντας
1522 271 1572 302 τὴν
1584 266 1682 302 τέχνην
1692 274 1700 281 ·

1086 314 1142 341 Καὶ
1157 313 1303 350 μουσικοὺς
1317 313 1373 349 γὰρ
1386 313 1434 340 καὶ
1445 312 1615 348 κρατοῦντας
1628 311 1678 347 τὴν
1690 310 1784 346 λύραν,

1086 359 1157 391 Τοὺς
1166 357 1196 386 εὖ
1210 359 1239 385 δὲ
1254 358 1356 394 ταύτην
1369 359 1472 390 είδότας
1487 357 1602 393 κροῦσαι
1623 357 1713 392 μόνον,

1086 403 1142 430 Καὶ
1154 403 1219 435 τοὺς
1232 402 1352 434 διδόντας
1363 402 1410 429 τὸν
1425 402 1503 436 λόγον
1516 402 1571 430 τῶν
1590 403 1766 439 κρουμάτων,

1087 450 1142 477 Καὶ
1155 449 1194 485 μὴ
1212 450 1316 484 φέρωσι
1328 450 1421 485 χερσὶν
1435 445 1509 477 οὗτοι
1527 448 1575 484 τὴν
1589 449 1685 485 λύραν,

1092 496 1137 527 Ὧς
1152 496 1282 527 ἱππικοὺς
1294 495 1333 528 δι,
1347 495 1533 530 γραμμικοὺς,
1549 495 1640 521 πᾶσαν
1659 494 1768 531 τέχνην,

1094 541 1363 577 ’Δγαλματουργοὺς,
1378 541 1518 573 τέκτονας,
1536 540 1684 573 λιθοξόους,

1089 586 1234 619 Ἕκαστον,
1248 583 1334 620 οὗπερ
1350 585 1413 620 ἔσχε
1425 585 1474 619 τὴν
1487 585 1589 618 γνῶσιν
1607 584 1697 619 μόνον.

1088 632 1144 659 Καὶ
1157 630 1245 658 ταῦτα
1261 631 1310 666 μὲν
1320 630 1354 666 δὴ
1366 630 1428 662 νοῦς
1442 630 1566 662 ἐτόξευσε
1581 631 1678 666 μάτην,

1087 678 1195 706 Μᾶλλον
1209 677 1233 705 δ’
1242 678 1345 709 ἐκεῖνος
1356 676 1432 711 εύλογ
1438 676 1541 708 ώτατος
1555 676 1646 711 λόγος,

1093 724 1139 755 Ὠς
1154 723 1236 755 αὐτός
1249 724 1307 750 ἐστι
1322 721 1453 749 δεικνύων
1470 722 1485 749 ὀ
1499 722 1545 753 σὴς
1562 722 1652 756 λόγος,

1087 769 1133 804 Μὴ
1144 768 1339 804 συμφερόντως
1354 768 1410 799 τοῖς
1424 767 1510 801 ξένοις
1526 766 1695 799 παιδεύσεως

1090 816 1182 850 Ἔχειν
1195 814 1280 841 ἐθνῶν
1295 822 1325 840 τε
1339 814 1387 841 καὶ
1403 813 1519 848 στρατοῦ
1533 813 1582 845 τὰς
1595 812 1685 849 ἡνίας.

1088 862 1120 888 El
1133 860 1187 896 γὰρ
1198 859 1370 895 κρατούντων
1384 859 1482 892 τῶνδε,
1500 860 1555 887 πᾶν
1568 858 1655 886 δεινὸν
1669 859 1775 895 spe-esi,

1052 911 1074 939 Β
1087 906 1177 941 Μέθη,
1196 905 1333 941 τυραννὶς,
1350 904 1485 940 ἁρπαγαὶ,
1502 903 1701 939 σφαγαὶ,.βίαι,

1089 948 1201 986 Ἦττσι,
1219 951 1334 986 σφαγαὶ,
1348 950 1500 986 κάθειρξις,
1514 949 1702 985 αἱχμαλωσίαι
1714 956 1720 971 ι

1089 998 1186 1033 Δῆλον,
1202 997 1376 1033 κρατούντων
1387 996 1476 1023 τοῖσδε
1487 994 1542 1022 τῶν
1557 995 1698 1028 ἐναντίων,

1091 1043 1187 1079 "Apim
1201 1042 1283 1070 καλὸν
1297 1043 1361 1075 πᾶν,
1374 1041 1533 1077 ἐγκράτεια,
1548 1040 1717 1076 χρηστότης,

1090 1089 1235 1124 Εὑανδρία,
1247 1088 1389 1124 φρόνησις,
1403 1087 1474 1123 ἀλκὴ
1490 1087 1560 1123 πρὸς
1573 1087 1682 1119 πόνους,

1090 1135 1191 1170 Τέχναι
1203 1135 1264 1161 κατ’
1278 1134 1394 1170 ἐχθρῶν,
1403 1134 1507 1166 τάξεων
1521 1131 1657 1166 εύταξίαι,

1090 1181 1184 1213 Νίκαι,
1200 1179 1329 1215 τρόπαια,
1341 1178 1415 1212 δόξα,
1434 1179 1576 1214 Ῥωμαίων
1590 1178 1700 1213 κράτοςι

1090 1224 1158 1252 Θεοῦ
1175 1225 1229 1260 πρὸ
1245 1225 1356 1252 πάντων
1369 1223 1499 1259 εὐμένεια
1509 1224 1566 1255 τοῖς
1579 1223 1663 1255 ὅλοις,

1093 1269 1142 1300 Ὃς
1158 1269 1206 1295 καὶ
1219 1268 1338 1303 σφραγίς
1356 1277 1402 1303 μοι
1419 1267 1502 1296 τῶνδε
1524 1266 1579 1294 τῶν
1596 1267 1791 1302 ψελλισμάτων

1093 1313 1178 1340 Ἔσω.
1194 1313 1234 1340 Τὰ
1246 1313 1269 1340 δ’
1284 1312 1351 1340 ἄλλα
1367 1313 1424 1344 τοῖς
1437 1313 1579 1346 σοφισταῖς
1592 1311 1725 1347 μελλέτω.

1321 1355 1462 1392 ρξα¹-ρξβ’.
1474 1357 1526 1388 Είς
1535 1355 1569 1383 τὸ
1583 1356 1647 1391 ἔαρ.

1091 1403 1192 1439 Χριστὲ
1206 1402 1283 1435 ἄναξ,
1301 1402 1330 1434 ὃς
1342 1402 1392 1437 ἐαρ
1406 1402 1517 1429 θαλέθον
1530 1401 1701 1438 πολυήρατον
1717 1403 1781 1438 ἄρτι

1097 1452 1145 1478 Ἐκ
1158 1450 1275 1485 ζοφεροῦ
1289 1450 1424 1484 χειμῶνος
1438 1449 1605 1485 ἀπηύγασας
1617 1449 1700 1485 ὥριον
1715 1451 1807 1482 ἄνθος.

1092 1495 1184 1522 Πάντα
1197 1494 1220 1521 δ’
1233 1494 1334 1529 ἀνῆκεν
1348 1493 1401 1520 ὑπὸ
1414 1493 1507 1528 χθονὸς
1521 1491 1566 1533 οἷά
1579 1503 1610 1521 τε
1625 1494 1732 1529 τύμϐου

1091 1540 1222 1577 Δεύτερον
1241 1541 1270 1572 ἐς
1284 1538 1418 1575 φαέθοντα
1428 1539 1598 1575 παλίμπνοος
1612 1539 1676 1576 ἄρτι
1692 1540 1818 1576 μολόντες
1828 1549 1837 1558 ⁸

252 1631 362 1658 quoque
383 1624 483 1652 multas
501 1624 642 1653 meditaris
667 1625 696 1652 in
717 1630 809 1654 mente
823 1626 1035 1656 demonstratio-
1048 1630 1070 1659 α
1087 1627 1197 1663 pulsare
1212 1631 1319 1654 tantum
1337 1627 1445 1660 sciunt;
1462 1631 1490 1655 et
1508 1627 1643 1655 rationem
1656 1627 1786 1656 docentes
1795 1627 1878 1664 hujus

252 1669 318 1696 nes?
342 1668 519 1704 linguamque
545 1677 657 1698 exerces
682 1674 763 1698 nocte
788 1671 886 1706 dieque
909 1677 977 1704 tota.
1009 1673 1037 1701 in

252 1715 353 1743 divinis
386 1716 544 1750 operibus?
570 1716 695 1744 musicus
728 1721 822 1745 autem
850 1718 982 1752 ersistis,
1011 1724 1040 1747 et

252 1761 435 1796 rhythmicam
454 1761 605 1789 exhibuisti
625 1761 811 1796 harmoniam,
830 1764 921 1792 verbis
945 1765 1040 1799 explo-

253 1806 339 1833 rando
372 1806 532 1834 abscondita
559 1806 694 1842 profunda
720 1807 767 1836 Dei
799 1809 903 1842 multa.
938 1808 1040 1844 Deique

253 1851 460 1878 creaturarum?
495 1853 635 1887 quomodo
663 1853 855 1888 composuisti,
883 1854 958 1882 velut
980 1855 1040 1890 apis

254 1896 342 1924 mellis
361 1897 465 1929 favum,
481 1898 717 1933 sapientissimum
735 1899 846 1932 librum,
857 1907 938 1935 equo
949 1901 1039 1929 Omnis

254 1942 380 1974 scientia,
393 1947 424 1970 ut
442 1941 527 1976 fonte,
539 1943 608 1976 ﬂuit,
621 1943 679 1977 Dei,
695 1943 856 1977 Cherubim,
868 1946 1039 1980 angelorum,

254 1988 489 2023 archangelorum,
503 1989 647 2024 spirituum
663 1990 798 2022 omnium,
818 1990 969 2019 visibilium
985 1992 1041 2019 for-

255 2041 371 2066 marum,
397 2034 591 2067 mutationum,
619 2034 740 2066 virtutis,
766 2035 884 2069 peccati,
913 2035 1039 2069 lortunat,

256 2079 366 2112 mentis,
387 2080 453 2107 vitae
473 2084 500 2107 et
529 2080 592 2108 ﬁnis
617 2080 787 2112 mortalium,
803 2080 886 2114 lucis,
912 2081 1041 2109 tenebra-

257 2133 373 2161 rumque
394 2127 561 2159 daemonum,
588 2127 758 2161 passionum,
779 2127 912 2155 mirandae
934 2128 968 2155 ad
985 2133 1041 2155 ter-

255 2179 314 2199 ram
332 2171 439 2199 Domini
455 2172 575 2204 unionis,
593 2177 620 2199 et
643 2172 824 2200 immaculata
852 2172 968 2208 Virginis
982 2172 1040 2201 Ma-

257 2217 317 2250 tris,
332 2217 477 2246 ineﬂ‘abilia
490 2218 593 2251 omnia,
605 2222 633 2246 et
659 2218 749 2246 verbis
773 2218 894 2246 altiora?
909 2219 963 2247 Sed
979 2220 1040 2247 vio-

256 2262 346 2290 lentia:
385 2270 459 2291 nunc
495 2263 654 2291 bellatorum
683 2267 712 2291 et
746 2263 911 2296 ebrietates,
939 2265 1040 2299 quibus

257 2308 421 2343 participare
443 2308 518 2337 dices
546 2309 669 2337 honestis
695 2309 855 2338 indecorum
877 2296 957 2344 esse;
972 2311 1039 2345 quid
1055 2296 1077 2324 υ

258 2353 316 2380 haec
332 2353 366 2379 ad
381 2353 461 2380 rem?
476 2352 542 2381 foris
557 2358 623 2380 sunt
642 2353 748 2381 litterae.
761 2353 842 2381 Aliud
859 2353 949 2388 miles,
966 2354 1041 2382 aliud

257 2399 371 2433 militia;
392 2400 436 2428 hic
447 2400 545 2435 aliquis
557 2400 656 2434 malus,
674 2401 733 2429 haec
751 2401 855 2436 optima
872 2405 973 2428 natura
987 2406 1040 2429 est.

258 2444 391 2473 Medicina
413 2446 560 2480 salutaris;
585 2454 658 2481 saepe
677 2451 768 2474 autem
789 2447 889 2474 accidit
905 2447 1040 2475 medicum

258 2490 422 2518 homicidam
447 2499 518 2523 esse,
535 2499 570 2519 ne
593 2496 679 2520 artem
711 2492 899 2520 calumnieris.
919 2492 978 2520 Non
1001 2493 1041 2520 rei

258 2543 390 2571 unquam,
405 2537 452 2565 sed
475 2544 653 2572 personarum
673 2537 751 2573 culpa
764 2542 816 2566 est.
839 2538 949 2573 infregit
968 2538 1040 2573 leges

259 2582 359 2617 aliquis
377 2583 470 2610 rhetor
485 2583 596 2617 saepius,
615 2591 649 2612 ne
673 2584 784 2612 incuses
807 2583 968 2619 eloquentiae
982 2592 1044 2619 per-

258 2627 438 2656 versitatem:
466 2627 545 2655 aliter
561 2628 641 2656 malis
669 2629 779 2663 quidem
808 2633 937 2664 tanquam
954 2629 1043 2657 malus

259 2677 497 2701 annumeraretur.
512 2673 568 2709 Ego
576 2677 667 2701 autem
679 2674 767 2702 bonos
792 2679 899 2709 reputo,
913 2682 982 2710 quos
996 2682 1043 2702 so-

260 2718 317 2746 lum
335 2719 479 2748 bellatores
492 2727 553 2747 esse
566 2719 634 2752 scio,
655 2723 685 2747 ut
701 2725 786 2747 artem
805 2728 881 2748 suam
897 2721 1043 2756 possiden-

261 2769 321 2797 tes;
338 2769 366 2793 et
390 2766 513 2793 musicos
532 2765 618 2801 lyram
636 2766 787 2801 pulsantes,
815 2766 863 2801 qui
880 2767 949 2796 bene
973 2767 1045 2797 hanc

296 2841 319 2857 “
337 2841 481 2871 Corrector
493 2842 578 2879 πηγή.
603 2843 647 2887 ἐξ
657 2842 722 2871 Erat
734 2842 869 2888 ἀργέλων.

1089 1672 1167 1705 artis,
1179 1672 1230 1700 etsi
1246 1679 1386 1707 nunquam
1399 1671 1526 1700 manibus
1543 1671 1631 1708 lyram
1651 1676 1782 1708 tangant;
1798 1673 1878 1706 aimi-

1089 1717 1150 1746 liter
1168 1718 1283 1753 equites,
1296 1718 1456 1752 scriptores,
1466 1723 1564 1745 omnes
1575 1717 1704 1750 artiﬁces,
1716 1717 1876 1750 statuarios,

1089 1763 1260 1798 lignil‘nbros,
1278 1763 1437 1798 lapidarias,
1450 1770 1600 1799 quemque,
1620 1763 1667 1798 qui
1682 1763 1750 1791 artis
1771 1766 1879 1791 tantum

1090 1809 1234 1837 scientiam
1249 1809 1340 1841 habet.
1356 1810 1390 1838 Et
1400 1811 1458 1839 hac
1474 1810 1586 1846 quidem
1599 1816 1667 1837 sane
1678 1816 1756 1837 mens
1775 1807 1879 1836 frustra

1089 1856 1200 1891 obiecit.
1228 1856 1322 1886 Potius
1337 1860 1379 1885 est
1408 1856 1462 1885 ista
1481 1855 1634 1892 justissima
1662 1855 1794 1887 ratio,ut
1821 1854 1879 1889 ipse

1091 1906 1155 1930 tuus
1180 1909 1272 1930 sermo
1300 1902 1429 1936 ostendit,
1461 1909 1496 1930 ne
1526 1900 1724 1930 convenienter
1747 1900 1879 1928 doctrina

1090 1949 1246 1984 expertibus
1263 1949 1469 1976 committantur
1498 1948 1621 1984 gentium
1651 1951 1679 1974 et
1707 1945 1879 1973 exercituum

1068 2020 1069 2023 η
1091 1993 1285 2029 gubernacula.
1301 1993 1332 2022 Si
1348 1993 1421 2021 enim
1439 1993 1483 2021 his
1495 1991 1706 2028 imperantibus,
1720 1998 1803 2018 omne
1816 1998 1877 2018 ma-

1090 2039 1147 2067 lum
1160 2039 1288 2073 imperat,
1301 2038 1431 2071 ebrietas,
1454 2037 1589 2073 tyrannis,
1604 2035 1753 2068 violentiae,
1775 2034 1877 2066 caedes,

1090 2084 1267 2118 vastationes,
1285 2083 1387 2116 clades,
1401 2082 1594 2115 incarceratio,
1603 2081 1769 2116 captivitas;
1790 2083 1876 2116 patet,

1091 2130 1289 2166 imperantibus
1306 2130 1421 2158 istorum
1434 2129 1591 2161 contrariis,
1604 2127 1802 2163 imperaturum
1816 2133 1878 2154 esse

1091 2184 1174 2204 omne
1188 2177 1302 2209 bonum,
1331 2175 1549 2211 temperantiam,
1566 2173 1741 2209 probitatem,
1766 2171 1876 2199 fortitu—

1091 2222 1194 2255 dinem,
1210 2221 1394 2257 prudentiam,
1412 2220 1498 2248 robur
1518 2219 1552 2247 ad
1569 2219 1690 2250 labores,
1713 2220 1810 2245 contra
1824 2216 1876 2244 ho.

1092 2273 1146 2296 stes
1160 2267 1375 2303 peritiam,aciei
1386 2267 1485 2295 bonam
1501 2265 1720 2301 dispositionem,
1734 2263 1874 2295 victorias,

1091 2314 1255 2348 triumphos,
1272 2313 1400 2348 gloriam,
1424 2311 1613 2339 Romanorum
1639 2309 1797 2345 imperium,
1828 2308 1877 2336 Dei

1091 2364 1154 2388 ante
1170 2359 1223 2386 alia
1246 2359 1275 2386 in
1299 2365 1396 2386 omnes
1425 2356 1659 2389 benevolentiam;
1678 2355 1726 2390 qui
1744 2355 1877 2383 horumce

1091 2404 1244 2433 carminum
1268 2403 1374 2439 sigillus
1397 2402 1465 2430 mihi
1479 2402 1541 2430 erit.
1554 2402 1659 2431 Caetera
1674 2400 1807 2436 sophistis
1820 2407 1878 2429 ser»

1090 2455 1199 2478 ventur.

1363 2514 1493 2543 161462.
1513 2514 1548 2542 In
1563 2522 1615 2542 ver.

1127 2583 1184 2611 Rex
1198 2583 1317 2615 Christe,
1329 2587 1356 2610 tu
1368 2590 1414 2611 ver
1426 2583 1550 2610 ﬂoridum
1564 2581 1637 2610 votis
1655 2585 1782 2609 vocatum
1795 2580 1878 2607 modo

1091 2638 1108 2659 e
1126 2631 1268 2659 tenebrosa
1294 2635 1455 2666 tempestate
1482 2630 1625 2665 splendere
1647 2625 1747 2660 fecisti,
1761 2627 1875 2662 conspi-

1092 2684 1173 2704 cuum
1185 2675 1289 2704 ﬂorem.
1299 2676 1397 2704 Omnia
1406 2683 1422 2704 e
1436 2680 1508 2704 terra
1519 2677 1683 2709 exsurgunt,
1700 2677 1730 2700 ut
1743 2680 1758 2700 e
1769 2672 1876 2700 tumulo

1092 2722 1140 2757 qui
1166 2722 1199 2750 ad
1229 2722 1376 2751 secundam
1408 2721 1494 2750 vitam
1525 2720 1594 2748 redit
1616 2719 1767 2749 redivivus.
1787 2718 1873 2747 modo

1093 2773 1232 2804 crescunt;
1252 2768 1344 2797 omnia
1356 2771 1532 2801 exornantur,
1550 2769 1578 2795 et
1591 2768 1688 2794 ornatu
1707 2763 1874 2793 ﬂoretmun-

1454 2916 1510 2923 ....‘..
1586 2921 1616 2924 ἢ,
1703 2913 1731 2921 κ
1862 2911 1885 2924 ια
