2082 3157
172 241 268 278 Πατὴρ
282 241 340 277 ὲρεῖ
351 248 393 267 σοι
408 238 506 271 ταῦτα,
518 236 676 274 πρεσὸῥτης
688 235 776 270 γέρων
787 242 794 250 ·

180 288 267 323 Ἀδὰμ
279 286 310 314 τὸ
324 285 433 322 πρῶτον
446 284 484 316 ὡς
499 283 638 318 διέσπειρε
652 281 761 316 γόνους,

174 335 301 368 Ἐνειμεν
313 332 388 366 ἔθνη,
400 330 448 358 καὶ
462 330 579 358 καθίστα
595 330 658 360 τοὺς
668 328 747 364 ὅρους
759 334 767 341 ·

175 379 288 411 Ἀλλους
301 378 350 414 μὲν
364 377 455 409 ἄλλοις
470 375 607 411 ἀγγέλοις,
624 373 784 403 ἐπιστάταις
795 379 803 387 ·

174 425 260 457 Δῠτδς
276 424 299 451 δ’
319 422 411 458 ἐαυτῷ
428 422 528 457 κλῆρον
543 421 635 456 είληχε
654 419 738 455 μόνῳ,

175 472 227 498 Τὺν
246 470 355 506 Ἰσραὴλ
370 469 525 504 σχοίνισμα,
539 467 603 498 τοὺς
621 464 790 500 ’Δὸραμίδαε
801 471 808 479 ·

181 515 334 551 Ὀφοαλμὸς
348 513 382 550 ἦν
397 514 535 549 ἄγρυπνος
555 511 631 544 αὐτῷ
644 509 822 546 προσϐλέπων
833 514 842 523 ο

177 562 272 598 ῐΙηγὴν
288 561 403 597 ῥέουσαν
415 560 465 596 τὴν
478 559 592 594 ἄνυδρον
611 555 729 584 δεικνύει
739 563 746 570 ·

178 606 370 643 Παρεμὸαλὼν
381 606 497 642 ἔστηκεν
512 605 552 636 εἰς
565 602 688 639 φρουρὰν
701 600 812 634 κύκλῳ·

185 655 230 686 Ὠς
244 651 366 689 ὕμματός
378 660 426 689 τις.
435 651 584 686 ἑξετήρησε
601 648 688 684 κόρην
696 656 704 664 ·

186 701 231 732 Ὧς
245 700 322 731 ἀετὸς
332 698 462 734 πτέρυξιν
475 694 504 724 εὖ
519 695 694 732 ήπλωμέναις

182 746 310 780 Συνεῖχεν
325 744 435 776 αὐτοὺς,
449 741 507 779 εἶχε
521 742 568 769 καὶ
581 739 759 776 μεταφρένων

184 791 307 827 ’Ὑπερθε
326 790 445 826 χρυσῶν,
458 789 495 821 ὡς
511 787 637 820 νεοσσοὺς
651 786 746 822 ἠγάπα
758 793 766 800 ·

191 837 302 870 Ἀνῆξεν
316 837 355 868 είς
369 836 420 871 γῆν
436 835 527 870 ἰσχύος
545 831 741 868 πεπλησμένην
754 839 760 846 ·

187 882 296 908 Πολλῶν
310 881 426 917 ἔπλησεν
440 879 541 915 ἡδονῶν
552 876 650 914 πικρὴν
666 875 764 911 στόμα.

190 928 300 955 Ἐλαιον
314 926 460 962 ὲξὲῤῥευσε
478 924 526 952 καὶ
539 923 600 959 μέλι
618 922 722 957 πέτρας
733 929 741 936 ·

188 973 263 1000 Βοῶν
278 973 360 1000 καλὸν
374 971 501 1007 τύρωμα,
519 968 685 1004 θρεμμάτων
698 967 780 1002 γάλα,

195 1019 310 1055 Ἀρνῶν,
322 1019 436 1055 ἐρίφων,
451 1018 534 1051 στέαρ
550 1017 583 1042 ἐκ
601 1015 710 1050 μόσχων
722 1013 800 1040 νέων.

190 1063 265 1100 Λῖμα
278 1063 416 1098 σταφυλῆς
428 1063 489 1098 ἡδὺ,
503 1061 552 1088 τοῦ
565 1060 652 1096 πυροῦ
666 1059 766 1095 κράτος

197 1112 241 1143 Ὡς
252 1112 348 1146 χόρτον
362 1107 445 1145 εἶχον,
465 1108 553 1135 πάντα
571 1108 653 1134 πᾶσιν
663 1107 691 1133 ὲτ
697 1104 800 1141 ρύφων.

192 1157 328 1191 Πλησθεὶς
350 1154 446 1193 Ἰακὼὸ
461 1153 617 1187 ὲξελάκτισε
639 1152 710 1188 μέγα
724 1159 731 1167 ⁸

199 1201 244 1234 Ὦς
261 1202 401 1237 εὖτραφής
414 1210 466 1233 τις,
482 1200 520 1232 ὠς
536 1198 640 1230 πλατύς
649 1206 679 1224 τε
694 1197 743 1223 καὶ
760 1196 859 1231 μέγας,

199 1248 245 1279 Ὠς
261 1247 349 1279 πῶλος
368 1247 456 1274 ἆττων
469 1245 516 1272 τοῦ
526 1243 596 1277 βεοῢ
608 1242 774 1278 παρετράπη
787 1250 795 1256 ·

196 1293 345 1329 Κρημνοὺς
363 1292 391 1319 δὲ
409 1292 455 1318 καὶ
470 1291 615 1325 φάραγγας
630 1286 687 1324 ﬁxe
701 1287 748 1314 καὶ
761 1287 862 1321 πέτρας
875 1292 882 1300 ·

199 1339 300 1366 Ἐθυσε
320 1338 437 1372 μικροῖς,
455 1330 506 1371 {sati
519 1336 526 1362 !
547 1334 628 1366 θεοῖς,
642 1333 689 1360 καὶ
701 1332 879 1367 προσφάτοις,

197 1384 276 1415 Θεοῖς
291 1382 456 1418 βδελυκτοῐς,
469 1380 516 1412 οὓς
529 1380 652 1415 ἔγνωσαν
664 1378 782 1405 οὐδέπω.

200 1430 294 1457 Διπὼν
308 1429 341 1456 σὺ
356 1428 402 1455 τὸν
415 1428 530 1454 τεκόντα
547 1427 594 1453 κα)⁶
609 1425 731 1458 σώζοντά
746 1433 776 1450 σε

200 1476 285 1507 Θεοὺς
297 1474 400 1505 ἐποίεις
414 1473 477 1505 τοὺς
490 1472 622 1503 τεκόντας
633 1471 682 1506 τὴν
697 1470 811 1504 πλάνην.

201 1519 263 1548 Εἷδε
280 1521 310 1547 τὸ
324 1519 438 1556 φρικτὸν
453 1519 530 1553 ὄμμα
541 1518 590 1545 καὶ
607 1517 684 1551 ζηλοί
699 1516 786 1550 μέγα·

202 1567 295 1603 Θυμοῦ
308 1565 450 1602 γεμισθὲν,
470 1562 546 1591 εἶπεν
558 1572 566 1578 '
589 1561 798 1598 Ἐξαποστρέιίω

825 175 997 214 CARMJNA
1011 174 1138 211 VARIA.

969 236 993 264 Α
1009 229 1156 265 Πρόσωπον
1173 225 1239 257 ἰδοὺ,
1256 225 1312 265 τοῖς
1329 219 1472 258 στραφεῖσι
1483 217 1532 249 τὰς
1547 214 1652 254 φρένας
1664 221 1672 229 ·

1747 157 1801 196 99,0

1015 261 1073 309 ιίῦρ
1087 274 1262 302 ἐκκέκαυται,
1279 264 1365 304 θυμὸς
1379 267 1401 283 ¹⁰
1415 265 1488 301 ἤρθη
1506 263 1557 290 καὶ
1574 261 1663 296 φλέγῃ

1015 303 1071 348 Καὶ
1085 320 1138 354 γῆν
1148 319 1233 354 φάγῃ,
1246 314 1370 351 καρπούς
1383 322 1412 340 τε
1428 311 1475 339 καὶ
1491 309 1525 336 τὰ
1544 303 1599 343 γῆς
1617 306 1699 342 βάθη,

1015 367 1071 394 Καὶ
1083 366 1137 392 πᾶν
1154 363 1260 395 συνάξω
1272 361 1357 388 δεινὸν
1378 359 1417 390 είς
1434 356 1533 387 αὐτοὺς
1547 355 1629 388 τάχος
1639 360 1646 367 ’

1018 413 1076 440 Πᾶν
1091 409 1247 439 ἐκκενώσας
1260 408 1309 442 τῆς
1328 405 1468 441 φαρέτρας
1482 409 1534 437 μου
1551 399 1626 435 βέλος
1641 397 1662 413 ¹¹
1675 415 1684 429 ,

1018 458 1097 494 Λιμῷ
1110 457 1228 492 τακήσῃ.
1246 453 1346 489 βρῶσις
1361 450 1462 486 ὀρνέων
1477 448 1542 483 ἔσῃ’

1020 506 1100 536 ι’ἐνος
1115 502 1243 538 πονηρὸν,
1259 500 1364 534 πλῆρες
1381 495 1421 524 ἰοῦ
1436 495 1541 530 θηρίον,

1021 551 1136 585 Πικραῖς
1152 536 1306 582 τεμνόντων
1324 541 1532 575 συντελεσθείσῃ
1546 538 1645 569 πάθαις
1662 536 1695 559 "-

1024 595 1114 623 Στελῶ
1131 595 1190 622 κατ’
1205 592 1294 620 αὐτῶν
1309 590 1396 624 οῆρας
1418 585 1618 622 ἠγριωμένους,

1025 643 1099 675 Ἕξω
1115 639 1262 677 μαχαίρας,
1278 638 1306 664 ὲν
1321 634 1445 670 ταμείοις
1458 632 1521 664 τοὺς
1539 631 1649 666 φόϐους,

1029 689 1113 725 Ὀμοῦ
1126 688 1154 715 δὲ
1167 687 1265 726 πάντα,
1279 682 1405 718 παρθένῳ
1418 679 1536 711 νεανίας,

1025 721 1080 762 Kal
1096 733 1144 759 σὺν
1163 723 1273 766 γέροντι
1290 726 1391 763 μασι-δν
1405 724 1484 751 ἕλκον
1497 721 1611 749 παιδίον.

1027 778 1123 811 Εἶπον,
1141 774 1288 811 Διασπερῶ
1305 782 1345 804 σε,
1363 771 1439 806 θήσω
1449 769 1602 802 νωνύμονς,

1027 827 1059 853 El.
1073 825 1110 861 μὴ
1124 824 1161 850 δι*
1173 814 1258 858 ὀργὴν
1271 819 1415 855 βαρὸἀρων
1431 813 1625 850 παραφρόνων,

1028 859 1308 906 Μακροχρονούντων,
1324 865 1362 901 μὴ
1376 859 1575 897 συνεκτρίψωσί
1592 866 1633 890 σε,

991 918 1019 953 Β,
1030 918 1084 946 Καὶ
1098 916 1274 956 κομπάσωσι,
1289 912 1336 939 καὶ
1350 910 1489 944 λαλήσωσι
1507 906 1578 942 μέγα
1589 912 1598 920 ·

1036 962 1130 998 Ἦμῶν
1142 953 1237 995 ἔδρασε
1250 957 1338 985 ταῦτα
1355 955 1426 991 χεὶρ,
1441 954 1472 980 οὐ
1491 951 1592 988 Κυρίου
1605 958 1612 965 τ

1032 994 1128 1039 Ἔὸνος
1147 994 1202 1042 γάρ
1221 1005 1308 1040 ἄφρον
1320 1002 1368 1029 καὶ
1381 994 1660 1034 παρεκτετραμμένον
1670 999 1676 1008 ·

1039 1054 1199 1088 Ἐσύστερον
1212 1051 1241 1078 δὲ
1251 1049 1338 1076 ταῦτα
1351 1047 1513 1081 γενήσονται
1536 1042 1608 1076 τάχα

1033 1086 1164 1130 Διώξεται
1182 1096 1237 1130 γὰρ
1251 1091 1291 1125 εἷς
1310 1092 1389 1128 μόνος
1404 1089 1464 1119 πῶς
1479 1086 1593 1122 χιλίους,

1034 1145 1089 1172 Καὶ
1102 1133 1349 1178 μυρίους’κλινοῦσι
1364 1136 1422 1167 πῶς
1440 1134 1515 1169 μόνοι
1527 1131 1574 1158 δύο
1587 1139 1595 1163 ;

1036 1191 1068 1218 El
1085 1177 1122 1225 μὴ
1137 1177 1203 1219 Θεὸς
1218 1186 1362 1221 πέπρακεν
1377 1181 1478 1212 αὐτοὺς
1498 1179 1538 1210 είς
1558 1177 1666 1212 φθόνον,

1036 1236 1093 1263 Καὶ
1107 1235 1201 1270 χερσὶν
1216 1231 1350 1259 ἐκδέδωκε
1363 1229 1422 1260 ταῖς
1436 1225 1577 1253 ἐναντίων.

1037 1283 1101 1310 Geel.
1118 1281 1172 1316 γὰρ
1191 1272 1280 1306 αὐτῶν
1293 1272 1369 1304 οὐδὲν
1383 1274 1437 1302 ἴσοι
1457 1272 1496 1307 τῷ
1512 1272 1594 1307 μόνῳ.

1039 1328 1216 1363 Παραφρονῇ,
1232 1325 1366 1360 μέμηνας,
1382 1321 1445 1355 ἔθνη
1461 1319 1494 1345 τὰ
1510 1317 1584 1351 ξένα,

1039 1374 1088 1407 Οἷς
1105 1374 1226 1409 ἄμπελος
1242 1371 1291 1406 μὲν
1305 1367 1431 1403 Σοδόμων
1446 1365 1495 1392 καὶ
1508 1363 1662 1398 Γομόρρας,

1040 1407 1131 1452 Χολῆς
1141 1415 1275 1450 σταφυλὴ,
1296 1411 1409 1447 πικρίας
1424 1409 1532 1444 πλήρης
1547 1407 1655 1442 βότρυς,

1041 1462 1132 1499 Θυμδς
1145 1461 1298 1496 δρακόντων
1314 1456 1394 1488 οῐνος,
1415 1455 1453 1485 ἰὸς
1464 1452 1585 1479 ἀσπίδων

1043 1510 1080 1537 Οὐ
1101 1507 1278 1543 συμφορήσας
1293 1503 1449 1542 ὲσφράγισα
1461 1498 1550 1525 ταῦτά
1565 1504 1621 1532 μοι,

1044 1556 1099 1584 Καὶ
1114 1539 1203 1582 πανξᾷ
1221 1539 1312 1579 ⁷κεῖται
1329 1547 1376 1576 νῦν
1384 1539 1646 1582 Ατεθησαυρισμένα;

205 1661 232 1685 et
245 1658 352 1685 intuere
363 1658 466 1691 quanta
479 1653 536 1681 tuis
549 1651 665 1680 dederit.
679 1649 759 1677 Pater
772 1649 844 1679 dicet
858 1647 922 1675 illud
936 1647 995 1678 tibi,
1011 1647 1031 1676 C
1048 1649 1075 1672 et
1093 1642 1271 1671 inﬂammata,
1288 1642 1315 1666 et
1338 1641 1439 1664 terram
1459 1632 1609 1663 devoravit,
1635 1630 1795 1662 fiuctuStlue
1810 1631 1839 1668 et

1306 1689 1310 1691 ·
1401 1690 1405 1691 ν
1455 1682 1522 1691 Arn--
1541 1679 1567 1691 ³η-
1586 1684 1631 1691 ann
1653 1677 1707 1691 nim
1724 1680 1839 1691 ιυιιιηι-η.

206 1703 283 1732 senio
297 1702 464 1731 confectus:
482 1698 580 1727 Adami
595 1698 714 1733 primum
731 1700 761 1723 ut
776 1693 999 1723 disseminaverit

207 1750 288 1783 ﬁlios,
309 1748 434 1776 diviserit
458 1749 571 1782 gentes,
595 1747 623 1772 et
648 1742 781 1770 terminos
806 1739 998 1771 constituerit;

208 1782 405 1829 aliosquidem
422 1791 483 1819 aliis
495 1789 599 1824 angelis
611 1787 777 1823 prgsidibus
788 1807 795 1819 ,
810 1785 857 1813 sed
875 1784 933 1819 ipse
948 1782 1000 1810 sibi

208 1841 363 1878 portionem
384 1838 435 1868 soli
459 1836 579 1865 servavit
600 1834 711 1862 lsraelis
729 1831 898 1864 funiculum,
915 1829 1002 1857 Abra-

211 1876 315 1918 midum
329 1892 426 1922 genus.
437 1883 541 1912 Oculus
554 1881 605 1911 fuit
619 1880 737 1916 vigilans
751 1878 814 1906 illos
824 1876 1001 1908 custodiens;

212 1935 316 1963 fontem
331 1920 478 1959 dicentem
511 1927 620 1959 aridum
653 1924 791 1963 ostendit;
819 1920 1004 1951 circumduxit

213 1985 241 2009 et
260 1978 355 2008 statuit
370 1977 398 2006 in
416 1974 579 2006 custodiam,
594 1976 625 2007 u_t
642 1969 744 2006 aliquis
765 1967 914 1997 custodivit
930 1966 1010 1996 oculi.

214 2025 347 2062 pupillam
364 2033 372 2051 :
395 2026 426 2050 ut
448 2020 539 2056 aquila
556 2018 608 2048 alis
626 2015 756 2051 expansis
771 2013 922 2048 assumpsit
945 2019 1004 2044 eos,

215 2058 333 2107 tulitque
351 2077 434 2105 super
450 2074 551 2096 aureos
568 2065 709 2095 humeros,
729 2065 759 2088 ut
774 2059 864 2095 pullos
879 2058 982 2085 amavit
998 2065 1005 2083 :

217 2118 332 2147 adduxit
353 2123 401 2144 eos
427 2115 456 2142 in
478 2119 579 2141 terram
608 2110 708 2138 robore
735 2106 890 2135 refertam:
914 2103 1008 2131 multis

218 2163 340 2199 implevit
357 2161 465 2190 deliciis
479 2167 511 2187 os
525 2164 661 2186 amarum.
677 2154 774 2183 Oleum
790 2156 817 2180 et
834 2150 887 2179 mel
902 2158 917 2178 e
933 2154 1009 2186 petra

219 2211 329 2242 eduxit;
342 2210 472 2244 butyrum
489 2213 504 2233 e
517 2203 609 2232 vaccis
628 2203 740 2234 bonum,
756 2199 800 2226 lac
816 2206 831 2225 e
846 2195 1008 2233 pecudibus,

220 2266 253 2286 ex
269 2255 358 2292 agnis,
376 2242 508 2282 arietibus
522 2255 549 2279 et
568 2248 669 2278 teneris
681 2246 775 2275 vitulis
796 2244 913 2279 adipem.
938 2242 1009 2269 San-

221 2305 332 2340 guinem
350 2308 411 2328 uva:
424 2297 586 2332 iucundum,
607 2294 688 2322 tritici
704 2291 850 2320 medullam
872 2289 900 2316 in
915 2288 1007 2316 cibum

223 2334 394 2379 babuerunt.
419 2344 548 2373 omnibus
567 2341 656 2369 modis
676 2339 795 2368 deliciati
813 2341 886 2365 sunt.
906 2334 1009 2370 Impin-

224 2399 323 2432 guatus
347 2393 432 2421 Jacob
458 2390 575 2418 multum
591 2385 789 2417 recalcitravit,
806 2383 879 2411 velut
899 2381 1011 2417 quidam

226 2442 405 2471 incrassatus,
421 2437 553 2465 dilatatus
567 2437 594 2462 et
606 2433 741 2462 elevatus,
757 2434 787 2457 ut
802 2435 890 2463 equus
905 2426 1013 2454 fervens

227 2495 243 2515 ο
263 2486 319 2514 Deo
339 2490 453 2512 aversus
469 2486 522 2510 est.
541 2480 611 2508 Loca
630 2478 765 2512 abrupta,
783 2475 877 2502 fauces
891 2477 918 2500 et
934 2478 1014 2506 rupes

227 2532 339 2565 habuit;
357 2528 511 2558 immolavit
530 2526 642 2558 vilibus,
672 2523 746 2551 heul
770 2521 822 2550 diis
845 2523 872 2548 et
893 2517 1015 2547 recenti-

227 2579 281 2608 bus
292 2598 301 2610 ,
315 2576 369 2605 diis
387 2571 640 2608 contemptibilibus
659 2575 729 2604 quos
750 2572 891 2601 nunquam
917 2569 1017 2598 cogno-

229 2628 337 2654 verant.
353 2622 552 2655 Derelinquens
569 2624 634 2646 eum
650 2615 696 2650 qui
720 2619 746 2642 te
759 2613 855 2649 genuit
870 2615 899 2639 et
912 2610 1017 2638 salvum

230 2671 309 2704 fecit,
334 2670 400 2698 deos
425 2666 515 2695 fecisti
538 2664 587 2700 qui
613 2668 736 2691 errorem
756 2661 917 2695 genueram.
945 2655 1021 2684 Vidit

232 2716 391 2746 tremendus
406 2714 504 2742 oculus
521 2698 654 2739 etiratus
676 2710 718 2735 est
739 2705 835 2738 valde,
852 2704 947 2738 iraque
961 2698 1020 2737 pie-

234 2772 287 2792 nus
300 2763 370 2791 dixit
385 2771 392 2789 :
408 2761 478 2789 Ecce
496 2758 593 2787 faciem
606 2758 727 2784 avertam
740 2753 774 2780 ab
787 2751 831 2779 his
848 2750 896 2786 qui
909 2755 1020 2777 aversas

235 2808 338 2836 habent
356 2810 471 2834 mentes.
492 2803 565 2840 Ignis
587 2806 738 2830 succensus
760 2801 820 2830 est,
836 2796 877 2824 ira
894 2795 965 2822 elata
979 2797 1022 2822 est

1050 1691 1163 1725 abyssos
1184 1693 1273 1718 terrae,
1287 1689 1315 1712 et
1328 1690 1410 1711 omne
1425 1682 1524 1709 malum
1541 1679 1568 1705 iu
1585 1684 1633 1705 eos
1652 1677 1708 1703 cito
1724 1680 1839 1708 nougre-

1051 1736 1130 1771 gabo.
1148 1733 1263 1769 Omnem
1276 1729 1429 1759 exhausisti
1447 1727 1583 1762 pharetra
1601 1730 1669 1750 mea:
1691 1721 1838 1756 sagittam;

1052 1783 1124 1810 fame
1138 1778 1321 1815 consulueris,
1337 1782 1400 1803 esea
1413 1774 1504 1801 avium
1526 1771 1592 1802 eris,
1607 1775 1693 1804 genus
1715 1771 1841 1802 pravum,

1052 1829 1131 1864 plena
1146 1813 1252 1854 veneno
1275 1823 1384 1854 bellua,
1404 1818 1512 1847 acerbis
1533 1813 1734 1844 vulnerantium
1752 1815 1844 1837 vasta-

1054 1854 1127 1902 be‘ris
1147 1870 1255 1908 gladiis.
1271 1868 1377 1896 Mittam
1395 1866 1422 1893 in
1438 1871 1485 1892 eos
1504 1862 1608 1890 bestias
1621 1859 1760 1888 efferatas,
1779 1854 1846 1883 foris

1055 1925 1147 1949 enses,
1162 1917 1189 1944 in
1203 1913 1339 1944 cubiculis
1351 1916 1491 1942 terrores;
1508 1907 1644 1940 simulque
1656 1911 1719 1932 cum
1739 1901 1847 1936 virgine

1053 1965 1188 2000 juvenes,
1208 1968 1271 1988 cum
1298 1966 1364 1996 sene
1387 1958 1532 1984 lactentem
1559 1951 1703 1988 parvulum
1719 1953 1846 1976 vastave—

1058 1991 1132 2038 runt.
1150 1994 1395 2043 Dixi,Dispergam
1415 2006 1452 2034 te,
1475 1999 1621 2034 inglorium
1638 2000 1768 2025 statuam,
1793 1991 1848 2019 nisi

1058 2059 1170 2091 propter
1188 2053 1257 2080 iram
1279 2037 1386 2079 barbari
1401 2046 1564 2081 insipientes
1575 2047 1724 2078 etvtempus
1743 2037 1847 2074 produ-

1060 2107 1171 2132 centes,
1196 2105 1251 2125 non
1277 2100 1303 2124 te
1322 2091 1527 2123 destruxerint,
1547 2093 1575 2116 et
1601 2085 1710 2122 gloriati
1739 2084 1795 2111 sint
1822 2084 1852 2109 et

1061 2154 1159 2183 magna
1185 2144 1218 2172 de
1243 2150 1272 2171 se
1297 2139 1380 2169 locuti
1407 2137 1509 2166 fuerint
1536 2144 1543 2162 :
1571 2134 1672 2161 Nostra
1699 2131 1764 2158 fecit
1792 2129 1853 2156 haec

1061 2200 1170 2224 manus,
1189 2194 1217 2218 et
1229 2196 1282 2216 non
1298 2193 1397 2214 manus
1412 2182 1533 2214 Domini.
1547 2181 1621 2209 Gens
1637 2178 1711 2206 enim
1728 2175 1810 2203 stulta
1825 2178 1855 2201 et

1065 2244 1192 2275 perversa
1209 2240 1260 2263 est.
1281 2233 1313 2261 1n
1340 2235 1479 2271 posterum
1499 2232 1590 2256 autem
1613 2225 1674 2252 haec
1697 2223 1764 2250 lient
1787 2221 1855 2248 cito.

1067 2283 1211 2320 Quomodo
1233 2281 1306 2318 enim
1332 2269 1512 2313 persequetur
1537 2280 1609 2301 unus
1639 2270 1729 2302 mille,
1753 2272 1781 2296 et
1800 2268 1858 2294 duo

1023 2323 1049 2353 Β
1063 2306 1169 2359 tantum
1191 2306 1388 2365 «ιοεξῆζιηὶιιίιι
1413 2306 1569 2357 fligabutttl
1592 2317 1644 2345 nisi
1666 2316 1738 2343 Deus
1758 2306 1856 2355 vendi-

1064 2377 1149 2406 disset
1161 2381 1210 2403 eos
1221 2374 1248 2400 in
1267 2362 1426 2406 opprobria,
1443 2351 1472 2394 et
1485 2364 1614 2393 manibus
1635 2361 1795 2389 tradidisset
1810 2351 1858 2399 ad-

1064 2421 1259 2451 versariorum.
1274 2418 1316 2445 Dii
1326 2417 1399 2444 enim
1411 2421 1506 2442 eorum
1522 2419 1578 2439 non
1591 2410 1643 2438 soli
1661 2409 1716 2436 Deo
1727 2397 1857 2441 aquales.

1066 2468 1227 2504 lnsipientes
1244 2463 1394 2494 furebatis.
1411 2460 1508 2488 aliena:
1525 2462 1635 2493 gentes,
1657 2454 1758 2489 quibus
1781 2452 1860 2478 vinea

1067 2498 1130 2543 erat
1151 2512 1338 2540 Sodomorum
1356 2513 1384 2535 et
1399 2504 1572 2535 Gomorrhm,
1588 2508 1641 2529 uva
1662 2500 1744 2531 fellis,
1763 2498 1878 2524 botrus

1070 2558 1252 2589 amaritudine
1277 2556 1385 2591 plenus,
1412 2551 1447 2580 fel
1471 2552 1621 2579 draconum
1648 2547 1762 2576 vinum,
1780 2551 1862 2571 vene-

1070 2614 1134 2635 nmn
1156 2604 1291 2641 aspidum.
1319 2600 1416 2628 Nonne
1433 2603 1587 2632 congerens
1614 2594 1666 2621 ista
1690 2591 1757 2619 mihi
1785 2589 1861 2616 obsi-

1070 2652 1161 2688 gnavi,
1182 2655 1210 2679 et
1225 2648 1318 2677 omnia
1332 2650 1444 2675 exstant
1461 2650 1534 2671 nunc
1550 2637 1757 2670 thesaurizata?
1774 2635 1801 2662 in
1820 2634 1864 2660 die

1071 2685 1184 2726 ultionis
1209 2696 1269 2724 haec
1295 2693 1414 2722 solvent.
1438 2690 1559 2724 Tempus
1584 2692 1669 2722 prope
1693 2687 1745 2714 est,
1767 2685 1865 2708 acutus

1071 2748 1113 2772 est
1138 2742 1228 2774 ensis,
1256 2747 1351 2768 arcum
1373 2735 1494 2768 tetendi,
1523 2734 1551 2762 in
1572 2738 1657 2760 nervo
1684 2733 1727 2757 est
1753 2726 1863 2762 sagitta.

1072 2772 1282 2818 Judicabit-eos
1300 2784 1453 2816 Dominus,
1470 2786 1499 2810 et
1525 2779 1614 2809 servis
1636 2776 1748 2806 oculum
1772 2772 1866 2810 propi-

275 2899 297 2916 ὀ
313 2897 377 2933 Leg.
395 2896 492 2932 θυμός.
531 2893 550 2910 ¹¹
573 2892 618 2921 Sic
635 2897 727 2927 supra,
746 2888 794 2917 sed
808 2887 836 2916 in
853 2888 928 2915 textu
941 2884 1003 2920 λόγε

1060 2883 1077 2900 ί²
1089 2881 1153 2918 ch.
1171 2877 1372 2914 συντελεαθήσῃ
1389 2875 1518 2908 σπάθαις.
