2082 3157
235 177 285 210 991

245 238 287 264 Ἐν
303 236 395 272 ἡμέρᾳ
406 236 511 264 τίσουσι
524 235 609 263 ταῦτα
620 236 670 270 τῆς
685 236 774 271 δίκης.

243 282 272 309 '0
286 283 380 318 καιρὸς
395 284 489 317 ἐγγυς,
502 283 633 317 ἡκόνηται
651 283 682 309 ἰδ
695 280 779 316 ξίφος,

238 328 275 354 Τὸ
289 328 364 360 τόξον
378 328 518 360 ὲντέτακα,
534 329 565 363 τῇ
580 328 663 362 νευρῇ
679 328 767 363 βέλος.

239 375 334 409 Κρινεῖ
347 374 444 404 αὐτοὺς
459 373 571 408 Κύριος,
588 373 635 401 καὶ
648 375 703 406 τοῖς
719 374 831 410 λάτραι,

243 419 397 454 Ὀφθαλμὸν
413 419 478 454 ἡδὺν
492 418 607 452 ἐμϐαλεῖ
618 419 791 454 πεφρικόσιν.

238 463 300 496 Εἴδε,
312 465 365 500 γὰρ
377 465 486 496 αὐτοὺς,
500 465 623 496 ἐκτόπως
642 465 828 501 παρειμένους

242 509 480 545 Ἐξηπορημένους
494 518 523 536 τε
539 510 586 536 καὶ
602 510 760 541 λελοιπότας

241 555 325 587 Ἰδὼν,
338 555 454 590 ἔφησενσ
473 556 504 582 Οἱ
521 555 577 582 θεοὶ
592 556 643 582 ποῦ
659 557 707 582 καὶ
723 555 797 590 φίλοι

242 601 300 636 Ἐφ’
315 600 357 632 οἷς
376 601 519 637 ἐθάρρουν,
540 602 729 637 ἐξεκόμπαζον
751 602 841 637 μέγας

238 642 288 672 Ὧν
303 646 404 673 θυσιῶν
420 647 450 673 τὸ
470 647 562 681 στέαρ,
579 644 616 674 ὧν
633 647 738 674 σποδῶν
757 647 835 682 ῥύσιν

241 692 288 724 Εἰς
300 693 403 727 πλῆρες
419 691 492 728 εἶχον
511 693 560 728 ἡδὺ
575 693 674 729 βρῶμα
687 695 734 720 καὶ
751 695 828 729 πόμα
840 701 849 710 '

239 736 319 766 οὗτοι
335 739 472 773 γενέσθων
492 739 631 775 σύμμαχοι
644 740 692 766 καὶ
708 740 878 775 προστάται’

240 783 298 809 οὐκ
313 783 383 813 ἐστι.
396 785 494 817 γνῶτε,
511 784 579 819 πλὴν
592 784 660 818 ἐμοῦ
676 784 742 816 Θεὸς
763 786 857 820 μόνος·

240 829 296 855 Οὐκ
311 829 368 856 ἔστι
384 830 434 857 κᾶν
448 831 571 865 δράμητε
589 831 642 865 γῆν
653 839 682 857 τε
695 831 743 857 καὶ
757 831 850 858 πόλον.

244 875 315 909 Ἐγὼ
329 876 456 911 τελευτῆς
472 877 520 904 καὶ
532 878 616 912 πνοῆς
629 879 643 904 ό
654 878 754 911 ταμίας
768 885 775 892 ’

245 921 316 955 Ἐγὼ
332 922 463 949 πατάσσω
475 931 481 937 ·
500 923 644 958 φάρμακον
658 924 685 949 δὲ
705 924 870 958 τραυμάτων

245 967 316 1001 Ἐγὼ
331 968 425 1004 τίθημι
437 978 443 984 ·
456 969 497 1000 τίς
516 977 545 995 σε
558 969 655 1004 χειρῶν
670 968 755 1000 ἐξέλοι

245 1013 336 1047 Ἐμῶν
352 1014 510 1049 κρατουσῶν
527 1015 588 1050 γῆς,
605 1014 686 1040 πόλου
705 1015 752 1041 καὶ
765 1015 819 1040 τῶν
834 1014 909 1041 κάτω
922 1022 932 1048 ;

241 1058 315 1094 Αῐρω
329 1060 395 1093 πρὸς
414 1059 480 1093 ὕψος
493 1061 582 1095 χεῖρα,
597 1059 676 1086 τοῦτο
690 1060 712 1086 δ’
727 1060 836 1095 ὀμνύων
848 1072 851 1076 ι

241 1103 295 1136 Ζῶ,
312 1109 358 1131 και
373 1105 489 1139 χρονίζω
504 1107 629 1139 κρεῖττον
643 1105 751 1132 αἰώνων
765 1106 833 1132 ὅλων
843 1114 850 1121 ·

242 1150 302 1183 Ζωὴ
320 1151 348 1176 δὲ
361 1150 461 1185 μᾶλλον
477 1151 524 1177 καὶ
544 1151 613 1187 πνοὴ
627 1151 738 1178 πάντων
755 1152 832 1186 ἔφυν.
851 1163 853 1166 ι

248 1195 332 1231 Ἐμὴν
347 1197 482 1230 μάχαιραν
501 1197 645 1232 ἀστραπῆς
660 1197 728 1224 τιοῶ
745 1197 833 1232 φλόγα
845 1204 852 1212 ·

248 1240 400 1274 Ἀνθέξετ-ι
414 1242 442 1268 δὲ
459 1243 518 1277 χεὶρ
536 1242 589 1278 ἐμὴ
606 1244 657 1270 τῶν
674 1243 835 1279 χριμάτων*

243 1285 396 1317 Καταξανῶ
412 1287 522 1321 μάστιξι
538 1289 601 1320 τοὺς
614 1290 786 1321 ἀποστάτας·

243 1330 312 1364 Βέλη
329 1331 439 1365 μεθύσω
456 1332 512 1359 τῶν
525 1332 654 1368 βροτείων
674 1329 808 1369 αἱμάτων,

244 1379 299 1405 Καὶ
313 1379 362 1413 τὴν
377 1379 446 1415 ἐμὴν
462 1381 601 1416 μάχαιραν
613 1381 645 1408 ὲκ
662 1381 716 1409 τῶν
735 1381 882 1417 σωμάτων.

244 1423 323 1450 οὕτω
339 1426 578 1460 στρατηγήσαντος
593 1427 657 1460 ἄρτι
682 1427 786 1463 Κυρίου

245 1469 347 1504 Σκιρτᾷ
360 1471 409 1505 μὲν
421 1471 513 1507 αἰθὴρ,
526 1472 640 1506 οὐρανδς
653 1472 701 1499 σὺν
716 1473 854 1507 ἀγγέλοις,

246 1517 301 1544 Καὶ
316 1519 494 1552 προσκυνεῖτε
510 1519 532 1535 ¹³
545 1520 619 1546 πᾶσα
634 1519 671 1555 τῷ
685 1519 789 1555 κτίστῃ
805 1520 908 1552 κτίσις·

247 1563 342 1598 “liqu.
356 1564 469 1599 χάρητε,
483 1564 593 1600 κλῆρος,
608 1565 661 1591 υἱοὶ
676 1565 792 1600 Κυρίου.

529 1610 606 1645 ’ρξε’-
625 1610 686 1646 ᾭδὴ
705 1611 724 1637 Γ
725 1614 743 1638 ’-

248 1651 294 1684 Ὠς
315 1653 337 1669 ⁸⁵
348 1654 521 1691 ἀκρατὺνοην
539 1657 634 1691 Κυρίῳ
645 1656 695 1692 τὴν
708 1656 833 1692 καρδίαν,

248 1724 316 1752 tium
337 1724 462 1752 immittet
479 1725 667 1752 trementibus.
686 1726 758 1753 Vidit
772 1727 845 1753 enim
860 1734 908 1754 eos
925 1727 1036 1754 insolite

249 1769 423 1801 debilitatos;
437 1770 596 1804 desperatos
609 1775 637 1798 et
647 1771 805 1799 delicientes
818 1780 934 1800 cernens
946 1773 1015 1800 dixit
1030 1782 1036 1800 :

251 1813 301 1840 Ubi
326 1818 390 1841 sunt
415 1814 453 1841 dii
479 1819 506 1842 et
535 1815 616 1843 amici
640 1816 667 1843 in
685 1816 784 1851 quibus
801 1817 989 1850 confidebant,
1012 1821 1039 1844 et

250 1864 356 1886 tantum
378 1861 590 1895 superbieliant?
614 1869 731 1896 quorum
759 1863 955 1890 sacrificiorum
978 1863 1038 1890 adi-

253 1913 325 1940 pem,
337 1915 453 1942 qumum
465 1907 624 1935 libationum
637 1909 730 1936 vinum
745 1909 771 1936 in
784 1910 893 1944 plenum
907 1909 1040 1944 etjucun-

252 1952 318 1980 dum
335 1953 470 1980 habebant
485 1954 574 1981 cibum
590 1959 618 1982 et
629 1959 734 1989 potum.
750 1955 829 1982 Fiant
844 1955 882 1983 illi
893 1956 1039 1983 auxiliato-

252 2006 297 2026 res
308 2004 335 2025 et
350 2003 535 2033 protectores;
550 2007 603 2027 non
616 2005 667 2034 est,
681 2001 790 2034 scitote,
802 2005 900 2036 praeter
916 2009 958 2029 me
969 2001 1040 2029 Deus

251 2045 336 2078 alius;
354 2053 407 2072 non
425 2050 478 2079 est,
495 2047 545 2073 etsi
563 2048 755 2081 percurreritis
771 2052 871 2075 terram
888 2052 916 2076 et
925 2048 1037 2076 caelum.

253 2091 308 2127 Ego
316 2094 411 2120 mortis
423 2097 450 2120 et
459 2093 521 2120 vitae
531 2093 705 2128 dispensator
715 2101 782 2129 ;ego
795 2094 937 2129 percutio;
952 2102 1041 2122 reme-

251 2139 326 2165 dimn
340 2144 430 2166 autem
444 2140 586 2167 vulnerum
603 2148 653 2175 ego
667 2147 747 2174 pono.
759 2140 826 2173 Quis
842 2145 866 2168 te
882 2148 897 2168 e
913 2141 1041 2167 manibus

253 2186 322 2212 meis
346 2191 424 2213 eruet
450 2190 563 2217 terram,
579 2186 679 2213 cmlum
701 2191 728 2213 et
750 2185 854 2214 inferos
878 2186 1041 2213 continenti-

253 2231 323 2258 bus?
340 2230 448 2258 Levabo
463 2231 489 2257 in
505 2231 589 2258 altum
606 2238 729 2263 manum,
742 2231 808 2259 illud
824 2231 922 2265 jurans
938 2241 944 2259 :
962 2231 1040 2264 Vivo,

252 2281 280 2304 et
301 2277 369 2303 dum
393 2277 481 2311 magis
501 2285 582 2311 quam
603 2284 699 2305 omnes
718 2278 903 2310 mternitates;
921 2278 975 2305 vita
993 2286 1042 2305 au-

254 2328 306 2350 tem
320 2324 409 2357 potius
422 2328 447 2350 et
460 2324 551 2350 anima
562 2323 685 2350 omnium
698 2324 811 2351 exsisto.
820 2324 908 2352 Meum
921 2325 1038 2360 gladium

254 2373 284 2395 ut
299 2369 434 2396 ﬂammam
451 2368 567 2403 fulguris
581 2376 691 2403 ponam,
707 2369 817 2404 arripiet
837 2358 931 2398 autem
942 2379 1039 2398 manus
1053 2358 1079 2389 D

255 2422 315 2441 mea
337 2414 448 2447 indicia,
467 2414 623 2442 dilacerabo
642 2414 755 2449 ﬂagellis
776 2415 901 2448 rebelles,
925 2416 1039 2451 sagittas

255 2461 398 2488 inebriabo
422 2461 575 2488 mortalium
594 2461 742 2496 sanguine.
766 2466 793 2488 et
808 2462 926 2496 gladium
950 2471 1040 2490 meum

256 2507 394 2534 carnibus.
409 2505 447 2533 Ita
463 2506 579 2534 bellante
593 2507 673 2534 modo
692 2506 816 2540 Domino,
830 2507 914 2535 aether
931 2508 1040 2543 quidem

256 2551 418 2583 exsultat,et
431 2551 528 2579 malum
545 2559 606 2579 cum
622 2552 726 2587 angelis
744 2561 751 2580 :
768 2558 796 2580 et
811 2552 932 2584 adorate.
949 2561 1044 2581 omnes

257 2602 400 2630 creaturae,
419 2597 594 2631 Creatorem;
613 2603 717 2634 gentes,
738 2598 895 2631 hatreditas,
915 2599 962 2626 lilii
990 2599 1044 2627 Do-

257 2644 335 2677 mini,
352 2644 476 2679 gaudete.

504 2690 565 2718 165.
584 2690 725 2718 Canticum
745 2691 790 2718 Ill.

292 2735 381 2769 Quam
411 2735 546 2762 firmatum
571 2740 614 2763 est
638 2737 664 2763 in
690 2736 806 2764 Domino
823 2744 870 2765 cor
895 2743 1003 2769 meum,
1020 2741 1047 2764 et

261 2783 412 2814 exaltatum
437 2787 478 2810 est
494 2789 579 2809 cornu
601 2790 692 2810 meum
720 2783 747 2810 in
765 2782 837 2814 Dea.
854 2788 881 2811 et
902 2783 1045 2811 dilatatam

260 2832 346 2856 estos
358 2836 446 2855 meum
464 2833 490 2856 et
505 2834 599 2856 contra
619 2828 745 2856 inimicos
761 2829 919 2864 praevaluit!
933 2828 992 2856 Non
1006 2833 1048 2856 est

303 2885 326 2902 "
341 2885 404 2921 [ης.
427 2886 480 2915 vid.
497 2887 702 2923 προσκυνεῖται.
743 2887 765 2904 ¹⁸
782 2887 810 2916 In
829 2895 912 2923 marg.
935 2888 1035 2919 Ἄννας
1055 2886 1184 2922 Σαμουὴλ
1198 2886 1301 2922 μητρὸς
1311 2885 1497 2922 ὶὺχαριστίας.

865 178 1022 210 JOAN—NIS
1041 179 1258 212 GEOMETRIE
1287 171 1289 173 ’

1038 239 1061 267 Α
1077 239 1167 274 Ἦρθη
1187 239 1273 275 κέρας
1287 247 1338 274 μου
1352 238 1390 274 τῷ
1400 238 1471 275 Θεῷ.
1484 238 1532 265 καὶ
1545 238 1576 265 τὸ
1591 237 1679 273 στόμα

1811 184 1867 213 992

1082 285 1292 320 Ἐξεπλατύνθη,
1309 285 1356 312 καὶ
1369 286 1430 312 κατ’
1443 285 1548 320 ἐχθρῶν
1565 285 1662 320 ἰσχύει.

1076 332 1133 358 Οὐκ
1145 330 1218 357 ἔστιν
1234 331 1320 362 οὐδεὶς
1333 331 1434 364 Κύριος
1449 329 1520 364 πλὴν
1537 329 1584 356 σοῦ
1599 330 1696 364 μόνου·

1076 374 1186 406 Δίκαιος
1203 374 1302 407 οὐδεὶς,
1317 375 1356 406 ὼς
1369 373 1401 400 σύ
1417 382 1462 408 μοι
1480 374 1547 405 Θεὸς
1563 374 1653 409 μόνος.

1076 418 1159 445 Ταῦτ’
1174 416 1220 446 οὖν
1234 419 1363 454 ὁρῶντες,
1376 419 1440 449 τοὺς
1455 418 1650 453 ὑπερκόμπους
1665 417 1763 452 λόγους

1082 463 1246 491 Ἐκκλινέτω
1256 465 1321 496 πᾶς,
1335 464 1402 500 μηδὲ
1418 463 1531 500 χειλέων
1543 464 1616 500 πρόῃ
1628 465 1662 497 η,

1077 510 1148 544 Μηδ¹
1160 510 1241 544 ὄγκον
1252 510 1315 546 ἄρῃ,
1331 510 1368 545 μὴ
1385 510 1478 545 φρεσὶ,
1498 509 1535 544 μὴ
1547 509 1656 545 καρδξᾳ.

1077 555 1144 588 Θεὸς
1157 556 1212 590 γὰρ
1228 552 1305 586 οὗτος
1321 555 1448 589 γνώσεων
1461 555 1474 582 ό
1491 554 1642 589 Δεσπότης,

1077 601 1177 636 Τέχναι
1191 601 1213 628 δ’
1228 601 1333 635 ἕτοιμοι
1348 601 1386 636 τῷ
1401 601 1556 636 τεχνουργῷ
1570 600 1626 627 τῶν
1638 600 1719 628 ὅλων.

1078 647 1161 680 Τόξον
1175 647 1314 683 κραταιῶν
1327 647 1477 682 ἠσθένησεν
1495 647 1534 678 εἰς
1549 646 1626 678 τέλος
1636 655 1644 663 ·

1079 691 1110 718 οι
1125 691 1140 718 δ
1163 690 1341 723 ἀσθενοῦντες
1355 691 1519 723 ζωννύονται
1536 691 1566 718 τδ
1581 691 1692 726 κράτος.

1079 737 1173 764 Τίκτει
1194 736 1244 772 μὲν
1257 737 1328 764 έπτὰ
1344 737 1432 764 κοιλία
1454 738 1631 774 στειρουμένη
1645 744 1652 752 ·

1080 783 1165 818 Ἄλλη
1177 783 1199 810 δ’
1213 783 1336 816 ἄτεκνος,
1348 785 1364 818 ὴ
1382 785 1447 819 πρὶν
1457 784 1670 820 εὐτεκνουμένη.

1079 830 1214 857 Πεινῶσιν
1231 830 1331 865 ἄρτων,
1345 831 1369 857 οι
1383 830 1448 864 πρὶν
1464 830 1697 866 ἐμπεπλησμένοι.

1080 877 1231 908 Πεινῶντες
1246 878 1269 903 οἱ
1285 878 1361 912 πρὶν.
1375 878 1428 913 γῆν
1442 877 1570 912 παρῆκαν
1590 879 1623 904 ὲκ
1640 878 1733 914 κόρου.

1044 911 1065 939 Β
1080 923 1145 953 Θεὸς
1161 923 1277 958 χορηγὸς
1291 911 1337 949 καὶ
1349 911 1537 958 τελευτῆςνκαὶ
1548 924 1632 958 πνοῆς
1646 933 1654 941 ·

1081 968 1178 995 Βάλλει
1193 968 1253 994 καθ’
1269 968 1345 1004 ᾅδου.
1361 969 1429 1004 προς
1449 969 1479 996 τὸ
1493 970 1552 1003 φῶς
1565 969 1640 997 ἕλκει
1651 971 1752 998 πάλιν*

1087 1013 1175 1048 ’Υψοϊ.
1189 1016 1321 1045 ταπεινοῖ,
1337 1015 1476 1050 πτωχῐσας
1489 1017 1536 1042 καὶ
1549 1016 1697 1049 πλουτίσας
1707 1024 1714 1031 ·

1081 1060 1205 1095 Πένητας
1216 1061 1248 1087 ὲκ
1262 1061 1312 1095 γῆς
1331 1061 1458 1097 ἐξανιστᾷ
1474 1062 1592 1096 κοπρίας
1602 1070 1610 1078 ”

1083 1105 1211 1140 Πτωχοὺς
1223 1105 1335 1140 ἐγείρει,
1352 1106 1489 1138 κυκλικῶς
1503 1106 1591 1133 πάντα
1606 1108 1733 1142 στρέφει·

1082 1150 1193 1186 Θρόνοις
1207 1151 1345 1177 δυναστῶν
1361 1152 1502 1185 ὲγκαθίζει
1520 1153 1584 1184 τοὺς
1597 1154 1673 1180 κάτω
1685 1161 1693 1169 ·

1083 1197 1173 1232 Εὐχάς
1183 1205 1212 1223 τε
1224 1196 1324 1232 πληροῖ
1339 1197 1385 1223 καὶ
1398 1197 1512 1225 δικαίων
1524 1199 1587 1231 τοὺς
1603 1200 1718 1235 χρόνους

1088 1243 1255 1277 Ἐπευλογεῖ,
1267 1243 1373 1269 δίδωσιν
1387 1243 1543 1279 εὐετηρίαν.

1089 1289 1210 1325 ’ἰσχυρὸς
1227 1289 1296 1324 ἀνὴρ
1310 1289 1360 1316 οὐκ
1372 1289 1492 1324 ἐνισχύει
1506 1290 1594 1317 σθένει
1605 1298 1614 1309 ι

1083 1336 1151 1367 Θεὸς
1164 1336 1193 1362 δὲ
1202 1335 1297 1363 τούτου
1311 1338 1449 1372 συμπατεῐ
1460 1336 1506 1364 τὸν
1521 1337 1667 1372 ὲνστάτην.

1084 1382 1186 1416 Μηδεὶς
1199 1382 1280 1418 φρεσὶ
1291 1381 1356 1415 γοῦν
1371 1382 1438 1417 μηδὲ
1455 1382 1562 1418 πλούτῳ
1577 1383 1615 1418 μὴ
1630 1383 1685 1419 βίᾳ,

1085 1427 1179 1462 Σοφός,
1197 1428 1339 1463 κραταιὸς,
1355 1427 1494 1461 πλούσιος,
1509 1428 1612 1456 σθένων
1625 1429 1708 1464 μέγα,

1085 1474 1164 1507 Μέγα
1176 1473 1314 1509 φρονείτω
1323 1481 1329 1488 ·
1346 1473 1434 1500 πάντα
1450 1475 1502 1509 ῥεῖ,
1516 1475 1606 1502 πάντα
1619 1475 1748 1511 στρέφει·

1085 1518 1169 1550 Φόὸος
1185 1518 1263 1551 Θεοῦ,
1276 1518 1384 1553 βέϐαιον
1400 1519 1429 1545 ἓν
1443 1519 1494 1554 βίῳ
1512 1520 1593 1554 μόνον
1606 1528 1613 1536 ·

1061 1585 1069 1596 ,
1087 1564 1143 1598 Τῆς
1158 1564 1258 1599 ἀρετῆς
1272 1564 1289 1599 ἡ
1304 1565 1400 1599 κτῆσις
1412 1565 1442 1590 οὐ
1458 1564 1570 1600 θνήσκει
1584 1566 1673 1601 χρόνῳ

1089 1609 1136 1639 Εἰς
1148 1609 1280 1643 οὐρανοὺς
1292 1608 1391 1643 ἀνῆλθε
1407 1609 1521 1645 Κύριος,
1538 1609 1637 1646 βροντᾷ
1653 1611 1735 1646 μέγα,

1095 1655 1141 1688 Ἐξ
1154 1655 1267 1690 ὑστέρου
1282 1654 1333 1690 γῆς
1347 1655 1419 1690 ἄκρα
1432 1656 1520 1691 κρήνη
1533 1656 1582 1683 σὺν
1593 1656 1666 1692 δίκῃ.

1088 1726 1163 1754 ullus
1186 1725 1317 1754 Dominus
1343 1730 1442 1762 praeter
1463 1730 1489 1754 te
1505 1726 1604 1758 solum,
1623 1726 1715 1753 nullus
1728 1727 1829 1760 justus,
1851 1731 1880 1754 ut

1089 1777 1116 1800 tu
1137 1773 1203 1800 milii
1221 1772 1297 1800 solus
1312 1772 1395 1799 Deus.
1411 1771 1473 1799 Πίος
1487 1772 1571 1807 igitur
1593 1777 1747 1805 cernentes,
1763 1773 1880 1808 quisque

1089 1819 1223 1854 gloriosos
1246 1826 1387 1846 sermones
1406 1819 1488 1846 evitet
1506 1826 1596 1853 neque
1616 1826 1631 1846 e
1651 1818 1732 1846 labiis
1759 1819 1879 1851 educat,

1091 1872 1178 1900 neque
1195 1864 1305 1892 inﬂetur
1321 1868 1413 1890 mente
1431 1871 1520 1898 neque
1534 1864 1627 1891 corde.
1648 1863 1721 1891 Deus
1742 1864 1814 1891 enim
1830 1863 1882 1891 iste

1090 1911 1266 1939 scientiarum
1282 1909 1414 1937 Dominus
1424 1914 1483 1941 est;
1499 1914 1572 1937 artes
1586 1914 1676 1937 autem
1690 1910 1881 1937 universorum

1090 1957 1188 1984 artifici
1206 1961 1270 1984 sunt
1295 1963 1406 1991 parala‘.
1427 1955 1528 1983 Arcum
1552 1955 1664 1983 fortium
1680 1955 1830 1983 debilitavit
1853 1955 1881 1982 in

1091 2004 1189 2035 linem,
1218 2001 1318 2029 infirmi
1345 2006 1435 2028 autem
1463 2002 1643 2036 accinguntur
1668 2001 1776 2029 robore.
1806 2001 1881 2029 Parit

1091 2049 1202 2085 quidem
1220 2053 1325 2083 septem
1342 2052 1437 2076 venter
1463 2048 1583 2079 sterilis.
1607 2048 1692 2075 altera
1713 2052 1803 2075 autem
1822 2048 1881 2074 sine

1092 2095 1203 2127 liberis,
1229 2101 1291 2128 quas
1317 2094 1392 2128 prius
1408 2093 1509 2120 multos
1525 2093 1666 2120 habuerat.
1693 2092 1795 2120 Panem
1815 2100 1881 2119 esu-

1093 2141 1166 2168 riunt
1191 2140 1238 2175 qui
1266 2139 1342 2175 prius
1364 2139 1466 2173 impleti
1494 2142 1588 2171 erant;
1613 2138 1660 2173 qui
1686 2144 1776 2165 autem
1806 2138 1882 2173 prius

1091 2183 1256 2214 esuriebant.
1277 2187 1377 2210 terram
1395 2190 1449 2217 prae
1466 2183 1590 2210 satietate
1613 2183 1792 2218 reliquerunt.
1811 2183 1882 2211 Deus

1092 2236 1192 2263 praeses
1213 2233 1255 2255 est
1275 2227 1371 2255 mortis
1384 2231 1412 2254 et
1425 2227 1496 2258 vitae,
1516 2227 1548 2254 ad
1571 2226 1675 2254 inferos
1690 2227 1777 2258 ducit,
1792 2231 1820 2253 et
1834 2226 1885 2253 ite-

1093 2282 1154 2303 rum
1167 2274 1200 2301 ad
1220 2274 1308 2301 lucem
1322 2273 1429 2307 educit;
1446 2273 1560 2304 exaltat,
1581 2272 1716 2305 humiliat,
1736 2280 1882 2307 pauperem

1095 2320 1159 2348 facit
1186 2324 1214 2347 et
1238 2319 1317 2347 ditat.
1341 2319 1462 2354 Egenum
1487 2326 1503 2346 e
1526 2318 1655 2346 sordibus
1678 2323 1757 2345 teme
1784 2318 1883 2349 elevat.

1093 2373 1226 2401 pauperes
1255 2365 1386 2397 suscitat,
1404 2364 1552 2399 omniaque
1579 2364 1606 2391 in
1632 2363 1765 2391 circulum
1787 2370 1885 2398 gyrare

1093 2412 1167 2440 facit.
1187 2411 1343 2445 Principum
1367 2411 1473 2437 thronis
1493 2410 1611 2438 collocat
1626 2409 1764 2443 deiectos;
1791 2415 1885 2442 preces

1092 2457 1204 2486 exaudit
1233 2461 1261 2484 et
1285 2456 1422 2491 iustorum
1449 2460 1572 2491 tempora
1601 2455 1754 2487 benedicit,
1785 2459 1813 2480 et
1839 2454 1886 2481 dat

1093 2504 1312 2539 prosperitatem.
1331 2502 1376 2529 Vir
1394 2502 1525 2530 robustus
1538 2510 1593 2529 non
1612 2501 1639 2528 in
1655 2499 1816 2528 fortitudine
1839 2507 1885 2526 ro-

1095 2550 1220 2582 boratur;
1240 2549 1311 2576 Deus
1328 2553 1418 2576 autem
1434 2549 1508 2576 illius
1521 2547 1713 2575 adversarium
1727 2546 1885 2574 conculcat.

1094 2596 1180 2624 Nemo
1199 2597 1281 2632 igitur
1297 2601 1397 2629 mente,
1419 2597 1534 2629 divitiis,
1555 2603 1607 2623 nec
1625 2595 1743 2627 viribus,
1765 2595 1887 2629 sapiens,

1097 2648 1203 2680 potens,
1229 2643 1315 2676 dives,
1334 2643 1448 2670 multum
1471 2642 1588 2677 pollens,
1607 2641 1765 2676 superbiat;
1796 2639 1890 2666 omnia

1097 2691 1200 2722 ﬂuunt,
1219 2690 1309 2717 omnia
1329 2694 1479 2717 mutantur.
1498 2688 1592 2716 Timor
1608 2688 1654 2715 Dei
1677 2688 1753 2715 solus
1769 2691 1811 2714 est
1827 2686 1890 2712 vitze

1099 2735 1229 2767 flrmitas;
1260 2735 1369 2762 virtutis
1387 2734 1524 2769 possessio
1547 2741 1601 2760 non
1622 2738 1746 2766 tempore
1766 2730 1890 2758 absumi.

1099 2787 1152 2809 tur.
1172 2782 1200 2808 In
1219 2782 1317 2809 uelum
1345 2781 1470 2809 ascendit
1494 2780 1637 2811 Dominus,
1658 2778 1773 2805 multum
1795 2780 1889 2809 tonat;

1086 2835 1131 2855 sex
1149 2828 1279 2855 extremis
1300 2832 1379 2854 terrae
1395 2833 1522 2853 summus
1538 2825 1600 2853 fons
1620 2832 1684 2852 cum
1707 2823 1824 2855 ultione,
1846 2822 1892 2850 ille

1544 2885 1566 2901 ”
1584 2884 1639 2912 Sic.
