2082 3157
180 218 266 253 Οὗτος
281 221 394 256 παρέξει
408 222 465 254 τοίς
477 223 610 258 κρατοῦσι
626 223 656 250 τὺ
670 223 781 259 κράτος.

181 267 275 303 Κέρας
286 267 315 294 δὲ
330 268 450 303 χριστῶν
462 268 578 304 οὐρανοῦ
596 269 673 305 θήσει
690 271 782 306 μέχρι.

181 323 254 358 ρξς’.
273 323 335 359 ᾨδὴ
350 323 387 352 Δ’.
399 337 434 344 -
448 325 505 352 Τοῦ
519 326 675 354 Δεσπότου
694 325 850 361 σάρκωσιν
868 327 974 359 Ἀμϐα-

501 361 577 395 κοὺμ
590 361 661 395 ἔφη.

176 415 276 450 Φήμης
296 423 329 450 με
345 416 395 450 τῆς
411 417 461 452 σῆς
478 416 552 452 ἔσχε,
573 417 670 453 Κύριε,
687 418 789 454 τρόμος
800 425 808 433 ·

181 461 291 494 Ἔργων
302 460 331 487 δὲ
346 461 401 488 τῶν
413 461 468 489 σῶν
489 461 594 498 θάμϐος
610 463 741 499 ὲξέστησέ
761 471 812 499 με·

185 505 230 537 Ὦς
241 506 362 539 γνωστὸς
376 508 444 542 ἡμῖν
459 508 488 534 έν
502 508 562 535 δυσὶ
575 509 659 541 (coal;
673 508 725 546 ἔσῃ
734 517 741 524 ·

186 551 231 582 Ὠς
243 551 366 587 ἐκφανὴς
378 552 408 579 δὲ
419 553 474 580 τῶν
489 550 593 589 χρόνων
607 554 651 581 ἐπ’
663 556 786 590 ἐσχάτων
800 563 808 572 ·

180 596 278 632 Καιρῷ
289 597 317 623 δὲ
331 598 450 633 λάμψεις
465 599 512 625 καὶ
527 599 604 634 φόσῳ
619 601 785 637 πεφρικότος

179 642 278 670 Οἴκτου
292 643 325 670 σὺ
339 644 430 681 μνήσῃ
447 645 493 672 καὶ
505 647 686 684 καταστείλῃς
699 647 757 681 δέος
769 656 778 664 ·

184 688 230 719 '0,-
245 688 396 724 ὲξανίσχεις
409 690 462 726 γῆς
478 691 548 726 ἑῴας
564 693 719 728 φωσφόρος,

179 733 256 760 Λέων
271 734 420 772 καθώσπερ
433 736 463 769 ἐξ
477 737 558 773 ὅρους
570 739 732 767 κατασκίου.

180 780 234 814 Σῆς
251 780 352 816 ἀρετῆς
367 781 485 818 ἱκρυψεν
501 784 633 819 οὐρανοὺς
650 785 752 818 πλάτος
767 794 774 802 ·

181 825 304 867 Ἔπλησε
319 827 398 863 δόξης
413 829 464 864 τὴν
478 829 544 865 ὅλην
556 831 731 867 οἰκουμένην,

180 869 218 898 Οὗ
237 872 338 907 φέγγος
349 873 386 905 ὡς
404 875 472 909 φῶς,
490 878 585 911 χερσὶν
602 878 692 913 ἰσχύος
707 879 802 913 κέρας,

178 918 323 953 Φίλκτρον,
339 921 482 957 κραταιὸν,
495 922 583 955 οἶκτος
600 924 651 950 οὐκ
664 924 733 960 ἔχων
747 925 834 960 πέρας
846 934 854 943 ·

179 959 217 990 Οὖ
233 965 286 1000 πρὸ
299 966 456 1001 προσώπων
470 969 669 1004 ἑκπορεύσεται
684 969 764 1004 φόνος
776 979 784 987 ·

181 1010 346 1049 Παιδευτικὴ
363 1014 496 1050 μάχαιρα,
515 1016 642 1051 δίστομον
655 1016 740 1052 ξίφος.

181 1055 293 1092 Ἐστης,
311 1058 426 1094 ἐπείσθη
444 1060 465 1076 ¹⁶
483 1060 566 1095 χθὼν,
587 1062 703 1095 ὲπείδες,
717 1063 831 1098 τήκεται

180 1102 265 1138 Ἕθνη
284 1106 404 1139 κραταιά
416 1114 422 1121 ·
440 1108 473 1142 τῇ
487 1107 532 1143 βίᾳ
547 1108 678 1144 διεθρύδη

182 1148 263 1184 Ὀρη,
281 1151 388 1186 πετρῶν
403 1162 432 1179 τε
449 1153 601 1190 σκληρότης
616 1154 759 1190 διερῤἀγη.

181 1193 238 1225 Πᾶς
249 1195 367 1231 ἐπτοήθη
385 1198 509 1234 Μαδιάμ,
526 1200 580 1231 πᾶς
595 1200 703 1234 Αἰθίοψ.

181 1240 251 1267 Καθ’
268 1241 372 1269 ὑδάτων
392 1244 526 1277 στείλειας
541 1246 636 1281 ὀργήν.
652 1247 698 1283 Μὴ
713 1247 789 1282 σύγε,

181 1285 271 1321 Θυμδς
286 1287 314 1314 δὲ
327 1289 384 1320 τοῖς
398 1290 490 1325 ῥέουσι
505 1291 543 1327 μὴ
560 1292 606 1323 σὸς
620 1293 747 1327 ἐμπέσοι,

180 1331 251 1366 Μηδ¹
270 1332 299 1359 έν
311 1333 431 1370 θαλάσσῃ
450 1336 484 1371 σὴ
497 1337 685 1373 παρόρμησις,
697 1339 795 1367 Μέδον.

182 1377 270 1413 Ἐὄης
279 1379 322 1413 ἐφ’
336 1380 446 1414 ἵππους,
463 1382 568 1418 ίππάσῃ
583 1384 722 1419 σωτηρίαν
731 1392 739 1400 ⁸

180 1423 273 1456 Τενεῖς
291 1425 322 1451 τὸ
333 1427 419 1458 τόξον,
433 1428 478 1455 καὶ
494 1429 565 1456 κατὰ
582 1431 733 1466 σκήπτρων
748 1431 854 1466 βαλεῖς·

184 1467 349 1505 Ῥαγήσεται
363 1472 398 1508 γῆ
419 1474 548 1507 ναμάτων
560 1475 724 1510 άειρρύτων.

185 1514 255 1561 itm;
267 1516 375 1544 ἐπέλθοι
391 1520 448 1550 τοϊς
464 1519 593 1554 βλέπουσι
609 1521 658 1557 σὴν
673 1521 753 1561 χάριν
763 1530 770 1538 ’

179 1559 235 1587 Καὶ
249 1564 428 1599 συνταράξεις
446 1565 550 1593 ὑδάτων
564 1566 613 1598 τὰς
625 1559 794 1604 πλημμύρας
805 1575 812 1584 ·

177 1605 270 1642 Φωνὴν
282 1607 401 1643 ἄϐυσσος
416 1608 494 1646 ἦρεν,
513 1611 607 1647 ὑψώθη
619 1612 691 1648 μέγα
700 1620 708 1627 ·

177 1677 316 1711 praestabit
351 1678 525 1708 vincentibus
563 1681 729 1716 imperium,
755 1689 842 1710 cornu
876 1686 968 1711 autem

177 1722 343 1751 christorutn
358 1733 444 1760 usque
457 1727 491 1754 ad
508 1727 607 1755 omium
624 1729 744 1756 extollet.

177 1778 240 1806 166.
260 1779 402 1810 Canticum
422 1783 466 1811 iV.
485 1799 519 1804 —
546 1784 653 1812 Domini
675 1786 885 1814 incarnationem
907 1786 968 1814 Ha-

466 1819 547 1846 bacuc
566 1821 682 1848 nuntiat.

215 1861 347 1895 Domine,
369 1863 516 1892 auditionis
543 1869 595 1892 tum
614 1869 717 1893 tremor
740 1873 783 1893 me
803 1865 966 1901 occupavit;

176 1913 290 1941 operum
308 1912 399 1936 autem
417 1914 526 1938 tuorum
549 1915 645 1946 stupor
660 1919 703 1938 tne
719 1911 819 1944 affecit,
835 1912 899 1946 quia
915 1918 968 1938 no-

177 1956 221 1980 tus
241 1953 320 1981 nobis
335 1954 362 1981 in
381 1955 489 1982 duobus
512 1956 575 1984 vitis
595 1956 648 1983 eris
664 1975 672 1987 ,
694 1956 758 1990 quia
787 1955 922 1983 videberis
939 1955 968 1982 in

177 1999 348 2033 temporibus
369 2001 538 2029 novissimis.
561 2002 696 2036 Tempore
722 2006 813 2029 autem
838 2001 966 2036 fulgebis,

176 2047 204 2069 et
218 2043 316 2071 timore
330 2047 472 2073 trementis
486 2045 578 2073 ﬂetum
595 2046 785 2073 recordaberis
796 2049 823 2073 et
839 2046 965 2072 timorem

177 2088 296 2122 eximes;
323 2091 388 2125 quia
414 2091 547 2119 attolleris
561 2099 645 2127 super
669 2095 772 2118 terram
798 2091 911 2119 orientis
937 2095 968 2118 ut

177 2134 235 2167 sol,
255 2141 283 2162 et
299 2140 429 2170 tanquam
459 2137 500 2165 leo
523 2145 557 2165 cx
578 2137 709 2164 umbroso
726 2141 829 2164 monte.
850 2135 967 2164 Virtutis

177 2184 230 2206 tua:
248 2180 421 2209 immensitas
437 2181 522 2209 caelos
540 2182 696 2214 occultavit,
713 2186 777 2209 tuus
791 2181 920 2218 splendor
937 2185 967 2209 ut

176 2226 234 2260 lux,
254 2227 281 2254 in
300 2228 425 2256 manibus
443 2228 551 2256 roboris
565 2235 663 2261 cornu,
682 2228 845 2264 pretiosum,
857 2232 964 2263 potens,

176 2273 364 2301 misericordia
386 2281 439 2301 non
461 2275 565 2303 habens
592 2274 721 2307 limitem;
748 2280 821 2302 luam
845 2279 909 2301 ante
925 2274 965 2301 fa-

839 169 1011 204 CARMINA
1026 172 1152 204 VARIA.

987 232 1010 259 Α
1032 229 1062 257 '0
1077 230 1166 265 φωτὸς
1182 230 1274 267 ἄρχων
1289 232 1328 265 ὡς
1339 233 1515 269 παρίππευσε
1529 235 1620 262 κάτω·

1761 182 1817 215 994

1030 275 1115 312 Ἕστη
1131 277 1201 312 πρὸς
1215 278 1303 313 αὐγὰς
1316 279 1332 314 ἡ
1349 279 1446 316 σελήνη
1467 280 1514 307 τοῦ
1527 281 1621 309 πόλου.

1027 322 1065 357 Σὴ
1077 322 1124 350 καὶ
1140 323 1214 358 βολὶς
1232 324 1302 359 φῶς,
1317 325 1462 362 ἀστραπῆς
1473 327 1502 353 δὲ
1519 327 1575 362 πῦρ
1591 327 1673 354 ὁπλον
1685 335 1693 343 ·

1026 367 1082 403 Γῆν
1097 368 1244 404 ὲξερημοῖς
1255 371 1316 402 σαῖς
1330 371 1465 404 ἀπειλαῖς,
1481 372 1520 408 σῷ
1535 373 1606 408 χόλῳ

1027 412 1113 449 Ἕθνη
1130 414 1263 447 κατάξαις
1275 414 1381 451 «mea;
1396 418 1436 450 εὶς
1451 419 1588 454 σωτηρίαν

1025 459 1098 486 Λαοῦ
1111 468 1142 486 τε
1153 460 1201 487 τοῦ
1216 460 1263 487 σοῦ
1275 461 1330 488 τῶν
1344 471 1373 488 τε
1388 463 1429 489 σοὶ
1445 465 1635 499 κεχρισμένων
1648 473 1656 481 ·

1024 503 1138 536 Βάλλεις
1149 504 1210 532 κατ’
1224 506 1330 541 ἐχθρῶν
1345 507 1568 543 δυσμενεστάτων
1586 510 1679 546 μόρον.

1024 551 1141 586 Δεσμοῖς
1158 552 1322 587 τραχήλους,
1343 554 1498 589 συντριϐεις
1509 556 1572 588 τοὺς
1587 556 1706 591 αὐχένας
1717 565 1724 572 ·

1024 596 1118 633 Κέρας
1131 598 1272 626 δυναστῶν
1287 598 1432 634 ὲκτέμνεις
1449 600 1478 626 ὲν
1492 600 1621 628 ἐκστάσει
1632 610 1640 617 ·

1024 643 1080 670 Καὶ
1092 644 1203 679 σεισμὸς
1217 645 1316 676 αὐτοὺς
1328 645 1443 681 λήψεται
1455 646 1505 681 τῆς
1517 646 1639 681 καρδίας.

1023 689 1175 716 Χαυνοῦσιν
1188 687 1232 717 οἷα
1250 691 1357 726 πτωχὸς
1368 691 1466 718 ἐσθίων
1485 692 1573 726 λάορα
1590 699 1598 707 ‘

1024 735 1141 768 Ἵππους
1152 736 1181 763 δὲ
1192 736 1256 768 τοὺς
1270 737 1334 769 σοὺς
1344 737 1486 773 εὐδρομεῖν
1500 739 1563 765 καθ’
1576 739 1680 766 ὑδάτων

1023 781 1150 814 Δέδωκας
1162 782 1246 818 ὑγρὸν
1261 783 1495 819 συνταράττοντας
1511 784 1601 816 κύτος.

1023 827 1221 863 Κατεπλάγην,
1234 829 1344 864 ἔφριξα,
1358 830 1405 856 καὶ
1417 830 1583 865 συνεστάλην
1593 839 1601 846 ο

1025 870 1074 904 Οἷς
1090 872 1231 909 θεσπιῳδῶ
1247 875 1294 901 καὶ
1309 874 1340 901 τὸ
1355 875 1452 911 μέλλον
1468 875 1615 911 προὸλέπω
1627 883 1634 891 ·

987 910 1009 938 Β
1025 919 1155 955 Εἰσῆλθεν
1171 920 1261 946 αὐτῶν
1277 920 1374 956 μέχρις
1387 920 1488 947 ὀστέων
1502 921 1603 956 τρόμος
1613 930 1619 937 ·

1024 964 1228 1000 Συνεκλονήθην
1240 965 1287 991 καὶ
1302 964 1384 1000 βάθος
1399 965 1450 1000 τῆς
1465 965 1566 1000 ἰσχύος.

1023 1010 1187 1045 Χμρήσομαι
1199 1010 1231 1037 τὸ
1249 1010 1370 1045 πνεῦμα,
1389 1010 1478 1046 καιρῷ
1492 1011 1547 1038 τῶν
1562 1011 1651 1039 πόνων

1023 1055 1071 1087 Εἰς
1081 1055 1145 1082 λαὸν
1161 1055 1230 1083 ἔλθω
1243 1057 1293 1091 τῆς
1307 1057 1377 1091 ἐμῆς
1393 1057 1549 1092 παροικίας.

1023 1100 1063 1127 Δι’
1073 1097 1111 1127 ὧν
1122 1102 1192 1137 συκῆ
1207 1101 1321 1135 γλυκεῖα
1335 1102 1434 1138 καρπῷ
1450 1102 1487 1137 μὴ
1505 1102 1605 1137 βρίσει,

1022 1146 1093 1181 Μηδ*
1110 1147 1257 1182 εὐφορήσει
1273 1147 1372 1183 βότρυς
1389 1149 1418 1174 ἐν
1434 1150 1495 1180 ταῖς
1510 1149 1659 1183 ἀμπέλοις·

1022 1191 1219 1228 Ψευσθήσομαι
1232 1192 1261 1219 δὲ
1274 1193 1333 1224 ταῖς
1346 1193 1451 1225 ἐλαίαις
1467 1193 1659 1229 προσϐλέπων,

1023 1238 1077 1264 Καὶ
1088 1238 1139 1272 τῆς
1154 1239 1274 1274 ἀρούρας
1289 1239 1391 1274 βρῶσις
1407 1240 1436 1266 οὐ
1450 1239 1550 1274 πλήσει
1563 1240 1669 1275 στόμα·

1024 1283 1079 1310 Καὶ
1091 1283 1258 1319 θρεμμάτων
1271 1284 1302 1311 τὸ
1314 1284 1416 1320 πλῆθος
1428 1284 1570 1312 ὲκλέλοιπέ
1586 1293 1631 1320 μοι

1021 1328 1102 1364 Λιμῷ
1116 1329 1265 1363 τακέντων,
1276 1330 1324 1357 καὶ
1334 1329 1404 1365 βοῶν
1417 1330 1482 1366 κενὴ
1495 1333 1598 1367 φάτνη·

1027 1374 1105 1410 Ἐμοὶ
1119 1374 1148 1402 δὲ
1162 1375 1226 1408 δόξα
1238 1375 1341 1412 Κύριος
1356 1376 1439 1412 χαρὰ,
1455 1376 1561 1409 σθένος,

1020 1420 1068 1450 Εἰς
1086 1420 1241 1455 συντέλειαν
1254 1421 1308 1448 τῶν
1320 1422 1409 1448 καλῶν
1422 1422 1527 1449 τάττων
1540 1422 1634 1456 πόδας,

1020 1465 1112 1498 Τιθεὶς
1123 1467 1192 1502 πρὸς
1205 1466 1273 1502 ὕψος
1285 1467 1355 1494 ὥστε
1369 1468 1447 1503 νικᾷν
1460 1468 1490 1495 έν
1504 1467 1592 1503 μέλει.

1021 1542 1087 1579 ρξε’.
1096 1543 1157 1579 ᾯδὴ
1171 1542 1247 1571 E'.—
1254 1543 1380 1572 Ἠσαῖου
1389 1544 1568 1580 πρόῤῥησις,
1577 1545 1654 1582 εὐχή
1661 1546 1694 1574 τὸ
1702 1549 1808 1577 πλέον.

980 1610 1004 1639 C
1026 1612 1075 1639 Ἐκ
1088 1610 1185 1643 νυκτὸς
1200 1610 1288 1647 αὐγὴν
1299 1611 1354 1638 εἶδε
1369 1610 1419 1646 σὴν
1430 1611 1461 1638 τὸ
1472 1611 1582 1647 πνεῦμά
1597 1621 1648 1649 μου
1658 1621 1667 1630 ·

1019 1681 1102 1714 tavit;
1122 1681 1195 1708 stetit
1215 1682 1247 1708 ad
1264 1681 1437 1716 splendorem
1453 1683 1513 1717 ejus
1532 1682 1595 1710 luna
1611 1682 1685 1710 coeli.
1703 1682 1809 1719 Sagitta

1018 1731 1065 1755 tua
1086 1726 1143 1759 lux.
1164 1731 1191 1754 et
1207 1725 1324 1762 fulguris
1347 1728 1416 1763 ignis
1433 1728 1528 1756 telum.
1551 1727 1665 1755 Terram
1683 1728 1810 1760 devastcs

1019 1773 1102 1801 minis
1119 1772 1182 1805 tuis.
1197 1773 1238 1800 ira
1253 1777 1298 1801 tua
1312 1779 1406 1809 gentes
1422 1774 1563 1809 percellas,
1579 1773 1676 1801 venisti
1692 1774 1718 1800 in
1731 1774 1809 1801 salu-

1019 1822 1072 1846 tem
1098 1818 1191 1854 populi
1222 1819 1262 1846 tui
1293 1822 1322 1846 ct
1349 1818 1516 1846 christorum
1541 1823 1681 1850 .tuorum;
1713 1823 1808 1846 contra

1018 1862 1146 1891 inimicos
1166 1863 1301 1898 pessimos
1331 1868 1448 1890 mortem
1474 1863 1583 1896 misisti,
1613 1864 1683 1891 colla
1710 1865 1808 1897 vincis,

1018 1907 1138 1935 conteris
1155 1908 1289 1940 cervices,
1306 1908 1395 1943 capita
1413 1909 1567 1943 potentium
1591 1916 1699 1936 reseca;
1723 1910 1750 1936 in
1764 1909 1808 1936 l'u-

1017 1961 1097 1987 rore;
1115 1958 1142 1980 et
1162 1954 1254 1981 cordis
1275 1954 1421 1988 trepidatio
1438 1954 1500 1981 illos
1522 1955 1678 1989 occupabit.
1703 1954 1806 1990 Super-

1017 1999 1097 2027 biunt
1122 2003 1153 2026 ut
1174 2007 1276 2035 pauper
1296 2000 1323 2026 in
1351 2000 1514 2027 abscondito
1534 2000 1690 2027 comedens.
1717 2001 1808 2034 Equos

1019 2050 1110 2072 autem
1126 2048 1188 2072 tuos
1201 2052 1314 2072 currere
1329 2049 1423 2072 contra
1438 2052 1524 2079 aquas
1539 2045 1644 2079 jltssisti
1665 2045 1807 2073 humidum

1017 2087 1209 2123 perturbantes
1232 2089 1350 2116 alveum.
1367 2088 1519 2116 Percussus
1540 2096 1612 2121 sum,
1638 2090 1804 2122 contremui,

1017 2138 1044 2161 et
1061 2134 1203 2169 obstupui,
1225 2141 1287 2161 cum
1308 2135 1422 2162 oraculo
1445 2134 1568 2162 futurum
1593 2135 1739 2169 praevideo.
1761 2135 1807 2163 ln-

1018 2187 1128 2216 gressus
1148 2185 1191 2208 est
1214 2188 1301 2216 usque
1325 2181 1358 2208 ad
1383 2188 1446 2208 ossa
1468 2181 1525 2215 ipsa
1549 2185 1662 2214 tremor,
1688 2181 1808 2216 agitatus

1018 2235 1079 2256 sum
1100 2227 1198 2256 robore
1223 2228 1250 2255 in
1273 2228 1339 2256 imo.
1357 2228 1481 2256 Laetabor
1503 2227 1620 2262 spiritu,
1642 2227 1669 2254 in
1686 2231 1808 2262 tempore

1018 2273 1143 2301 laborum
1156 2273 1264 2301 intrabo
1278 2274 1304 2300 in
1321 2274 1450 2309 populum
1463 2281 1529 2300 meae
1546 2273 1731 2301 habitationis.
1743 2272 1807 2300 ideo

177 2320 246 2346 ciem
269 2319 319 2347 ibit
343 2327 417 2348 mors
440 2322 580 2356 castigans
604 2321 727 2356 gladius,
755 2320 853 2355 duplex
877 2320 965 2348 ensis.
983 2329 1005 2357 ι)
1019 2319 1086 2347 ﬂcus
1103 2320 1195 2347 suavis
1211 2319 1299 2348 fructu
1319 2327 1372 2346 non
1389 2319 1588 2352 incurvabitur,
1610 2327 1698 2354 neque
1720 2319 1809 2346 abun-

178 2364 302 2398 Stetisti,
331 2366 452 2394 obcdivit
478 2371 570 2399 terra;
598 2366 749 2402 aspexisti,
779 2366 968 2394 dissolvuntur

177 2416 269 2446 gentes
283 2417 418 2446 potentes.
435 2412 493 2441 Tua
509 2413 534 2440 vi
548 2413 658 2441 contriti
672 2417 736 2441 sunt
751 2416 869 2445 montes,
886 2419 968 2439 saxo-

178 2466 239 2485 ium
253 2460 388 2493 asperitas
401 2459 537 2494 perfracta
551 2464 603 2487 est.
614 2459 709 2497 Omnis
721 2458 864 2494 obstupuit
876 2457 966 2492 Moab,

176 2504 266 2532 omnis
282 2503 422 2540 .‘Ethiops.
437 2505 538 2533 Contra
554 2513 641 2540 aquas
655 2505 723 2532 iram
743 2504 858 2537 misisti;
873 2511 907 2532 ne
926 2509 965 2537 tu,

178 2557 227 2577 nec
254 2550 330 2578 furor
348 2556 412 2579 tuus
427 2552 453 2578 in
475 2551 587 2578 ﬂumina
616 2551 713 2582 irruat,
730 2559 819 2586 neque
840 2550 868 2577 in
891 2557 966 2578 mare

177 2595 328 2630 indignatio
347 2601 404 2629 tua,
423 2605 439 2624 ο
451 2605 509 2624 rex.
528 2596 619 2631 Equos
634 2596 829 2630 conscendisti,
846 2595 964 2623 salutem

176 2640 323 2668 advexisti.
342 2641 450 2669 Tendes
477 2649 589 2674 arcum,
612 2645 638 2668 et
655 2645 749 2668 contra
767 2646 875 2675 sceptra
898 2639 966 2667 diri-

179 2694 242 2722 ges;
256 2688 395 2715 scindetur
407 2693 478 2716 terra
492 2688 580 2715 ﬂuviis
589 2695 697 2722 semper
710 2687 869 2714 ﬂuentibus.
884 2685 967 2712 Dolor

179 2733 291 2761 invadat
309 2735 360 2761 bos
376 2735 421 2769 qui
440 2735 555 2770 gratiam
579 2739 654 2760 tuam
676 2732 788 2766 vident;
810 2736 837 2759 et
854 2737 967 2758 conlur-

178 2779 257 2807 babis
268 2788 401 2815 aquarum
416 2781 532 2808 ﬂuxum.
550 2780 649 2807 Vocem
668 2779 742 2806 dedit
758 2779 884 2814 aliyssus,
901 2777 970 2804 mul-

180 2828 237 2852 tum
257 2825 359 2853 elevata
376 2831 438 2860 est;
457 2827 502 2854 ubi
519 2827 588 2854 lucis
605 2825 733 2860 princeps
748 2824 876 2852 deorsum
893 2823 970 2858 equi-

180 2884 203 2901 “
217 2885 283 2915 Fors
309 2886 425 2922 ἐπείσθη,

1018 2367 1095 2395 dabit
1111 2367 1204 2396 botrus
1224 2367 1251 2394 in
1268 2367 1356 2395 vineis
1370 2374 1377 2399 ;
1394 2367 1519 2402 decipiar
1537 2367 1624 2394 clivos
1647 2366 1806 2401 inspiciens,

1017 2418 1045 2440 et
1069 2420 1198 2440 arvorum
1224 2420 1286 2441 esca
1313 2420 1366 2440 non
1391 2420 1423 2440 os
1450 2412 1591 2447 implebit;
1621 2417 1649 2440 et
1672 2413 1807 2447 pecudum

1019 2459 1165 2487 multitudo
1193 2459 1285 2486 deﬁcit
1312 2459 1379 2486 mihi
1411 2458 1481 2486 fame
1507 2462 1750 2493 consumptarum,
1780 2461 1808 2485 et

1018 2505 1101 2533 boum
1122 2512 1241 2540 prtesepe
1257 2512 1385 2532 vacuum.
1407 2504 1472 2531 Mihi
1489 2509 1578 2531 autem
1596 2503 1728 2531 Dominus
1747 2503 1807 2538 glo-

1018 2551 1070 2583 ria,
1094 2550 1242 2586 gaudium,
1268 2551 1364 2583 robur,
1395 2551 1422 2577 in
1453 2549 1645 2584 perfectionem
1673 2550 1806 2575 bonorum

1020 2597 1102 2632 pedes
1127 2597 1292 2632 disponens,
1323 2596 1349 2624 in
1377 2595 1542 2624 sublimibus
1572 2599 1695 2622 statuens
1715 2595 1751 2620 ita
1778 2596 1807 2620 ut

1019 2644 1125 2670 vincant
1142 2644 1167 2670 in
1182 2644 1320 2671 cantibus.

1021 2723 1083 2750 167.
1099 2723 1243 2751 Canticum
1264 2722 1295 2750 ν.
1313 2737 1347 2743 -
1370 2721 1451 2749 Isaia:
1465 2720 1620 2762 prophetia,
1645 2723 1669 2746 et
1691 2718 1807 2751 plerum-

1331 2766 1378 2792 quc
1399 2763 1496 2784 oratio.

1058 2824 1078 2851 Ε
1097 2829 1176 2852 nocte
1201 2824 1374 2859 Splendoxcm
1400 2829 1476 2852 tuum
1499 2823 1564 2857 \jidit
1584 2822 1696 2858 spiritus
1719 2828 1807 2851 incus.
