2082 3157
276 153 330 187 895

276 213 336 243 φῶς
353 211 407 246 γὰρ
420 210 502 245 νόμος
521 209 565 240 σὸς
577 209 633 240 τοῖς
647 205 810 241 ἐφημέροις,
828 204 909 238 Λὸγε.

278 258 308 284 οἱ
319 257 371 292 γῆς
387 257 497 287 ἔνοικοι,
513 254 600 288 γνῶτε
614 254 664 288 τὴν
676 252 738 286 ἴσην
755 251 844 285 κρίσιν
857 257 866 265 ⁸

266 302 351 336 ἓίὀοῦ
368 303 455 337 πέρας
474 302 528 336 γὰρ
547 300 609 334 ἔσχε
626 299 682 325 τῶν
698 298 883 332 τολμημάτων

269 344 337 380 ¹Πᾶς
349 347 493 381 δυσσεσὴς,
513 346 542 377 ὃς
553 347 583 371 οὐ
595 343 752 371 διδάσκεται
764 342 866 377 κρίσιν,

281 395 344 422 Οὐδ’
360 393 441 429 ὀρθὸν
454 390 524 419 οἶδεν
536 391 617 426 ἔργον
632 392 660 417 ἐν
671 391 707 425 γῇ
726 389 773 416 καὶ
789 388 877 422 λόγον.

282 438 426 474 Ἤστραψε
443 437 572 473 Χριστὸς,
587 435 721 471 δυσσεϐὴς
741 435 795 466 πᾶς
811 433 932 469 ἐρρέτω·

285 486 330 516 Ὧς
347 485 459 519 αίσχρὸν
477 483 555 518 ὄμμα
567 482 646 515 δόξαν
661 481 746 517 ἁγνὴν
762 481 812 507 οὐκ
824 481 878 516 ἴδῃ.

286 529 332 562 Ὣς
344 529 378 567 ἦν
393 531 524 566 κραταιὸς
538 529 583 559 σδς
598 528 730 564 βραχίων,
745 527 847 563 Χριστέ
863 534 915 560 μου
926 533 932 540 ·

282 576 338 602 Καὶ
354 575 448 602 τοῦτον
460 575 511 601 οὐκ
527 574 640 610 ᾔδεισαν
653 574 679 600 οἱ
693 572 841 607 τολμητίαι
853 579 860 586 ·

282 621 357 654 Πλὴν
372 621 483 655 γνόντες
495 620 656 654 οἰμώζουσι,
669 619 718 646 καὶ
736 620 785 645 σὺν
800 617 917 652 αἰσχύνῃ

283 666 369 700 Ζῆλος
379 666 489 699 καθέξει
504 665 567 691 λαὸν
581 664 765 700 ἠγριωμένον.

283 711 340 737 Καὶ
352 711 466 745 λήψεται
478 710 533 746 πῦρ
544 710 582 741 ὡς
592 709 697 745 τροφὴν
713 709 862 739 ἐναντίους.

287 757 336 788 Ὂς
354 757 409 783 πᾶν
427 756 509 783 καλὸν
525 756 657 789 δέδωκας,
673 757 786 790 εἰρήνην
798 754 880 786 δίδου,

285 802 335 828 Σὺν
347 802 472 837 πλάσμα,
484 802 624 836 ῐῐλάστης,
638 801 840 834 έξαναπλάσαις
854 801 936 834 τάχος
945 808 952 815 ·

286 846 344 872 Οὒκ
357 846 435 881 ἴσμεν
448 846 532 873 ’ἄλλον
552 847 623 881 πλὴν
640 847 721 881 μόνου
738 845 785 872 σοῦ
800 845 952 880 Δεσπότην.

291 890 335 922 Ὦς
349 891 381 917 οὑ
394 892 476 918 πάλιν
492 891 656 918 πνεύσουσιν
672 892 697 918 oi
709 891 885 927 τεθνηκότες,

285 936 347 962 Οὐδ’
366 937 455 967 ἰατροὶ
474 937 591 964 σώσουσι
607 938 722 972 νεκροὺς
737 939 770 964 ὲκ
789 938 876 971 τάφου
892 956 898 964 .

292 981 365 1008 ’Λνο’
379 980 417 1008 ὧν
433 982 555 1016 ἐπάξεις,
571 983 786 1019 ἐξολοθρεύσεις,
798 984 868 1018 ἄρης

285 1027 344 1054 Πᾶν
360 1027 444 1064 ἄρσεν
461 1029 552 1055 αὐτῶν
565 1029 599 1062 ",
617 1029 666 1056 καὶ
681 1029 810 1062 κατάξεις
825 1030 865 1061 είς
882 1028 978 1064 τάφον.

285 1073 349 1105 Τοῖς
367 1075 419 1109 γῆς
430 1075 571 1110 κραταιοῖς
585 1075 661 1103 δεινά
676 1075 808 1110 πρόσθες,
821 1076 925 1111 Χριστέ
944 1083 1007 1110 μου,

287 1119 361 1154 Πρὸς
377 1120 407 1146 σὲ
418 1120 565 1155 βλέπουσιν
580 1122 603 1148 oi
623 1121 699 1157 φόὸῳ
716 1122 883 1157 πεφρικότες
895 1130 903 1138 ·

288 1166 453 1202 Παιδευτικὴ
471 1166 506 1202 σὴ
523 1167 622 1202 ῥάϐδος
636 1168 677 1200 είς
694 1167 792 1204 μικρὸν
809 1167 878 1199 δέος.

287 1211 439 1239 Τίκτουσαν
457 1212 552 1247 ὥσπερ
565 1213 644 1249 ἔσχεν
662 1213 729 1245 ὠδὶς
747 1214 794 1241 καὶ
809 1214 903 1249 μόγος,

287 1257 392 1292 Δριμύς
407 1267 448 1290 τις
466 1258 529 1291 ὀξὺς
544 1259 673 1295 ῥήγνυσι,
691 1260 740 1296 βοᾷ
758 1260 840 1296 μέγα.

289 1303 346 1330 Καὶ
362 1303 396 1338 σὴ
411 1304 530 1339 κατέστη
549 1306 631 1340 μοῖρα
642 1306 869 1341 τοιουτοτρόπως,

289 1348 342 1374 Τὸν
360 1349 406 1376 σὸν
420 1350 502 1383 φόϐον
518 1349 632 1386 συνέσχε
647 1351 748 1386 γαστρὶ
762 1351 885 1386 καρδίας,

290 1394 392 1428 Ὠδινε,
405 1395 491 1422 τίκτει
512 1396 621 1432 πνεῦμα
638 1397 687 1432 τῆς
705 1398 852 1433 σωτηρίας.

289 1439 360 1475 οὺδὴ
373 1442 499 1468 πεσεῖται
515 1442 569 1474 πᾶς
581 1451 624 1475 τις
639 1443 653 1469 ὁ
670 1442 778 1477 βλέπων
795 1443 862 1475 ἄνω,

289 1486 322 1512 Oi
338 1488 374 1522 γῇ
390 1487 537 1514 πεσοῦνται
552 1488 616 1524 τῇδε
630 1489 860 1525 προστετηκότες,

290 1532 558 1569 Πνεύσουσινεκροὶ,
574 1534 621 1560 καὶ
635 1531 759 1562 παλαιῶν
776 1534 927 1570 μνημάτων

913 146 1072 178 JOANNIS
1088 142 1302 176 ΟΕΟΜΕΤΒᾸΞ

1084 208 1108 234 Λ
1125 203 1274 238 Οῑκήτορες
1290 200 1427 236 λείψουσιν
1439 198 1543 235 ἅλμασι
1562 198 1653 230 λίθους
1665 206 1674 215 ’

1857 141 1915 174 996

1125 249 1319 284 Πλησοήσεται
1335 247 1364 274 δὲ
1378 246 1520 282 χαρμονῆς
1536 247 1612 273 πᾶσα
1627 245 1728 276 κτίσις.

1126 296 1210 329 Ἴαμα
1227 295 1295 322 πᾶσι
1307 294 1364 325 τοῖς
1380 293 1485 328 βροτοῖς
1498 293 1514 328 ή
1529 292 1564 328 σὴ
1577 292 1673 328 δρόσος
1685 299 1694 308 ·

1124 341 1201 376 Μόνη
1214 341 1340 367 πεσεῖται
1354 339 1496 366 δυσσεσῶν
1509 338 1647 365 κατοικία.

1127 398 1195 434 ρξη’.
1217 397 1278 434 ’ῼδὴ
1295 398 1340 431 (τ’.
1353 412 1390 418 -
1415 397 1467 423 Ἐκ
1480 396 1578 459 ξᾶιὲἑξς
1599 394 1789 429 ἐκραύγασεν
1822 393 1920 426 Ἰωνᾶς

1480 440 1563 458 τασε.

1126 479 1199 515 ῐΙρδς
1217 479 1320 516 Κύριον
1334 478 1460 514 κέκραγα
1471 477 1616 513 συσχεθεὶς
1635 476 1728 508 πόνοις

1127 525 1261 556 Κάκεῖνος
1276 524 1422 559 είσήκουσε
1435 523 1483 550 καὶ
1498 522 1595 557 φθάνει
1612 522 1705 556 τάχος.

1130 571 1251 597 Ἤκουσε
1268 570 1396 606 κραυγῆς
1410 569 1515 600 κοιλίας
1534 569 1566 595 ἐκ
1579 568 1728 603 ταρτάρου.

1132 617 1229 653 Ῥίψας
1249 616 1389 652 θαλάσσης
1405 616 1444 647 είς
1457 614 1527 650 βάθη
1549 623 1583 649 με
1597 614 1713 648 καρδίας

1127 663 1233 690 Κυκλοῖ
1244 663 1391 697 ποταμοῖς,
1407 661 1514 689 ὑδάτων
1528 660 1631 696 πλῆθος
1646 660 1715 695 χέει,

1135 709 1308 744 Ἱκνούμενόν
1322 717 1372 744 μου
1391 707 1549 743 πνεύματος
1568 707 1615 734 καὶ
1630 706 1762 742 καρδίας·

1134 754 1218 790 Ἐμοῦ
1232 754 1326 789 διῆλθε
1340 754 1429 781 πάντα
1446 753 1499 780 τῶν
1512 752 1568 779 σῶν
1579 752 1712 787 κυμάτων
1725 759 1732 766 ·

1129 801 1218 836 Ἐφην
1231 801 1375 836 άπῶσμαι,
1391 799 1494 836 Χριστέ
1514 808 1575 834 μου,
1591 798 1645 825 σῶν
1659 798 1792 834 ὀμμάτων
1803 805 1812 814 ο

1128 847 1223 881 ’Ὑδωρ
1238 846 1369 882 κατέρῤει
1379 846 1428 880 τῆς
1441 845 1511 880 ἐμῆς
1524 845 1615 880 ψυχῆς
1636 844 1717 880 μέχρι
1728 853 1736 860 ·

1083 882 1115 911 ’Β
1132 892 1267 924 Ἀὁυσσος
1281 892 1382 927 ἐσχάτη
1400 900 1433 926 με
1446 891 1540 918 κυκλοῖ
1555 890 1602 917 τὸν
1613 891 1708 918 τάλαν.

1130 940 1265 974 Σχισματς
1280 938 1389 974 πετρῶν
1407 938 1489 965 έδυσα
1505 939 1553 964 καὶ
1567 938 1620 973 γῆς
1639 937 1781 973 πυθμένας

1132 984 1252 1018 ᾯκησα,
1271 983 1386 1018 μοχλοὺς
1401 980 1472 1009 εἶδον
1486 983 1643 1018 ἀρρήκτους
1655 983 1748 1011 πάλαι.

1137 1029 1209 1055 Ἀλλ’
1226 1030 1258 1055 ὲκ
1271 1028 1376 1063 φθορᾶς
1391 1028 1475 1063 φῶςή
1491 1028 1547 1063 ζωή
1563 1037 1615 1063 μου
1627 1027 1763 1063 βλεψάτω,

1132 1074 1166 1101 Σὲ
1181 1074 1232 1108 τὴν
1244 1073 1374 1108 γλυκεῖαν
1386 1073 1441 1100 τῶν
1452 1072 1580 1107 ὁρώντων
1591 1073 1710 1108 ἡμέραν,

1137 1120 1181 1151 Ὠς
1197 1120 1323 1146 ὲκπνέειν
1334 1119 1458 1154 ἔμελλον,
1474 1119 1512 1150 ὡς
1523 1119 1614 1146 λιπεῖν
1626 1118 1695 1154 βίον.

1138 1164 1347 1201 Ἀνετετερὼθην
1358 1164 1407 1192 νῦν
1421 1163 1512 1200 λαχὼν
1529 1165 1574 1191 τὸν
1591 1165 1746 1200 Δεσπότηνο

1139 1212 1209 1248 Ἐμὴ
1221 1210 1360 1248 προσευχὴ
1372 1211 1442 1246 πρὸς
1458 1210 1554 1246 θρόνον
1568 1210 1614 1238 τὸν
1629 1211 1676 1238 σὺν
1689 1211 1797 1247 δράμοι,

1133 1259 1189 1286 Καὶ
1202 1259 1258 1289 σοῖς
1269 1258 1415 1292 ἀχράντοις
1426 1256 1508 1289 εὐθὺς
1528 1257 1595 1284 ὠσὶν
1610 1258 1736 1292 ἐμπέσοι.

1135 1304 1267 1339 Ἔλειψαν
1278 1304 1316 1336 ὡς
1327 1304 1414 1330 ῐλαιον
1431 1303 1522 1330 αὐτῶν
1535 1303 1561 1330 οἱ
1577 1303 1667 1339 μάτην

1133 1350 1285 1382 Δαλοῦντες
1300 1350 1317 1385 ἢ
1328 1349 1492 1385 φρονοῦντες
1504 1350 1529 1376 oi
1545 1349 1659 1385 πλήρεις
1675 1350 1784 1385 φθόνου,

1140 1396 1211 1430 Ἐγὼ
1222 1395 1250 1422 δὲ
1265 1395 1340 1422 θύσω
1353 1395 1443 1428 δόξαν,
1458 1393 1533 1422 αἶνον
1549 1395 1675 1430 χειλέων,

1135 1441 1237 1476 Δάκρυ,
1254 1440 1419 1476 προσευχὴν,
1436 1440 1585 1475 συντριῦὴν
1599 1440 1650 1475 τῆς
1661 1440 1793 1476 καρδίας·

1134 1487 1191 1513 Καὶ
1207 1486 1295 1512 πάντα
1308 1485 1387 1512 δώσω
1402 1485 1499 1512 θᾶττον
1511 1485 1549 1518 ὡς
1561 1486 1731 1521 ὑπεσχόμην,

1135 1533 1181 1560 Σοὶ
1197 1532 1308 1569 σῶστρα
1319 1532 1401 1560 τίνων
1411 1532 1451 1568 τῷ
1465 1532 1613 1567 κρατοῦντι
1624 1532 1679 1559 τῶν
1694 1532 1772 1561 ὅλων.

290 1618 339 1646 lux
355 1619 428 1647 enim
448 1620 492 1647 lex
515 1625 561 1648 tua
586 1621 762 1654 mortalibus,
783 1621 917 1649 Verbum.
936 1621 1026 1648 Terrae
1041 1620 1082 1648 in-
1096 1622 1118 1651 α
1135 1625 1196 1648 rent
1222 1621 1348 1649 saltando
1376 1620 1492 1656 lapides.
1519 1620 1681 1656 Implebitur
1718 1628 1809 1651 autem
1835 1624 1927 1654 laetitia

291 1664 368 1697 colae,
386 1666 544 1700 cognoscite
562 1666 668 1701 justum
682 1665 830 1700 judicium.
847 1663 1007 1695 Ecce'enim
1026 1657 1080 1695 itcr-

292 1710 398 1736 minum
424 1711 521 1738 habuit
540 1710 694 1739 facinorum
712 1713 803 1740 Omnis
825 1713 942 1748 impius,
961 1713 1008 1748 qui
1029 1705 1082 1741 nion

293 1755 376 1782 discit
388 1755 537 1790 justitiam,
555 1765 643 1792 neque
664 1762 768 1786 rectum
790 1760 866 1786 novit
882 1760 909 1786 in
925 1762 998 1786 terra
1016 1756 1085 1794 opus

295 1804 323 1828 et
348 1803 472 1829 verbum.
498 1801 659 1838 Fulguravit
690 1800 834 1837 Christus,
862 1805 964 1840 impius
994 1806 1085 1832 omnis

295 1846 392 1880 abeat;
410 1852 440 1874 ut
454 1847 542 1882 turpis
555 1849 651 1877 oculus
672 1849 787 1885 gloriam
803 1858 900 1886 puram
917 1858 971 1878 non
984 1850 1084 1878 videat.

294 1893 363 1920 Cum
392 1898 452 1921 erat
478 1895 598 1922 validum
614 1895 756 1924 brachium
769 1901 856 1930 tuum,
872 1896 981 1924 Christe
995 1897 1042 1929 mi,
1059 1901 1086 1925 et

294 1939 361 1966 illud
379 1947 433 1967 non
449 1947 636 1975 cognoverunt
652 1942 804 1970 facinorum
820 1950 934 1976 osorcs;
956 1943 1003 1971 sed
1020 1951 1086 1972 nos—

295 1991 389 2014 centes
407 1986 605 2021 lamentantur,
630 1993 737 2016 etcum
761 1990 866 2024 pudore
881 1989 981 2017 invidia
1005 1997 1087 2018 oceu-

294 2032 371 2066 pabit
398 2032 529 2067 populum
556 2033 710 2062 eﬂ‘eratum.
744 2034 776 2063 Et
802 2035 929 2064 absumet
959 2036 1028 2071 ignis
1058 2040 1088 2063 ut

296 2077 386 2105 cibum
396 2079 579 2108 adversarios.
595 2080 649 2113 Qui
660 2088 742 2109 omne
753 2081 857 2109 bonum
869 2082 979 2115 dedisti,
992 2090 1088 2118 pacem

299 2123 382 2157 dona,
410 2129 487 2152 tuum
514 2132 594 2160 opus,
609 2126 741 2160 Creator,
769 2127 823 2156 cito
849 2133 1008 2162 restaures;
1034 2123 1088 2155 non

297 2169 425 2197 novimus
442 2170 526 2197 alium
549 2179 650 2206 praeter
675 2177 701 2200 te
727 2173 814 2200 solum
836 2173 994 2201 Dominum.
1021 2173 1088 2201 Cum

297 2222 353 2240 non
371 2222 468 2242 rursus
484 2217 660 2250 respirabunt
679 2217 734 2253 iam
752 2218 863 2252 mortui,
885 2226 973 2254 neque
991 2219 1088 2246 medici

1134 1667 1261 1694 universa
1280 1667 1394 1694 creatio.
1419 1665 1534 1694 Sanatio
1556 1667 1687 1696 omnibus
1707 1668 1867 1698 hominibus
1881 1677 1929 1699 ros

1134 1718 1197 1741 tuus
1210 1721 1218 1747 ;
1234 1713 1291 1741 sola
1306 1713 1414 1740 decidet
1429 1712 1576 1748 impiorum
1594 1713 1740 1742 habitatio.

1135 1772 1198 1809 1⁷68.
1213 1780 1357 1808 Canticum
1380 1780 1424 1809 VI.
1438 1797 1472 1802 —
1483 1780 1508 1809 E
1527 1782 1598 1817 pisce
1612 1782 1735 1810 clamavit
1747 1783 1802 1811 hazc
1811 1783 1895 1812 Jonas
1920 1792 1930 1813 :

1171 1848 1210 1876 Ad
1227 1848 1370 1877 Dominum
1381 1849 1499 1877 clamavi
1511 1850 1686 1878 tribulatione
1703 1858 1850 1887 oppressus
1877 1861 1885 1885 ;
1903 1855 1931 1881 et

1136 1892 1183 1920 ille
1212 1894 1354 1922 exaudivit
1373 1899 1401 1922 et
1428 1895 1482 1923 cito
1512 1895 1626 1930 adjuvit,
1652 1896 1756 1924 audivit
1781 1897 1930 1925 clamorem

1137 1946 1152 1967 e
1179 1943 1274 1967 ventre
1303 1939 1383 1967 inferi
1400 1960 1409 1973 ,
1444 1940 1592 1976 projiciens
1619 1949 1663 1969 me
1701 1942 1729 1969 in
1761 1943 1931 1978 profundum

1137 1985 1229 2013 cordis
1255 1986 1358 2019 maris,
1383 1986 1542 2014 ﬂuminibus
1564 1987 1754 2024 _eircumdat,
1794 1996 1930 2023 aquarutn

1138 2032 1284 2059 multitudo
1309 2032 1369 2059 ﬂuit
1396 2032 1522 2068 spiritum
1547 2040 1638 2061 meum
1659 2038 1687 2061 et
1707 2041 1756 2062 cor
1772 2034 1930 2069 inundans;

1139 2077 1166 2104 in
1191 2084 1235 2104 me
1259 2078 1426 2106 transierunt
1460 2085 1556 2107 omnes
1569 2078 1668 2107 ﬂuctus
1686 2080 1735 2107 tui.
1752 2079 1812 2108 Dixi
1829 2081 1933 2116 :Ahje-

1111 2154 1117 2160 ,
1139 2127 1199 2150 ctus
1216 2130 1289 2160 sum.
1301 2122 1419 2157 Christe,
1444 2124 1478 2152 ab
1492 2125 1581 2153 oculis
1596 2125 1665 2158 tuis;
1682 2126 1872 2160 aqua-impetit.
1889 2133 1934 2153 me

1141 2176 1227 2204 usque
1239 2170 1273 2196 ad
1293 2170 1550 2206 animam,abyssus
1569 2170 1703 2206 profunda
1731 2179 1775 2199 me
1800 2172 1932 2199 miserum

1141 2215 1234 2242 vallat.
1252 2216 1280 2242 In
1296 2216 1426 2243 scissuris
1439 2220 1577 2251 petrarum
1594 2217 1695 2252 quievi,
1711 2223 1738 2245 et
1762 2221 1842 2246 terrae
1869 2217 1934 2246 fun-

298 2259 443 2287 salvabunt
469 2267 593 2289 mortuos
618 2271 634 2290 ο
651 2263 778 2298 sepulcro
800 2273 807 2292 ε
835 2263 886 2292 hos
908 2270 1003 2292 contra
1021 2273 1092 2300 quos
1109 2269 1130 2297 ι)
1144 2261 1270 2289 damenta
1286 2260 1418 2295 habitavi,
1434 2266 1526 2290 vectes
1544 2262 1705 2298 jamdudum
1720 2264 1849 2291 immotos
1867 2264 1933 2292 vidi.

299 2303 440 2339 ingressus
454 2313 495 2338 es,
515 2306 651 2340 destrues,
667 2308 768 2335 bellum
787 2309 878 2336 omnia
897 2309 931 2337 ab
949 2310 1004 2338 illis
1020 2311 1090 2344 tulit,

299 2354 326 2377 et
343 2350 370 2377 in
396 2347 552 2386 sepulcrum
571 2353 698 2382 deduces.
726 2354 890 2383 Potentibus
917 2360 996 2384 terrae
1019 2364 1091 2385 saeva

299 2395 402 2431 profer,
422 2396 531 2425 Christe
545 2399 593 2431 mi,
609 2399 657 2435 qui
675 2400 702 2427 in
727 2405 753 2428 te
775 2401 909 2436 aspicient
924 2402 1022 2430 timore
1036 2402 1091 2431 tre-

301 2441 443 2475 pidantes:
460 2444 642 2472 correctionis
656 2448 711 2472 tute
727 2446 802 2481 virga
830 2447 857 2474 in
872 2447 958 2474 levem
976 2453 1089 2476 metum.

301 2486 383 2516 Velut
404 2489 555 2524 parientem
583 2491 683 2526 premit
707 2491 787 2520 dolor
802 2497 830 2521 et
847 2493 997 2527 cruciatus,
1014 2500 1094 2527 asper

301 2534 415 2562 aculeus
431 2536 537 2570 pungit,
557 2537 674 2564 multum
701 2538 812 2566 clamat.
842 2537 875 2566 Et
898 2538 994 2566 eodem
1013 2537 1094 2565 modo

301 2585 349 2608 tua
376 2581 519 2610 Itmreditas
536 2583 683 2611 constituta
709 2589 762 2618 est,
781 2589 859 2612 tuutn
885 2586 1008 2612 titnorem
1026 2591 1093 2612 con-

300 2627 373 2662 cepit
397 2628 480 2655 corde
508 2629 534 2656 in
561 2630 672 2664 intimo,
690 2631 793 2664 doluit,
812 2632 882 2666 parit
898 2630 996 2658 salutis
1014 2630 1095 2664 spiri-

302 2678 372 2706 tutn,
390 2675 422 2702 ad
440 2675 554 2703 humum
571 2677 649 2705 cadet
670 2678 761 2705 omnis
781 2678 829 2712 qui
848 2685 958 2705 sursunt
983 2676 1092 2711 aspicit,

301 2718 401 2746 cadent
418 2721 464 2754 qui
483 2725 563 2748 terra:
577 2723 641 2749 huic
656 2723 806 2753 adhaerent.
825 2721 1000 2756 respirabunt
1021 2728 1092 2747 mor-

303 2763 358 2797 tui,
375 2769 402 2792 et
423 2765 598 2801 antiquorum
625 2772 867 2795 monumentorum
895 2767 991 2794 incolae
1011 2765 1091 2793 desc-

340 2854 360 2869 ι-
377 2855 427 2880 αὐτ
442 2855 515 2891 (sic).

1145 2305 1197 2334 Sed
1213 2314 1229 2334 ο
1244 2307 1421 2342 corruptione
1438 2307 1527 2336 lucem
1539 2308 1595 2336 vita
1607 2316 1667 2336 mea
1688 2309 1813 2344 aspiciat,
1825 2314 1850 2336 te
1872 2309 1933 2337 dul-

1144 2359 1202 2379 cem
1223 2353 1398 2382 cernentibus
1413 2353 1495 2387 diem,
1514 2355 1578 2389 quia
1599 2356 1740 2389 exspirare
1756 2354 1838 2382 debui
1857 2360 1883 2383 et
1895 2356 1935 2382 vi-

1145 2402 1200 2425 tam
1217 2397 1351 2433 linquere,
1376 2407 1449 2427 nunc
1476 2399 1528 2427 alis
1544 2399 1668 2427 sublatus
1697 2408 1758 2427 sum
1788 2399 1934 2428 Dominum

1144 2444 1268 2471 sortitus.
1282 2445 1343 2472 Mea
1360 2445 1448 2473 oratio
1461 2445 1494 2473 ad
1512 2446 1640 2473 thronum
1650 2450 1727 2473 tuum
1747 2447 1897 2482 perveniat.
1908 2453 1934 2474 et

1148 2490 1204 2518 tuis
1216 2491 1319 2518 sanctis
1331 2491 1445 2519 auribus
1460 2491 1553 2519 statim
1570 2492 1708 2520 audiatur.
1725 2491 1936 2528 Dereliquerunt

1145 2539 1175 2562 ut
1198 2542 1274 2562 suam
1295 2535 1512 2564 misericordiam
1540 2538 1587 2572 qui
1605 2537 1704 2565 frustra
1721 2537 1869 2572 loquuntur
1889 2543 1935 2564 aut

1146 2581 1277 2616 cogitant,
1292 2581 1394 2609 invidia
1409 2583 1493 2618 pleni.
1511 2583 1567 2619 Ego
1580 2587 1670 2611 autem
1688 2584 1802 2619 gloriam
1835 2584 1935 2610 immo-

1144 2626 1611 2663 labo.labiorumlaudem,ﬂetum,
1635 2631 1798 2662 orationem.
1833 2631 1934 2657 contri-

1149 2673 1249 2701 tionem
1265 2674 1375 2707 cordis;
1391 2678 1418 2702 et
1426 2675 1518 2703 omnia
1536 2675 1606 2703 dabo
1621 2675 1702 2704 citius
1717 2684 1798 2711 quam
1814 2675 1937 2710 promisi,

1147 2719 1194 2747 tibi
1209 2725 1270 2748 vota
1288 2728 1337 2756 pro
1349 2721 1437 2750 salute
1453 2722 1563 2751 solvens
1577 2722 1768 2751 universorum
1789 2722 1865 2757 Regi.
