2082 3157
208 166 261 198 997

859 161 1031 192 CARMINA
1049 162 1176 194 VARIA.

1784 163 1838 197 998

209 220 278 258 ρξο..
297 217 360 255 ᾬδὴ
378 208 733 258 Ζι.’-Δρόσος,καμινου,
750 215 909 250 εῶντριῶν
918 213 1003 248 αἶνος
1018 221 1038 247 Α
1055 216 1103 241 Σὸν
1129 216 1244 250 Ἰσραὴλ,
1261 217 1360 252 τρὶς,ὴ
1378 217 1473 252 Τριὰς,
1492 218 1622 252 πρέσϐεις
1639 218 1716 254 δέχου

560 252 648 280 νέων.

183 309 190 338 Ξ
212 312 258 343 Ὠς
271 310 429 351 εὐλογητὸς,
441 310 557 344 αίνετδς,
570 309 649 344 δόξης
668 308 762 343 γέμων

185 351 196 359 ’
207 358 274 390 Θεὸς
289 357 426 391 πέφυκας,
441 357 456 384 ὸ
471 357 536 392 πρὶν
549 356 643 391 ὀφθεὶς
657 354 790 390 πατράσι,

182 431 185 433 ,
207 403 274 435 Θεὸς
287 403 428 439 κραταιὸς,
442 402 567 437 φρικτδς,
584 401 735 437 οἰκτίρμων
752 401 858 435 γέμων.

181 454 188 481 ‘;
208 448 320 479 Δίκαιος
335 445 361 474 εί
375 447 410 474 τὰ
422 447 521 480 πάντα,
539 447 587 473 καὶ
600 447 687 473 πᾶσαι
701 445 808 481 κρίσεις

206 495 240 520 At
260 495 307 520 cui.
319 494 430 525 δίκαιοι,
445 493 521 520 πᾶσα
536 492 559 518 δ’
572 492 666 519 εὐθεῖα
677 491 781 526 τρίϐος,

207 539 263 566 Καὶ
278 534 470 574 πᾶσαπρᾶξις
484 539 524 570 είς
536 538 667 573 ἀλήθειαν
682 537 786 572 βλέπει.
822 535 825 538 ’

207 586 263 613 Καὶ
278 585 368 611 πάντα
380 584 427 612 νῦν
445 583 550 618 tuseu;
565 584 631 619 ἡμῖν
648 584 696 610 σὺν
713 583 788 619 δίκῃ,

214 631 295 666 Ἥμῐν
310 639 340 657 τε
355 630 404 657 καὶ
419 629 466 656 σοῦ
477 631 511 664 τῇ
526 628 664 664 παωλὸίῳ
676 628 769 654 πόλει·

208 675 288 702 Πόλει
306 675 427 711 κραταιᾷ
440 674 577 709 φιλτάτων
592 682 639 700 σου
651 673 773 709 πατρίδι.

208 720 313 751 Πολλὰς
327 720 406 752 δίκας
426 728 467 747 σοι
481 721 591 755 τίνομεν
606 719 629 736 ¹⁸
645 719 843 754 τολμημάτων,

214 766 260 798 Ὠς
275 765 534 801 ὲξαπιστράφημεν,
555 765 593 796 ὡς
604 763 757 791 ἀποστάται

210 810 354 845 Ὠφθημεν
372 811 405 837 ὲκ
417 809 476 843 σοῦ,
492 810 556 841 τοὺς
569 809 696 840 τεθέντας
711 817 753 835 σοι
763 809 862 843 νόμους

210 855 366 886 Πατοῦντες
379 855 431 882 οὐκ
446 855 570 890 ἔγνωμεν
580 863 587 870 ·
602 854 633 881 οὐ
650 855 871 890 προσταγμάτων

209 900 270 926 Τῶν
287 900 342 927 σῶν
353 900 578 935 ὲπεστράφημεν,
593 899 653 926 οὐδὲ
669 898 795 933 καρδίαις

210 944 427 981 Κεκρυμμὲναις
438 943 595 979 συνείδομεν
608 943 643 970 τὰ
655 942 791 979 πρακτέα.

210 992 249 1031 Δι’
260 988 297 1018 ὧν
312 991 425 1022 δικαίως
445 990 621 1024 έξετόξευσας
639 989 726 1024 βέλος.

211 1038 303 1064 Ἀπαν
317 1036 379 1064 καθ’
393 1036 481 1072 ἡμῶν,
498 1037 553 1063 πᾶν
566 1035 670 1071 ὲπῆξας
686 1036 736 1062 σὺν
750 1034 859 1071 κρίσει·

212 1082 338 1113 Δέδωκας
358 1082 432 1117 ἡμᾶς
448 1082 528 1117 χερσὶ
541 1081 772 1116 δυσμενεστάταις

217 1128 340 1163 Ἐχθρῶν
353 1127 487 1160 ἀπίστων,
506 1127 642 1162 ἐκνόμων,
659 1126 829 1162 μιαιφόνωνσ

210 1173 296 1208 Δεινῷ
312 1173 418 1209 βασιλεῖ
431 1174 478 1200 καὶ
490 1172 731 1209 τυραννικωτάτῳ,

211 1220 332 1246 Νικῶντι
347 1221 438 1247 πᾶσαν
454 1220 484 1246 ὲν
501 1219 620 1255 πονηρίᾳ
633 1219 718 1254 χθόνα
731 1226 739 1234 ⁶

212 1267 269 1293 Οὐκ
280 1266 354 1292 ἔστιν
365 1267 432 1302 ἡμῖν
445 1265 491 1293 οὖν
506 1265 599 1301 διᾶραι
614 1265 644 1292 τὺ
656 1265 756 1300 στόμα,

211 1311 312 1346 Χλεύη.
328 1311 427 1346 γέλως,
440 1311 553 1344 δνειδος,
567 1310 695 1346 αἰσχύνη,
707 1310 810 1346 κόπρος

211 1357 283 1383 Πᾶσι
299 1356 411 1388 δικαίως
432 1357 489 1388 σοις
503 1356 677 1391 κατέστημεν
691 1356 814 1391 λάτραις.
852 1381 855 1383 .

211 1402 257 1437 Μὴ
269 1401 301 1436 δὴ
320 1401 451 1437 παραδῷς
463 1402 503 1432 είς
516 1400 594 1432 τέλος
606 1400 754 1435 μαστιγίας
766 1408 773 1416 ο

213 1447 332 1482 Ὀρκους
346 1447 376 1474 δὲ
389 1448 454 1478 τοὺς
468 1447 532 1478 σοὺς
547 1446 699 1482 σκορπίσῃς
711 1447 751 1477 εἰς
768 1445 847 1481 ἀέρα,

213 1490 310 1519 oin-6v
327 1500 358 1518 τε
369 1492 415 1518 τὸν
436 1491 481 1518 σὺν
495 1490 683 1526 ὲξαποστήσῃς
694 1490 772 1521 ὅλως.

212 1538 267 1573 Σὴν
283 1538 379 1573 κλῆσιν
394 1537 535 1571 αίδέσοητι
545 1536 592 1563 καὶ
605 1536 654 1571 τὴν
668 1535 718 1571 σὴν
733 1535 815 1570 φύσιν

213 1584 253 1610 Δι’
273 1583 416 1619 ’Δὸραάμ-
429 1583 461 1610 τὸ
472 1583 584 1617 φίλτρον
604 1581 709 1613 Ἰσαὰκ,
724 1581 820 1617 λάτριν

214 1671 277 1701 169.
290 1672 440 1709 Canticum|
450 1670 612 1734 Vll.—hRos
623 1670 751 1706 fornacis,
770 1669 850 1696 trium
876 1669 1005 1705 juvenum

555 1714 661 1734 «mnus.

555 1714 661 1742 ymuus.

249 1762 338 1797 Quam
350 1762 524 1795 benedictus,
539 1761 695 1793 laudabilis,
726 1760 825 1796 plenus
855 1759 942 1794 gloria
964 1766 1005 1793 es,

215 1806 297 1839 Deus,
314 1806 361 1841 qui
377 1806 453 1841 prius
464 1805 587 1840 patrihus
600 1805 676 1832 visus
685 1811 727 1837 es,
741 1808 836 1839 potens
856 1802 939 1835 Deus,
950 1806 1006 1829 ter-

214 1852 314 1885 ribilis,
330 1851 582 1879 misericordiarum
601 1849 812 1886 plenus.Justus
827 1856 857 1877 es
875 1848 902 1876 in
918 1848 1007 1875 omni-

215 1898 278 1931 bus,
296 1902 323 1925 et
333 1897 435 1933 judicia
450 1901 498 1924 tua
509 1896 602 1924 omnia
614 1897 701 1931 justa,
717 1900 744 1923 et
760 1895 851 1923 omnis
866 1895 908 1922 via
921 1899 1005 1927 recta,

216 1948 244 1972 et
257 1951 338 1971 omne
347 1951 415 1978 opus
432 1943 459 1970 in
472 1943 613 1970 veritatem
624 1942 762 1977 dirigitur.
778 1941 811 1969 Et
826 1941 918 1969 omnia
933 1947 1007 1968 nunc

216 1990 297 2018 nobis
312 1990 443 2017 induxisti
459 1998 520 2016 cum
534 1989 641 2023 iustitia
653 1997 660 2022 ;
671 1988 751 2016 nobis
763 1992 790 2015 et
800 1992 853 2015 tua:
863 1987 1007 2014 fortunata:

217 2035 455 2069 civitati;civitati
476 2035 578 2070 potenti
601 2034 764 2062 dilectorum
777 2037 885 2061 tuorum
899 2033 1006 2067 patriae.

217 2081 317 2109 Multas
333 2088 428 2116 ptenas
445 2080 494 2107 tibi
505 2080 638 2107 solvimus
667 2078 833 2114 facinorum,
859 2081 922 2115 quia
947 2087 1009 2115 per-

218 2128 290 2155 versi
307 2127 417 2160 fuimus,
437 2127 501 2161 quia
526 2125 640 2154 rebelles
656 2133 671 2153 a
688 2130 714 2153 te
739 2126 914 2160 receSsimus,
935 2126 1009 2161 leges

218 2182 235 2201 a
255 2178 281 2201 te
294 2177 411 2201 statutas
436 2172 631 2200 conculcantes
666 2179 721 2199 llOl‘l
749 2172 930 2207 agnovimus;
955 2180 1008 2200 non

219 2220 362 2255 praeceptis
379 2219 434 2246 tuis
446 2218 708 2252 obtemperavimus,
726 2226 816 2254 neque
827 2218 918 2247 cordis
942 2226 1005 2246 cum

220 2265 381 2293 abscondito
395 2265 551 2293 consentire
566 2271 656 2299 operat
671 2264 797 2292 fecimus.
811 2264 916 2293 idcirco
937 2265 1009 2300 juste

1055 258 1101 291 Οἷς
1121 262 1169 287 καὶ
1181 263 1331 296 προσεῖπας
1348 263 1460 297 σπέρμα
1474 262 1609 298 πληθῦναι
1626 264 1716 296 τόσον,

1023 313 1025 315 ‘
1054 306 1174 339 Ψάμμον
1188 305 1325 340 Θαλάσσης
1341 306 1446 340 ὥσπερ,
1460 307 1548 343 ἄστρα
1565 308 1612 334 τοῦ
1625 308 1717 336 πόλου.

1054 352 1092 377 Δι’
1106 348 1153 382 ὧν,
1168 352 1292 383 Βασιλεῦ,
1314 353 1396 387 ἐσμὲν
1413 353 1594 388 ἠπορημένοι,

1055 397 1180 431 Σμικροὶ,
1196 398 1331 430 ταπεινοὶ,
1349 398 1503 433 δυστυχεῖς,
1526 400 1685 434 ἀπωσμένοι

1057 442 1171 472 ἝΟνους
1188 451 1216 468 τε
1232 444 1343 475 παντὸς,
1355 444 1407 478 γῆς
1422 444 1485 479 ὅλης
1500 444 1661 480 ὑϐρισμένοι

1055 487 1173 519 Miscuit
1191 487 1311 519 πολλαῖς,
1332 486 1375 514 οἷα
1392 490 1452 520 ταῖς
1467 491 1617 524 ἁμαρτίαις
1631 498 1638 505 ⁶

1056 534 1112 559 Οὐκ
1126 534 1199 559 ἔστιν
1216 533 1318 568 ἄρχων,
1334 535 1363 560 οὐ
1386 536 1539 570 προφήτης,
1556 536 1615 561 οὐδέ
1632 545 1673 567 τις

1058 579 1174 613 ιὶοιμὴν,
1194 579 1335 614 δικαστὴς,
1356 580 1457 614 ἱερεὺς,
1474 580 1678 615 στρατηγέτης’

1057 624 1093 649 οὐ
1111 623 1234 658 θυμίαμα
1249 625 1393 659 προσφορὰ
1408 625 1455 651 κα)⁸
1474 626 1564 657 ουσία,

1056 669 1093 694 Οὐ
1114 671 1187 701 ναὸς,
1204 670 1263 695 οὐδὲ
1280 670 1381 704 βωμὸς,
1398 671 1467 697 ὥστε
1480 671 1525 697 καὶ
1542 671 1622 697 Θύσαι

1055 715 1204 749 Κάρπωμα
1218 715 1323 748 δεκτὸν,
1336 717 1383 742 καὶ
1397 717 1461 750 γόνυ
1476 717 1564 743 κλῖναι
1581 717 1667 750 κάτω,

1056 761 1111 786 Καὶ
1123 761 1169 787 τὸν
1184 762 1229 788 civ
1240 760 1330 788 οἶκτον
1345 763 1457 789 ἑλκύσαι
1476 764 1642 797 παραυτίκα.

1062 807 1132 833 Ἀλλ’
1145 808 1205 834 ἀντὶ
1218 808 1323 834 πολλῶν
1339 808 1425 835 ταῦτα
1443 808 1570 843 θυμάτων
1586 809 1664 843 δέχου

1056 854 1152 889 Ψυχὴν
1167 854 1310 888 ταπεινὴν,
1327 854 1437 889 πνεῦμα
1452 856 1695 890 συντετριμμένον,

1019 888 1040 916 Β
1056 888 1151 934 Πηγὰς
1167 899 1281 934 ῥεούσας
1296 888 1433 935 δακρύων,
1450 900 1480 932 ἐξ
1493 888 1618 935 αἱμάτων

1055 946 1171 981 Ταύρων
1186 946 1333 981 καθώσπερ
1350 947 1483 982 μυριάδας
1497 947 1544 972 καὶ
1559 948 1678 982 τράγων,

1055 993 1222 1026 Σκαῐροντας
1238 992 1347 1026 ἀρνοὺς,
1365 993 1460 1023 πίονας
1478 992 1595 1027 μόσχους
1612 992 1689 1024 νέους
1702 1000 1710 1008 ο

1055 1035 1149 1066 Οὕτως
1164 1036 1229 1070 παρ’
1240 1036 1319 1071 ὴμῶν
1335 1036 1383 1067 τὰς
1395 1037 1528 1072 ἀναίμους
1541 1037 1641 1070 θυσίας,

1060 1082 1104 1112 Ὠς
1120 1081 1224 1116 τερπνὰ
1239 1081 1313 1116 δῶρα
1328 1082 1374 1108 καὶ
1387 1082 1464 1117 δέχου
1484 1082 1530 1109 καὶ
1543 1083 1703 1118 προσδέχου.

1055 1127 1092 1153 Οὺ
1110 1128 1164 1161 γὰρ
1179 1127 1296 1161 καλύψει
1313 1128 1342 1154 τὸ
1357 1128 1504 1163 πρόσωπον
1518 1128 1633 1163 αἰσχύνη

1055 1173 1116 1199 Τῶν
1134 1174 1175 1199 σοὶ
1190 1174 1219 1199 τὸ
1229 1173 1339 1213 ,θάρσος
1350 1174 1437 1199 είσαεὶ
1454 1173 1635 1206 τεθεικότωιι.]

1058 1219 1112 1244 Καὶ
1125 1219 1173 1245 νῦν
1188 1218 1324 1253 ποθοῦμεν
1340 1218 1369 1250 ἐξ
1389 1218 1453 1253 ὅλης
1470 1226 1498 1244 σε
1516 1218 1630 1253 καρδίας

1057 1265 1112 1291 Καὶ
1126 1264 1275 1299 φρίσσομέν
1291 1273 1331 1296 σε,
1348 1265 1394 1291 καὶ
1407 1264 1470 1296 (iis;
1486 1265 1636 1300 ἠρτημένοι

1056 1308 1112 1341 Τῆς
1127 1308 1176 1341 σῆς
1190 1308 1301 1334 δπισΟεν
1315 1308 1410 1342 ὥσπερ
1422 1310 1654 1344 ἐκπεπληγμένοι,

1056 1354 1169 1388 Δριμεῖς
1184 1355 1297 1388 ἐρασταὶ
1310 1354 1352 1381 σοὶ
1368 1355 1474 1390 βοὼμεν
1491 1356 1523 1382 ὲκ
1543 1356 1641 1390 βάθους
1651 1364 1659 1371 ο

1061 1399 1105 1432 Μὴ
1119 1398 1152 1433 δὴ
1167 1399 1293 1434 παριῲει,
1311 1400 1348 1434 μὴ
1362 1400 1546 1436 καταισχύνῃς
1557 1401 1668 1436 λάτρας,

1057 1444 1161 1478 Δράσον
1178 1444 1237 1478 μεθ’
1249 1445 1338 1479 ήμῶν,
1354 1442 1397 1471 οἷα
1416 1446 1533 1480 χρηστὸς
1550 1448 1598 1481 τὴν
1616 1448 1706 1481 φύσιν,

1057 1490 1159 1524 Πρᾶος,
1176 1491 1329 1524 προσηνὴς,
1346 1490 1436 1522 ἵλεως,
1458 1492 1548 1518 οἴκτου
1568 1492 1672 1526 γέμων,

1057 1535 1218 1569 Θαυμαστὸς
1233 1535 1320 1569 ἰσχὺν,
1337 1536 1415 1569 δόξαν
1435 1538 1633 1571 ἠμφιεσμένος,

1058 1581 1254 1615 Mammas-.an
1269 1583 1324 1612 τοῖς
1341 1582 1505 1616 κακούργοις
1518 1584 1533 1617 ἡ
1551 1583 1623 1619 δίκη,

1058 1675 1075 1696 0
1089 1667 1221 1702 Trinitas,
1236 1668 1432 1709 intercessores
1460 1662 1565 1706 aecipe,
1582 1672 1683 1707 quibus
1701 1673 1851 1708 promisisti

1058 1721 1150 1741 semen
1168 1714 1401 1749 multiplicaudum
1419 1723 1481 1743 esse
1495 1723 1627 1751 quantum
1649 1726 1760 1746 arenam
1791 1728 1850 1747 ma-

1059 1760 1131 1788 riset
1144 1761 1316 1788 stellascwli.
1333 1761 1413 1794 Quia,
1433 1770 1449 1790 ο
1466 1770 1527 1795 rex,
1545 1764 1623 1798 egeni
1640 1772 1747 1797 sttmus,
1764 1767 1850 1800 parvi.

1061 1806 1188 1848 humiles,
1204 1806 1310 1839 miseri,
1326 1808 1433 1841 expulsi
1450 1808 1484 1835 ah
1497 1809 1572 1836 omni
1584 1815 1674 1845 gente,
1690 1815 1769 1838 terra:
1794 1813 1853 1838 uui-

1060 1859 1145 1879 versa:
1160 1852 1322 1886 opprobium
1340 1853 1530 1889 factillagcllis
1556 1855 1582 1882 in
1609 1855 1713 1888 utultis,
1743 1863 1853 1892 pruplrr

1061 1901 1181 1932 peccata.
1197 1896 1257 1924 Non
1277 1903 1319 1925 est
1333 1899 1459 1933 princeps
1478 1908 1567 1935 neque
1587 1902 1727 1936 propheta.
1745 1911 1798 1930 non
1812 1906 1854 1930 est

1062 1947 1165 1977 pastor,
1188 1943 1285 1977 judex,
1298 1945 1437 1977 sacerdos,
1453 1945 1506 1971 dux
1523 1947 1669 1978 exercitus,
1688 1952 1796 1974 nonest
1810 1949 1854 1974 in-

1062 1995 1186 2020 censum,
1196 1988 1297 2015 oblatio
1314 1997 1363 2016 nec
1377 1990 1553 2022 sacriﬁcium,
1574 2000 1627 2018 non
1644 1992 1786 2026 templum,
1796 2000 1852 2019 non

1063 2035 1158 2068 altare,
1172 2035 1205 2062 ad
1219 2036 1428 2063 sacriﬁcandum
1457 2037 1573 2064 hostiam
1599 2038 1805 2072 acet-piabilem,
1825 2043 1853 2065 et

1064 2088 1134 2116 genu
1152 2080 1280 2108 deorsum
1311 2080 1485 2114 flectendum,
1510 2086 1537 2108 et
1556 2082 1746 2108 attrahendum
1777 2086 1851 2109 tuam

1061 2126 1279 2154 misericordiam
1292 2127 1319 2153 in
1329 2126 1524 2161 praesenti.Sed
1536 2134 1585 2161 pro
1598 2127 1690 2154 multis
1702 2127 1759 2154 haec
1769 2129 1853 2154 sacri-

1063 2172 1131 2200 liciis
1144 2172 1237 2207 accipe
1263 2173 1382 2199 animam
1398 2172 1540 2204 humilem,
1551 2172 1676 2206 spititum
1693 2173 1852 2205 contritum’,

1062 2218 1152 2247 fontes
1176 2218 1359 2253 Iacrymarum
1375 2225 1382 2244 :
1399 2217 1470 2245 sicut
1501 2218 1528 2244 in
1558 2218 1692 2252 sanguine
1713 2222 1853 2245 taurorum

1063 2265 1147 2291 millia
1156 2268 1183 2292 et
1198 2264 1348 2297 hircorum,
1361 2264 1494 2292 saltantes
1507 2271 1602 2298 agnus,
1622 2264 1736 2297 pingues
1761 2268 1788 2291 et
1815 2269 1851 2291 te-

221 2313 273 2340 tela
288 2311 381 2338 omnia
406 2310 544 2338 immisisli
571 2314 666 2338 contra
684 2317 745 2341 nos,
774 2311 865 2337 omnia
881 2310 1012 2339 induxisti
1030 2308 1052 2336 D
1067 2318 1148 2337 neros
1163 2310 1273 2341 vitulos,
1290 2310 1325 2337 ita
1338 2317 1353 2337 a
1366 2309 1611 2337 nobisincruentas
1629 2310 1744 2341 hostias,
1771 2314 1799 2337 ut
1809 2310 1853 2344 ju-

221 2365 283 2385 cum
296 2357 413 2392 iustitia.
438 2355 586 2384 Tradidisti
602 2363 653 2383 nos
664 2355 791 2382 manibus
821 2356 947 2390 pessimis
963 2355 1015 2382 ini-

221 2403 355 2431 micorum
395 2401 546 2430 inlidelium
577 2401 735 2436 iniquorum
755 2419 764 2432 ,
788 2400 986 2427 homicidarum
1006 2410 1014 2434 ;

223 2447 279 2482 regi
294 2448 436 2474 tremendo
449 2451 476 2474 et
490 2446 684 2482 injustissimo,
698 2445 818 2480 nequitia
843 2450 921 2473 terra:
938 2446 1013 2473 omni

223 2497 380 2528 praestante.
395 2492 453 2520 Non
471 2492 534 2521 licet
545 2500 611 2528 ergo
644 2491 724 2519 nobis
736 2499 768 2519 os
784 2492 912 2527 aperire;
943 2490 1016 2518 deri-

206 2540 210 2546 ’
225 2532 283 2571 sus,
298 2540 456 2573 ludibrium,
466 2539 654 2574 opprobrium,
666 2538 805 2571 confusio,
815 2538 911 2566 sordes
921 2537 1015 2565 omni-

225 2585 276 2613 bus
287 2585 371 2620 juslis
386 2585 472 2612 servis
483 2584 537 2612 tuis
552 2584 690 2612 stetimus.
703 2583 742 2611 Ne
756 2584 839 2619 igitur
862 2583 952 2611 tradas
966 2590 1016 2611 nos

224 2631 252 2658 in
267 2631 348 2658 tinent
364 2629 556 2666 llagcllationis
573 2638 580 2662 ;
597 2637 631 2657 ne
657 2630 773 2665 dissipes
793 2629 819 2657 in
848 2637 911 2657 aera
937 2629 1016 2664 jura-

210 2669 319 2716 _menta
337 2681 395 2709 tua.
425 2681 452 2704 et
469 2675 689 2704 miscricordiam
709 2675 822 2703 omnino
837 2682 872 2703 ne
894 2675 1014 2703 auferas.

226 2722 403 2750 invocatione
425 2727 471 2750 tua
495 2728 523 2751 et
540 2727 638 2751 natura
670 2727 716 2749 tua
741 2721 940 2749 commovearis
968 2729 1015 2755 per

226 2769 376 2804 Abraham,
391 2769 518 2798 dilectum
532 2769 618 2804 Isaac,
632 2775 741 2798 servum
756 2772 832 2796 tuum
844 2766 937 2799 Israel,
947 2766 1013 2801 tres,

264 2856 288 2873 "
304 2859 430 2889 τιίνοιιεν
445 2858 506 2887 cod.

1065 2356 1153 2387 cuuda
1171 2355 1243 2382 dona
1261 2356 1354 2390 accipe
1365 2360 1393 2383 et
1407 2356 1588 2390 acceptabiles
1607 2355 1687 2383 habe.
1699 2355 1758 2383 Non
1782 2356 1853 2383 enim

1064 2401 1212 2429 occultabit
1222 2401 1347 2428 confusio
1367 2400 1467 2428 faciem
1489 2408 1586 2428 eorum
1609 2401 1655 2436 qui
1671 2403 1697 2428 iu
1716 2406 1741 2429 te
1770 2402 1852 2428 robur

1064 2451 1230 2475 statuerunt.
1248 2446 1281 2474 Et
1301 2454 1374 2474 nunc
1385 2453 1512 2474 amamus
1523 2451 1549 2473 te
1564 2454 1597 2473 ex
1627 2447 1701 2474 omni
1723 2447 1804 2474 corde
1830 2454 1855 2475 et

1064 2493 1238 2525 timemuste,
1255 2497 1283 2520 et
1296 2492 1454 2527 conspectui
1480 2496 1526 2518 tuo
1546 2492 1679 2519 haerentes
1707 2497 1855 2519 retrorsum

1068 2539 1142 2566 velut
1152 2543 1263 2573 stupore
1278 2538 1412 2573 percussi,
1433 2532 1561 2565 ardentes
1573 2543 1710 2564 amatores
1729 2537 1776 2572 tibi
1788 2552 1790 2554 -
1800 2538 1851 2563 cla-

1059 2592 1169 2613 mamus
1183 2592 1198 2612 e
1209 2584 1364 2619 profundo:
1378 2583 1416 2611 Ne
1425 2583 1575 2619 despicias,
1590 2590 1624 2610 ne
1634 2582 1786 2609 confundas
1798 2590 1854 2608 ser-

1065 2638 1125 2663 vos,
1142 2630 1184 2658 fac
1204 2631 1357 2663 nobiscum,
1368 2630 1438 2658 sicut
1455 2633 1553 2656 natura
1582 2631 1753 2659 mansuetus,
1771 2626 1856 2660 mitis,

1066 2677 1221 2710 indulgens,
1236 2677 1405 2707 misericors,
1425 2673 1609 2702 miserationis
1625 2673 1732 2707 plenus,
1754 2672 1854 2699 robore

1065 2722 1220 2754 mirandus,
1237 2722 1322 2756 gloria
1335 2721 1474 2752 indutus;
1496 2722 1670 2746 convertatur
1701 2719 1727 2744 in
1754 2717 1855 2745 malum

1063 2772 1206 2802 operantcs
1220 2767 1287 2795 ultio
1304 2771 1360 2799 tua,
1374 2764 1561 2794 confusionem
1572 2763 1708 2798 accipiant
1718 2762 1836 2790 audaces
1849 2769 1856 2794 ;
