2082 3157
272 187 329 219 9Τ¹9

271 245 326 278 Τὴν
338 239 472 277 ἐντροπὴν
486 238 593 265 λάὸοιεν
611 237 636 262 oi
655 232 809 269 τολμητίαι.

274 276 390 322 Anq/atto
401 286 485 316 δεινὰ,
496 283 569 310 δεινὰ
580 281 643 312 τοὺς
656 278 851 314 εἰργασμένους
866 276 897 302 ¹⁹.

273 334 361 369 Λήψοι
375 333 405 359 τὸ
419 331 563 365 πρόσωπον
580 326 671 353 αὐτῶν
684 324 799 359 αἰσχύνη
811 331 818 338 ·

274 381 367 413 Πάσης
381 377 488 403 πέσοιεν
501 375 533 400 ὲκ
548 371 714 405 δυναστικῆς
730 370 802 404 βίας,

274 425 328 450 Καὶ
340 421 494 458 συντριὸείη
510 419 564 445 πᾶν
579 418 607 444 τὸ
622 419 670 452 τῆς
683 416 778 451 ῥώμης
790 414 898 448 κράτος.

275 469 422 495 Γνώτωσαν
441 466 478 498 ὡς
493 465 525 492 σὺ
544 464 646 498 Κύριος
659 462 724 492 Θεὸς
740 461 830 495 μόνος,

275 514 338 545 Θεὸς
354 511 494 548 κραταιὸς,
508 510 559 544 γῆς
572 509 635 543 ὅλης
648 507 727 541 δόξης
739 506 809 536 ὅλος.

276 561 305 586 Ol
322 559 396 594 τρεῖς
413 557 464 592 μὲν
480 555 566 587 οὕτως
581 553 703 583 εὐσεϐεῖς
717 550 830 577 νεανίαι.

276 604 306 631 Ol
322 604 345 630 δ’
361 602 528 638 ἐμὸαλόντες
544 600 584 630 είς
600 597 715 631 κάμινον
730 597 792 626 τοὺς
805 595 891 627 νέους,

277 649 421 677 Βάλλοντες
436 647 485 673 οὐκ
500 645 607 671 ἔλειπον
620 641 718 676 οἷσπερ
732 641 781 676 τὴν
800 639 886 674 φλόγα

277 695 321 726 El;
334 693 402 728 βψος
417 690 495 728 ἦρον,
512 692 627 720 ἑπταχις
647 687 850 722 πυργουμένην.

280 738 326 770 Ἐξ
339 737 407 764 ἐπτὰ
423 735 517 770 πηχῶν
531 734 631 768 ἐϐρεμε
645 733 674 759 τὸ
687 731 742 766 πῦρ
758 731 839 766 μέγα,

282 783 315 809 Ἦ
332 782 397 817 φλὸξ
413 782 510 816 ἐχεῖτο,
524 780 572 806 καὶ
582 779 704 814 διέτρεχε
719 776 821 810 κύκλῳ,

275 828 371 861 Φλέγει
385 827 413 853 δὲ
429 826 531 856 πάντας
546 824 640 859 ὥσπερ
656 819 719 858 εὗρε
735 821 782 848 καὶ
798 819 901 854 κύκλῳ,

277 872 368 901 Δεινοῦ
383 871 515 906 τυράννου
530 869 644 903 δημίους
662 866 801 902 ὑπηρέτας
812 873 820 880 ⁸

277 917 332 944 Καὶ
348 915 518 950 συγκατῆλθε
533 913 579 940 τοῦ
596 913 664 940 Θεοῦ
676 911 871 947 παραστάτης·

277 961 360 993 οὗτος
375 954 484 996 ῥαπίζει
503 960 553 995 τὴν
568 959 683 994 κάμινον
703 957 833 985 κυκλόθεν

277 1007 399 1042 Φαιδρὸς,
417 1007 517 1041 ριφεῖσι
529 1006 585 1037 τοῖς
599 1005 669 1035 νέοις
683 1004 721 1034 εις
741 1003 784 1037 τὴν
800 1001 897 1036 φλόγα,
914 999 921 1010 ‘

279 1054 327 1084 '0;
343 1051 498 1079 ἐκτινάσσει
517 1050 567 1085 τῆς
579 1049 695 1084 καμίνου
711 1049 760 1083 τὴν
776 1047 874 1083 φλόγα,

278 1099 367 1126 Μέσον
383 1097 411 1124 δὲ
426 1097 535 1130 πνεῦμα
550 1097 600 1130 τῆς
615 1094 731 1129 καμίνου
747 1094 808 1119 πνεῖ
818 1092 913 1127 δρόσου

279 1144 370 1178 Ψύχον
384 1151 410 1168 τι
424 1141 447 1157 ’⁸
463 1141 578 1176 τερπνὸν
598 1142 644 1166 καὶ
663 1139 771 1175 συρίζον
787 1139 888 1172 ἡρέμα.

279 1189 316 1215 Τὸ
329 1187 383 1223 πῦρ
398 1186 526 1222 μερισθὲν
539 1185 597 1220 φῶς
617 1185 731 1219 παρεῖχε
743 1184 799 1214 τοῖς
811 1183 881 1213 νέοις
894 1188 902 1196 ’

280 1235 316 1261 Τὸ
331 1232 477 1260 καυστικὸν
494 1232 521 1257 δὲ
537 1233 593 1263 τοῖς
611 1230 742 1265 ἁνάψουσι
760 1229 860 1264 μόνοις,

280 1281 404 1314 Συνεῖχεν
417 1279 454 1310 ὡς
468 1278 589 1312 θάλαμος
600 1277 664 1312 ἡδὺς
675 1277 738 1307 τοὺς
750 1276 836 1307 νέους,

282 1325 413 1358 Ἐφλεξεν
429 1323 516 1355 οὐδὲν,
537 1324 566 1349 οὺ
587 1320 786 1356 παρηνώχλησέ
799 1327 838 1351 τι,

281 1370 402 1404 Δεσμούς
419 1369 529 1400 ἔκαυσε,
544 1367 597 1393 τῶν
612 1365 713 1401 τριχῶν
731 1365 875 1399 ἀπέσχετο,

286 1414 348 1440 Τότε
363 1413 522 1448 κροτςῦντες
540 1411 658 1443 εὐσεϐῶς
672 1411 696 1437 οί
711 1411 784 1445 τρεῖς
801 1409 860 1444 ἅμα

281 1460 340 1495 Mn?
355 1467 384 1486 τε
399 1459 509 1494 γλώσσῃ
525 1459 572 1486 καὶ
589 1459 638 1493 μιᾷ
654 1456 794 1492 προθυμίᾳ

283 1506 432 1536 Πλέκοντες
442 1502 512 1540 ἦσαν
525 1501 610 1536 αἶνον,
626 1503 738 1538 ὖμνουν,
754 1501 893 1536 εὐλόγου-ι,

283 1549 363 1586 Εἶχον
377 1550 497 1585 χορείαν,
515 1547 579 1586 ᾖδον
594 1548 781 1584 εὐχαριστίαν.

897 169 1055 202 JOANNIS
1074 163 1288 198 ΟΕΟΜΕΤΒιΕ

1069 235 1092 262 Α
1108 226 1162 250 Και
1178 222 1264 248 ταῦτα
1277 217 1399 253 τερπνῶν
1410 214 1560 250 ὲξεφώνουν
1576 211 1688 248 χειλέων
1698 217 1706 226 ·

1822 151 1831 182 1
1838 150 1890 183 0ῡύ

1114 269 1157 299 Ὠς
1174 265 1329 300 εὐλογητὸς.
1343 263 1380 294 ὡς
1394 261 1524 296 ὑμνητὸς,
1538 260 1576 290 ὼς
1590 258 1675 293 μέγας

1107 314 1174 345 Θεὸς
1187 311 1328 345 κραταιὸς,
1341 309 1442 344 Κύριος
1457 305 1672 341 παντοκράτωρί

1108 360 1174 390 Θεὸς
1185 357 1299 387 παλαιὸς
1313 356 1368 381 τῶν
1385 354 1468 380 πάλαι
1482 351 1664 386 γεννητόρων,

1115 404 1243 440 Ὑψηλὸς,
1260 402 1343 437 ὕψους
1356 400 1467 431 παντὸς,
1487 398 1593 425 αἰώνων
1604 396 1670 428 ἄνω,

1110 452 1165 478 Καὶ
1179 450 1274 484 κλῆσις
1287 448 1325 479 είς
1338 447 1450 482 ἄπειρον
1467 444 1574 471 αἰώνων
1585 443 1672 474 τέλος,

1111 495 1226 522 Νικῶσα
1241 492 1331 524 δόξαν,
1349 491 1444 525 ὕμνον,
1461 489 1527 523 ὕψος
1537 488 1585 514 καὶ
1599 487 1704 523 χρόνον.

1110 540 1221 566 Βλέπων
1235 537 1339 564 ἄνωθεν
1353 538 1402 571 τῆς
1421 534 1541 562 ἀϐύσσου
1556 534 1610 560 πᾶν
1630 532 1712 568 βάθος
1723 539 1731 546 ·

1109 586 1203 620 Θρόνῳ
1221 583 1362 619 Χερουωμ
1378 581 1481 615 ὲγκαθή
1487 588 1567 615 μενος
1583 578 1702 613 φλέγων,

1116 631 1160 663 Ὠς
1176 629 1332 663 εὐλογητὸς,
1347 627 1385 659 ὡς
1399 626 1529 662 ὑμνητὸς,
1545 624 1582 656 ὼς
1597 623 1702 658 μέγαςί

1113 677 1163 702 Ὃν
1182 673 1338 708 εὐλογοῦσιν
1353 672 1464 707 οὐρανοὶ
1477 670 1512 705 γῆ
1528 670 1576 696 καὶ
1590 669 1650 699 νόες
1660 676 1667 682 ⁸

1116 722 1162 754 Ὧς
1179 720 1334 756 εὐλογητὸς,
1346 719 1382 751 ὡς
1395 718 1525 754 ὑμνητὸς,
1538 716 1576 747 ὼς
1589 713 1690 750 μέγαςῐ

1409 783 1455 819 ρο’.
1482 783 1544 819 ᾮδὴ
1562 781 1604 809 H’.

1111 857 1151 883 Τὰ
1170 855 1278 887 κτιστὰ,
1293 855 1339 880 τὸν
1353 853 1485 880 κτίσαντα
1498 849 1617 885 Χριστὸν
1633 848 1749 882 εὐλόγει,

1079 915 1100 942 Β
1119 901 1244 936 ’Υψοῦτε,
1258 900 1404 931 δοξάζοιτε,
1423 897 1503 933 μέχρι
1518 895 1670 930 τερμάτων.

1115 949 1198 979 Πόλος
1213 946 1294 979 Θεοῦ,
1311 946 1370 976 νόες
1382 953 1422 977 τε,
1436 943 1480 970 τὸν
1491 941 1558 969 Θεοῦ
1570 941 1656 975 Λόγον

1119 993 1244 1028 ’Υψοῦτε,
1261 992 1396 1024 δοξάζοιτε
1417 990 1498 1024 μέχρι
1513 987 1668 1022 τερμάτων.

1115 1040 1205 1066 Ἀπαν
1219 1039 1250 1064 τὸ
1263 1037 1386 1073 ρευστὸν,
1401 1036 1478 1062 πᾶσα
1493 1035 1547 1060 τῶν
1560 1034 1616 1061 ἄνω
1633 1033 1726 1068 φύσις,
1741 1031 1863 1068 [ύψοῦτε]

1116 1086 1249 1119 Ἀστρων,
1264 1083 1379 1118 σελήνης
1393 1081 1501 1113 κάλλος,
1515 1079 1591 1114 ἡλίου
1604 1079 1682 1114 φάος,
1698 1077 1819 1114 [ὑψοῦτε]

1115 1131 1173 1156 Πᾶν
1184 1129 1303 1163 πνεῦμα,
1315 1129 1362 1154 καὶ
1370 1127 1424 1158 πᾶς
1434 1125 1536 1161 ὄμϐρος
1547 1125 1563 1160 ἢ
1574 1125 1648 1151 πᾶσα
1661 1124 1766 1159 δρόσος,
1777 1123 1901 1160 [suam]

1115 1175 1244 1204 Καύσων,
1256 1173 1350 1208 ψύχος,
1362 1172 1428 1206 πῦρ.
1444 1170 1538 1206 καῦμα
1550 1171 1595 1196 καὶ
1604 1169 1669 1204 φλὸξ
1681 1169 1767 1204 ἡλίου,
1779 1166 1903 1204 [ὑψοῦτε]

1115 1221 1175 1253 Φῶς
1194 1220 1238 1247 καὶ
1253 1219 1358 1250 σκότος,
1379 1218 1434 1253 πῦρ
1451 1217 1512 1252 ἡδὺ,
1530 1216 1631 1250 φέγγος
1646 1215 1764 1249 ἡμέρας,
1779 1211 1904 1249 [ὑψοῦτε]

1116 1267 1232 1301 Πάχναι,
1248 1264 1384 1300 κεραυνοὶ,
1400 1261 1498 1297 χιόνες,
1514 1261 1607 1294 πάγοι,
1625 1259 1703 1294 νέφη,
1716 1257 1840 1294 [ὑψοῦτει

1118 1312 1201 1347 Ὄρη,
1217 1311 1302 1343 λόφοι,
1317 1310 1351 1344 γῆ
1364 1309 1448 1340 πᾶσι,
1464 1308 1539 1334 πᾶσα
1553 1306 1605 1340 γῆς
1622 1305 1713 1340 φύσις,
1727 1303 1850 1340 [ὑψοῦτε]

1117 1357 1221 1392 Πηγαὶ,
1239 1355 1370 1387 Θάλασσα,
1387 1354 1437 1389 τῆς
1450 1354 1535 1389 ὑγρᾶς
1548 1353 1601 1380 πᾶν
1617 1351 1720 1386 θηρίον,
1738 1347 1859 1386 [ὐψοῦτε]

1118 1403 1212 1433 Θῦται,
1229 1400 1366 1436 προφῆται
1384 1399 1431 1425 καὶ
1445 1398 1555 1433 λάτραι,
1568 1397 1707 1432 νεωκόροι,
1722 1393 1845 1432 [ὐψοῦτι]

1119 1447 1213 1482 Ψυχαὶ
1225 1445 1348 1478 δικαίων,
1361 1446 1389 1472 αἱ
1405 1445 1486 1471 πνοαὶ
1497 1444 1551 1470 τῶν
1569 1441 1715 1476 κειμένων,
1729 1438 1850 1476 [ὐψοῦπ]

1120 1494 1152 1519 Οἱ
1165 1493 1265 1525 ζῶντες
1277 1490 1377 1524 ἁγνῶς,
1396 1490 1420 1516 οἱ
1435 1488 1561 1515 ταπεινοὶ
1576 1486 1685 1522 καρδίᾳ,
1699 1483 1820 1522 [ύψοῦτε]

1127 1537 1236 1564 ’Δνανία
1248 1545 1278 1562 τε
1294 1534 1414 1569 Μισαὴλ,
1436 1533 1558 1568 Ἀζαρία,
1573 1529 1695 1568 [ὐψοῦτε]

284 1640 355 1666 mala
366 1638 496 1666 invadant
510 1637 578 1664 mala
596 1640 759 1672 operantes;
782 1634 887 1670 operiat
901 1631 995 1659 facient
1018 1637 1066 1658 eo-
1082 1633 1103 1663 c
1119 1635 1201 1662 qttam
1211 1624 1448 1661 magnusestDeus
1457 1627 1564 1658 potens,
1576 1621 1707 1661 Dominus
1714 1621 1906 1648 universorum

284 1692 345 1712 rum
357 1683 503 1716 confusio;
524 1683 622 1709 cadant
650 1681 725 1708 otnni
753 1680 880 1715 potentiae
910 1682 962 1705 tua:
974 1677 1010 1708 vi,
1042 1679 1069 1703 et

285 1733 442 1756 conteratur
456 1727 563 1754 roboris
586 1727 693 1753 illortnn
720 1725 811 1752 omnis
835 1726 930 1751 virtus.
961 1722 1069 1757 Cogno-

286 1775 363 1798 seant
378 1771 441 1805 quia
454 1775 481 1796 tu
495 1770 625 1797 Dominus
652 1769 722 1796 Deus
754 1769 839 1800 solus,
873 1768 942 1794 Deus
962 1771 1068 1801 potens,

287 1817 441 1843 universam
457 1823 504 1850 per
520 1820 621 1843 terram
638 1815 723 1851 gloria
736 1814 891 1842 universus.
928 1819 932 1845 ι

323 1861 390 1889 Tres
401 1849 507 1896 quidem
523 1849 686 1896 juvenesﬁita
708 1860 752 1894 pie
775 1859 931 1886 cantabant.
951 1849 997 1893 qui
1022 1866 1071 1885 au-

288 1912 342 1934 tem
360 1907 508 1941 'mjecerant
523 1907 549 1933 in
563 1906 702 1933 fornacem
717 1905 842 1939 juvenes,
857 1912 910 1932 non
929 1904 1073 1932 cessabant

290 1952 435 1979 innnittcre
451 1952 578 1979 materias
592 1952 692 1986 quibus
709 1950 817 1977 ﬂamma
837 1951 863 1978 in
889 1951 973 1977 altum
989 1957 1018 1976 se
1029 1953 1072 1976 at-

290 1998 413 2028 tollebat,
425 1997 524 2031 septies
542 2002 571 2024 ιιι
597 1996 680 2023 tttrris
711 2003 873 2030 exsurgens.
898 1995 1073 2029 Septuaginta

289 2043 442 2069 cubitorunt
454 2041 523 2077 ignis
535 2041 606 2069 altus
620 2042 754 2076 rugicbat,
768 2042 877 2068 ﬂamma
890 2041 974 2068 eﬂ‘usa
987 2044 1028 2068 est
1047 2045 1074 2067 et

289 2088 465 2120 circumacta,
475 2088 610 2114 consltmit
623 2092 714 2114 antetn
728 2095 822 2114 omnes
834 2094 902 2122 quos
913 2087 1015 2114 circum
1031 2086 1073 2112 in-

288 2134 373 2166 ven-it,
383 2134 446 2160 saevi
459 2133 566 2168 tyranni
581 2133 705 2168 publicos
723 2133 864 2160 ministros
877 2143 884 2159 :
898 2131 1074 2160 etdescendit

289 2178 337 2206 Dei
367 2179 500 2206 assistens
531 2179 665 2213 angelus;
700 2179 869 2214 percutitque
895 2179 922 2204 in
941 2177 1073 2206 circulum

290 2224 428 2252 fornacem
442 2225 620 2259 conspicuus,
632 2224 766 2252 immissis
779 2224 926 2259 juvenibus
937 2224 963 2251 in
973 2224 1073 2258 ignem,

289 2274 318 2297 et
331 2270 434 2297 excutit
454 2270 480 2296 in
491 2270 601 2297 fornace
626 2269 774 2302 ﬂammam,
791 2271 964 2303 mediumque
994 2269 1075 2304 spiri-

291 2320 347 2342 tum
365 2315 391 2341 in
407 2314 520 2342 fornace
533 2315 620 2350 spirat
636 2315 715 2349 quasi
739 2316 809 2342 roris
823 2315 947 2349 spiritum
974 2315 1074 2349 jucun-

289 2360 354 2386 dum
371 2364 398 2386 et
411 2360 507 2388 leuiter
525 2360 692 2387 sibilantem.
709 2359 780 2395 Ignis
794 2360 889 2387 divisis
918 2359 1004 2387 lucem
1031 2359 1076 2394 ju-

290 2405 404 2432 venibus
418 2406 556 2438 praestitit,
575 2405 756 2440 ardoremque
767 2405 834 2432 solis
849 2405 1074 2438 incendentibus;

290 2449 397 2483 excepit
415 2454 444 2476 ut
459 2449 548 2476 mollis
562 2449 698 2477 thalamus
709 2449 834 2484 juvenes,
851 2456 904 2476 non
921 2456 969 2476 eos
997 2456 1075 2476 com-

291 2494 387 2526 bussit,
403 2502 491 2529 neque
501 2495 651 2529 quidquam
672 2495 804 2522 molestia:
832 2494 939 2527 attulit;
967 2494 1074 2522 vincula

290 2542 431 2575 cremavit,
447 2542 481 2569 ab
497 2549 591 2569 eorum
621 2542 727 2577 capillis
752 2541 895 2569 abstinuit.
926 2541 1002 2568 Tunc
1031 2541 1076 2576 pie

290 2588 453 2622 plaudentes
465 2593 520 2615 tres
531 2589 612 2615 simul
633 2589 749 2623 juvenes
775 2596 830 2615 una
857 2588 948 2623 lingua
972 2592 998 2614 et
1012 2588 1077 2622 ζυοο

292 2634 389 2660 ardore
403 2633 542 2668 conjuncti
555 2638 740 2661 cantaverunt
751 2634 868 2666 laudem,
886 2635 1015 2668 hymnum
1030 2640 1077 2660 ce-

289 2680 427 2709 cincrnnt.
441 2679 647 2712 benedixerunt,
661 2680 790 2708 choream
802 2684 926 2714 egerunt,
943 2680 1078 2706 actionem

291 2725 438 2759 gratiarum
449 2729 692 2759 exprompserunl;
710 2729 737 2752 et
766 2725 824 2752 hmc
848 2725 977 2752 suavibus
992 2731 1007 2752 e
1038 2724 1078 2751 la-

292 2770 349 2798 bris
363 2770 493 2798 dixerunt
507 2779 514 2798 :
531 2770 619 2803 Quam
635 2770 805 2803 benedictus,
821 2778 902 2805 qttam
923 2770 1078 2803 laudabilis,

332 2857 351 2875 "
367 2859 489 2894 ὴργασμ.
505 2858 567 2886 cod.
605 2859 628 2874 "
644 2857 759 2893 ψύχοντι
774 2858 832 2886 cod.

1119 1673 1175 1699 Rex
1189 1673 1195 1698 l
1211 1672 1281 1698 Deus
1295 1671 1425 1705 antiquus
1440 1669 1616 1703 antiquorum
1627 1672 1733 1702 patrum
1746 1667 1906 1697 altiSsimus,

1119 1727 1201 1753 supra
1212 1718 1382 1745 altitudinem
1399 1723 1519 1748 omnem,
1531 1719 1557 1742 et
1571 1722 1653 1742 omne
1666 1714 1804 1744 saeculum,
1818 1717 1844 1740 et
1858 1720 1909 1738 no-

1120 1771 1181 1790 men
1194 1762 1254 1797 ejus
1269 1762 1297 1789 in
1311 1761 1444 1788 inﬁnitam
1467 1759 1630 1787 saeculorum
1656 1759 1764 1789 seriem,
1795 1758 1908 1791 gloriam

1120 1815 1254 1843 superans
1280 1807 1387 1834 laudem
1418 1806 1588 1833 altitudinem
1603 1809 1629 1831 et
1653 1807 1769 1837 tempus.
1789 1801 1828 1828 Ex
1853 1803 1907 1828 alto

1121 1853 1243 1880 intuetur
1270 1851 1360 1886 abyssi
1384 1850 1606 1885 profunditatem,
1639 1849 1739 1876 throno
1766 1847 1907 1874 cherubim

1122 1898 1247 1925 ﬂammeo
1258 1897 1367 1924 insidet.
1380 1896 1466 1929 Quam
1477 1895 1647 1926 benedictus,
1658 1901 1740 1928 quam
1752 1892 1908 1922 laudabilis,

1123 1953 1203 1980 quam
1215 1945 1344 1979 magnus!
1354 1952 1433 1978 quem
1445 1942 1610 1970 benedicunt
1620 1942 1691 1971 cceli.
1701 1946 1772 1967 terra
1779 1945 1805 1967 et
1813 1946 1906 1966 mare:

1123 1997 1205 2025 quam
1223 1990 1396 2020 benedictus,
1416 1997 1497 2024 quam
1509 1987 1662 2018 laudabilis,
1678 1993 1759 2021 qttam
1771 1992 1886 2020 magnus
1900 1985 1908 2011 l

1365 2035 1427 2062 170.
1446 2034 1590 2062 Canticum
1607 2032 1676 2060 Vlll.

1160 2081 1268 2111 Creata.
1277 2081 1434 2108 Creatorem
1451 2080 1590 2107 Christum
1602 2077 1910 2110 benedicite,exaltate;

1125 2126 1273 2161 gloriﬁcatc
1292 2133 1379 2160 usque
1395 2126 1427 2152 ad
1440 2130 1574 2152 extrema.

1160 2172 1265 2200 Caelum
1278 2172 1334 2204 Dei,
1347 2171 1525 2206 spiritusque,
1543 2170 1627 2197 Deum
1646 2169 1764 2196 Verbum
1774 2168 1907 2202 exaltate,

1127 2218 1277 2252 gloriﬁcale
1293 2224 1378 2251 usque
1391 2216 1424 2243 ad
1436 2222 1570 2243 extrema.

1161 2263 1248 2290 Omne
1271 2263 1394 2294 ﬂuidum.
1409 2261 1500 2289 onmis
1518 2267 1634 2295 superna
1653 2263 1762 2292 natura,
1777 2259 1911 2290 exaltate:

1127 2312 1274 2339 astrorum,
1288 2309 1358 2335 luna:
1375 2307 1556 2342 pulchritudo,
1574 2306 1640 2333 solis
1664 2306 1766 2338 lumen,
1777 2305 1909 2335 exaltate;

1129 2353 1218 2380 omnis
1229 2353 1351 2387 spiritus,
1371 2352 1462 2379 omnis
1484 2351 1581 2382 imber,
1593 2351 1681 2378 onmis
1703 2357 1759 2383 ros,
1777 2349 1910 2381 exaltate;

1126 2406 1219 2431 aestus,
1236 2399 1330 2434 frigus,
1346 2398 1512 2434 ignis,calor
1526 2401 1551 2424 et
1564 2396 1670 2423 ﬂamma
1684 2395 1761 2428 solis,
1775 2395 1912 2426 exaltate;

1126 2445 1171 2472 lux
1183 2429 1344 2476 et'tenebra't,
1354 2429 1473 2478 jucunde
1483 2442 1624 2478 ignisdiei,
1632 2441 1770 2476 splendor,
1781 2440 1911 2472 exaltate;

1127 2492 1237 2527 glacies,
1245 2490 1368 2522 fulmina,
1376 2490 1461 2523 nives,
1470 2489 1540 2524 gelu,
1553 2487 1911 2520 nubes,exaltate;m0ntes,

1130 2537 1224 2569 colles,
1245 2530 1334 2563 omnis
1345 2541 1428 2567 terra,
1445 2534 1534 2561 omnis
1559 2538 1637 2560 terra:
1649 2537 1762 2564 natura,
1779 2531 1913 2564 exaltate;

1131 2582 1229 2612 fontes.
1248 2588 1332 2614 mare,
1347 2588 1479 2615 aquarum
1492 2579 1583 2607 omnia
1598 2578 1759 2610 animantia,
1775 2576 1913 2609 exaltate;

1133 2630 1301 2658 sacerdotes,
1317 2627 1457 2661 prophetae
1471 2629 1498 2653 et
1515 2624 1621 2658 famuli,
1636 2623 1758 2655 neocori,
1773 2622 1891 2649 exaltate
1906 2629 1915 2653 ;

1133 2673 1231 2700 anima:
1257 2670 1699 2707 juslorum,spititusjacentium,
1717 2668 1852 2698 exaltate;
1868 2667 1916 2701 qui

1130 2720 1222 2748 vivitis
1246 2724 1331 2752 caste.
1357 2720 1403 2755 qui
1426 2719 1508 2746 corde
1545 2718 1662 2746 humiles
1677 2717 1754 2750 estis,
1776 2714 1915 2746 exaltate;

1135 2765 1250 2799 Anania,
1263 2765 1367 2800 Misael,
1381 2764 1490 2797 Azaria,
1507 2764 1634 2792 exaltate.
