2082 3157
219 163 284 196 1001

877 163 1050 199 CABMINA
1064 165 1194 199 VABIA.

1778 170 1846 202 1002

214 222 312 257 Στίφος
326 221 485 257 προφητῶν,
502 222 660 258 μαρτύρων,
672 222 829 249 ἀποστόλων
844 221 968 258 [coasts]
1019 229 1041 254 Α
1057 223 1197 256 Γλώσσαις
1211 223 1372 259 προφητῶν,
1384 224 1561 261 πατριαρχῶν
1574 226 1724 262 μακρόθεν,

214 268 267 295 Τὸν
280 266 378 299 Φύντα,
389 266 436 293 τὸν
450 267 582 300 Φανέντα,
596 267 721 302 Πνεῦμα,
734 268 769 294 τὰ
782 268 855 303 τρία,

213 310 261 344 Εἷς
276 312 389 346 Κύριος,
407 311 534 347 σέϐοιμεν
550 312 580 338 ἓν
595 313 684 339 καὶτὸ
695 313 806 349 κράτος,

210 355 268 381 Νῦν
281 355 328 381 καὶ
343 355 408 390 πρὶν
422 355 469 382 καὶ
480 357 521 387 εἰς
531 356 632 388 αἰῶνας
643 356 760 384 αἰώνων,
782 357 879 393 Ἀμήν.

211 416 280 449 ροαν.
305 412 367 448 ᾭῖὴ
382 412 420 439 Θ’.
437 428 471 433 -
494 412 732 476 ’ῼδθῧίἐῖεᾶζδρου
749 415 1001 469 Μησροπαροένου

505 468 512 471 -
543 457 660 484 ιιιορης-
685 467 687 469 ι
798 465 805 469 ~

209 494 299 529 Ψυχὴ,
318 495 435 530 σέμνυνε
449 495 601 530 Δεσπότην,
617 495 648 522 τὸ
662 495 771 530 πνεῦμά
797 504 848 531 μου

215 540 353 574 ’Δγαλλία,
369 540 475 576 χόρευε,
493 541 572 576 χαῖρε
586 541 632 568 καὶ
643 541 746 576 κράτει.

214 586 319 613 Ἐπεῖδε
334 586 382 613 καὶ
399 587 454 622 γὰρ
470 587 572 622 Κύριος
588 586 656 622 πρὸς
674 587 723 621 τὴν
738 586 844 622 λάτριν,

208 633 262 659 Καὶ
277 632 327 667 τὴν
339 632 472 668 ταπεινὴν
489 630 555 669 ᾖρεν
570 632 609 664 είς
630 632 696 667 ὕψος
714 632 803 667 μέγα·

207 677 320 704 Τέθεικε
336 677 429 713 θαῦμα
446 678 495 713 τῆς
508 679 572 714 ὅλης
584 678 747 713 οἰκουμένης
760 686 767 693 ·

213 722 261 750 Ὶδὲ
275 722 449 754 κλεΐξει¹πᾱν
465 723 543 757 γένος
557 731 601 758 με,
620 723 676 749 πᾶν
691 722 767 754 ἔθνος
777 730 785 739 ⁸

207 768 334 802 Μέγιστά
351 777 398 804 μοι
414 769 528 804 δέδρακε
548 769 596 795 καὶ
609 768 728 803 κρείττω
746 768 826 802 λόγου

207 810 244 839 Οὗ
260 814 334 845 δόξα,
352 814 458 848 κλῆσις,
477 812 566 845 οἶκτος
586 814 637 840 οὐκ
654 814 723 848 ἔχων
735 815 806 850 ὅρον.

209 860 330 893 ’Ἐδειξεν
346 860 412 894 ἡμῖν
429 860 459 885 τὸ
473 860 573 894 κράτος
588 859 750 895 βραχιόνων.

206 903 269 931 Εἴλε
283 905 416 936 δυνάστας
432 906 464 932 ἐκ
480 906 594 940 θρόνων,
611 906 658 932 καὶ
670 907 730 937 τοῦς
747 907 821 932 κάτω

209 951 336 985 ’Ύψωσεν
351 952 383 978 ὲκ
399 952 460 986 γῆς,
477 951 609 986 ἐξέπλησε
626 952 762 986 γαστέρας

206 996 285 1031 Λιμῷ
303 998 444 1029 τακείσας,
461 997 570 1032 ἐξέτηξε
587 997 636 1031 τὴν
652 997 730 1031 ὓϐριν
744 1005 749 1011 ⁸

206 1043 260 1069 Τοῦ
273 1043 367 1073 παιδὸς
381 1043 523 1077 ἀντίληψις
545 1043 653 1078 Ἰσραὴλ
671 1044 733 1078 ἔφυ,

207 1088 305 1120 Καθὼς
317 1090 431 1123 προεῖπε
446 1091 502 1121 τοῖς
518 1089 644 1121 παλαιοῖς
661 1091 793 1124 πατράσι,

205 1135 277 1170 Πρὸς
301 1135 428 1170 Ἀϐραάμ
444 1144 475 1162 τε
492 1136 540 1162 καὶ
558 1137 666 1171 σεμνοῖς
688 1136 876 1171 Ἀδραμίδαις.

262 1192 326 1227 ροβ’.
344 1193 492 1227 Ζαχαρίου
509 1194 660 1228 θέσπισμα
680 1194 728 1221 καὶ
755 1195 940 1229 γρησμῳδίίι.

210 1245 251 1276 Ὠς
266 1246 420 1282 εὐλογητὸς,
448 1247 565 1282 Ἰσραὴλ,
582 1249 596 1274 ὁ
618 1249 765 1283 Δεσπότης,

204 1288 252 1321 Οἷς
270 1291 393 1326 εὐμενῶς
410 1293 514 1318 ὲπεῖἰεν
527 1294 645 1324 οἰκείους
661 1294 773 1329 λάτρας,

205 1336 259 1362 Καὶ
276 1336 371 1368 παιδὸς
384 1337 450 1372 οἴκῳ
470 1338 549 1364 Δαυῖδ
565 1339 661 1374 ἤγειρε
679 1340 763 1375 κέρας

203 1382 307 1409 Δέδωκε
323 1383 369 1409 καὶ
382 1383 518 1419 λύτρωσιν
531 1385 634 1419 αὐτοῖς,
652 1386 689 1417 ὡς
702 1386 754 1421 ἔφη

239 1458 347 1488 Cohors
376 1461 587 1496 prophetarum,
612 1469 776 1500 martyrum,
792 1466 991 1501 apestolorum,

1063 269 1187 304 Ἐχθρῶν
1199 270 1353 306 παρασχεῖν
1366 270 1507 306 δυσμενῶν
1520 272 1669 307 σωτηρίαν,

1058 312 1155 342 Oisc-cev
1167 316 1302 343 τεκόντων
1312 324 1319 331 ·
1335 316 1382 343 καί
1393 325 1423 343 τε
1439 318 1591 353 μνησθῆναι
1605 319 1704 353 λόγων,

1059 361 1161 396 Ὀρκου
1178 361 1201 387 0‘
1213 361 1242 388 ὃν
1259 358 1335 388 εἷπεν
1356 362 1482 398 Ἀϐραὰμ
1496 363 1588 390 δοῦναι
1601 365 1692 398 πάλιν,

1063 405 1213 433 Ῥυσθεῖσιν
1231 408 1295 441 ἡμῖν
1310 408 1400 443 χειρὸς
1414 409 1444 441 ἐξ
1456 408 1595 442 ἐναντίων,

1056 450 1136 486 Αὐτῷ
1149 452 1290 487 λατρεύειν
1310 453 1357 479 καὶ
1373 454 1447 489 μόνῳ
1462 454 1535 490 ζωῆς
1550 456 1672 490 χρόνους.

1056 496 1092 522 Σὺ
1103 496 1130 522 δὲ
1142 497 1296 533 προφήτης,
1309 498 1424 532 παιδίον,
1444 499 1511 526 Θεοῦ
1524 502 1601 536 γένῃ,

1022 550 1028 552 ·
1057 541 1111 568 Καὶ
1123 542 1176 577 πρὸ
1190 543 1337 577 προσώπου
1355 544 1515 581 προσδραμῇ
1531 546 1577 572 τοῦ
1593 548 1694 583 Κυρίου

1055 586 1154 619 Λίθους
1165 587 1267 623 διᾶραι,
1282 588 1331 619 τὰς
1345 589 1421 621 ὀδοὺς
1437 591 1590 625 ἑτοιμάσαι,

1020 625 1029 664 ξ
1054 632 1159 665 Γνῷσίν
1171 642 1201 660 τε
1217 634 1309 661 δοῦναι
1325 636 1392 662 πᾶσι
1403 636 1453 670 τῆς
1464 638 1614 672 σωτηρίας,

1054 679 1159 714 Λύτρον
1174 680 1208 707 δι’
1225 678 1316 708 οἶκτον
1326 683 1506 716 πταισμάτων
1521 684 1677 719 εὑρηκόσιν.

1061 722 1105 752 Ἐν
1117 724 1157 758 οἷς
1174 726 1273 759 ίδόντες
1285 728 1309 753 οἱ
1325 727 1477 763 καθήμενοι
1490 729 1581 756 σκότει

1061 771 1230 807 Ἐπισκοπῆς
1246 772 1305 807 φῶς
1316 772 1416 807 ὑψόθεν
1430 774 1593 808 διαυγάσαν,

1056 818 1140 849 "diu;
1155 818 1365 858 κατευθύνωμεν
1380 819 1419 851 εἰς
1432 820 1506 851 θείας
1519 821 1638 855 τρίϐους.

1420 880 1486 911 ρογ’.

1016 932 1035 958 Β
1053 931 1185 966 Παντοίην
1203 931 1300 966 βιότοιο
1316 932 1413 968 τάμοις
1428 934 1520 968 τρίϐον
1534 942 1541 949 ο
1559 935 1598 960 εἰν
1610 936 1697 971 ἀγορῇ
1713 938 1762 971 μὲν

1087 977 1177 1003 Κύδεα
1192 977 1240 1004 καὶ
1255 979 1375 1013 πυνητὸν
1387 979 1409 994 ²⁰
1424 980 1539 1015 πρήξιες
1552 989 1558 995 ”
1576 982 1604 1007 ἐν
1626 981 1653 1008 δὲ
1665 982 1758 1016 δόμοις

1053 1023 1198 1057 Ἀμπαυμ“
1207 1030 1213 1036 ·
1229 1024 1258 1049 ὲν
1270 1023 1292 1049 δ’
1304 1024 1400 1059 ἀγροῖς
1413 1025 1507 1059 φύσιος
1521 1026 1601 1061 χάρις
1613 1035 1619 1040 ·
1634 1027 1662 1053 ἐν
1675 1026 1704 1053 δὲ
1720 1028 1841 1063 θαλάσςῃ

1085 1070 1201 1104 Κέρδος·
1223 1070 1268 1096 ἐπὶ
1282 1070 1372 1105 ξένης,
1385 1071 1418 1105 ἢν
1437 1071 1486 1104 μὲν
1508 1072 1571 1107 ἔχῃς
1588 1080 1624 1103 τι,
1642 1072 1719 1104 κλέος
1731 1080 1738 1087 ⁸

1049 1115 1100 1141 “liv
1122 1114 1144 1141 δ’
1171 1115 1287 1150 ἀπορῇς,
1314 1116 1394 1150 μόνος
1422 1115 1504 1148 οἶδας.
1522 1117 1613 1152 Ἔχεις
1636 1118 1740 1152 γάμον;
1768 1116 1841 1150 οἶκος

1683 1163 1803 1199 [ἄριστος

1089 1206 1209 1232 Ἐσεται.
1231 1206 1267 1233 Οὐ
1287 1207 1417 1241 γαμέεις;
1437 1208 1486 1243 ζῇς
1503 1208 1541 1234 ἔτ’
1562 1209 1752 1244 ἐλαφρότερος.

1049 1253 1148 1283 Τέκνα,
1162 1253 1243 1283 πόθος
1255 1261 1261 1267 ·
1278 1253 1406 1287 ἄφροντις
1422 1253 1506 1285 ἄπαις
1522 1254 1596 1289 βίος’
1618 1255 1646 1280 αἱ
1663 1255 1786 1291 νεότητες

1089 1298 1253 1332 ¹Ρωμαλέαι,
1268 1299 1360 1325 πολιαὶ
1375 1299 1397 1325 δ’
1409 1299 1527 1333 ἔμπαλιν
1545 1301 1681 1331 εὖσεὸἐες.

1048 1344 1104 1370 Οὐκ
1119 1345 1173 1378 ἄρα
1189 1345 1243 1370 τῶν
1256 1345 1356 1372 δισσῶν
1374 1346 1453 1380 μόνον
1469 1347 1490 1362 ⁸¹
1506 1347 1623 1381 αἵρεσις,
1639 1348 1654 1382 ἦ
1671 1348 1700 1374 τὸ
1714 1348 1840 1381 γενέσθαι

1082 1390 1229 1423 Μηδέποτ¹,
1248 1391 1264 1426 ἢ
1280 1391 1310 1417 τὸ
1325 1391 1416 1418 θανεῖν
1429 1400 1436 1408 ·
1458 1393 1548 1419 πάντα
1566 1393 1620 1428 γὰρ
1631 1393 1719 1420 ¹ὲσθλὲι
1732 1394 1803 1428 βίου.

1049 1469 1288 1502 patriarcharum;
1312 1468 1427 1497 salutem
1451 1470 1637 1504 prazstiturum
1659 1471 1693 1499 ab
1721 1471 1840 1501 inimicis

201 1506 319 1533 exaltatc
332 1506 500 1541 Genitorem,
513 1507 652 1542 Genitum,
667 1511 810 1546 Spiritum,
827 1517 893 1545 tres,
908 1520 991 1539 unum
1018 1547 1024 1548 γ
1047 1512 1174 1547 pessimis
1186 1518 1294 1548 patrum
1310 1514 1473 1542 miseratum
1492 1524 1498 1542 :
1513 1521 1539 1543 et
1551 1516 1760 1545 recordaturum
1776 1526 1838 1545 vcr-

202 1549 362 1584 Dominum,
375 1551 524 1581 adoramus
537 1561 617 1580 unam
628 1563 738 1591 quoque
749 1558 909 1592 potentiam,
924 1566 997 1586 nunc
1008 1547 1031 1579 Ο
1049 1557 1157 1591 borum,
1170 1547 1424 1596 jusjurandumque
1448 1562 1521 1596 quod
1535 1562 1639 1597 iuravit
1653 1564 1686 1591 ad
1698 1564 1837 1592 Abraham

202 1600 230 1622 et
240 1596 314 1631 prius
327 1601 355 1625 et
374 1597 402 1624 in
416 1598 516 1626 saecula
529 1599 703 1629 saeculorum.
719 1601 816 1629 Amen.

202 1663 264 1690 171.
288 1663 434 1693 Canticum
463 1664 509 1692 IX.
535 1665 595 1707 Dei.
611 1667 727 1696 hominis
754 1668 851 1697 Matris
875 1670 992 1707 Virgini!

523 1707 668 1730 cantuum.
870 1716 874 1719 '

239 1765 350 1798 Anima,
363 1766 505 1802 magniﬁca
512 1767 671 1803 Dominum;
681 1770 794 1805 spiritus
804 1780 892 1806 meus,
905 1764 994 1801 exsul-

200 1815 240 1844 ta,
251 1812 331 1845 salta,
345 1812 439 1841 ltetare
448 1818 475 1841 et
485 1813 594 1848 plaude;
606 1818 727 1852 respexit
736 1818 807 1845 enim
818 1818 952 1847 Dominus
965 1820 991 1847 in

201 1859 338 1893 ancillam,
349 1864 378 1887 et
394 1860 524 1888 humilem
536 1862 623 1889 erexit
643 1863 671 1890 in
688 1872 827 1892 summum
841 1865 991 1901 fastigium.

201 1903 358 1938 Prodigium
378 1906 474 1934 statuit
499 1907 630 1936 universo
651 1909 722 1942 orbi,
736 1918 801 1938 ecce
821 1911 928 1939 invocat
949 1920 992 1940 me

200 1951 292 1978 onmis
313 1959 391 1987 gens,
404 1952 495 1979 omnis
513 1953 641 1989 populus.
654 1953 773 1983 Maxima
795 1955 859 1984 fecit
877 1957 944 1984 mihi
965 1962 993 1985 et

200 2002 326 2023 sermone
338 1998 623 2035 prtestantioramujus
635 2000 733 2034 gloria,
749 2009 848 2029 nomen
859 2021 867 2034 ,
884 2003 993 2029 miseri—

200 2041 291 2069 cordia
307 2050 361 2069 non
379 2043 481 2072 habent
496 2045 620 2074 limitem.
635 2047 761 2075 Ostendit
777 2048 856 2076 nobis
866 2048 991 2076 brachio-

202 2093 264 2113 rum
282 2088 446 2122 potentiam,
459 2091 598 2127 principes
619 2099 635 2120 ο
652 2092 751 2121 throno
765 2093 873 2128 dejccit,
891 2098 919 2122 et
945 2095 993 2122 de‘

198 2132 286 2166 jectos
301 2141 317 2161 e
339 2138 410 2162 terra
432 2136 546 2171 extulit;
562 2137 684 2173 implevit
703 2143 812 2167 ventres
835 2139 907 2168 fame
924 2148 991 2168 con-

200 2182 339 2213 sumptos,
371 2181 553 2215 opprobrium
570 2184 681 2211 exemit.
694 2183 812 2212 Puerum
826 2184 909 2213 Israel
926 2194 990 2214 sus-

1045 1603 1173 1631 daturum
1188 1604 1288 1632 iterum
1306 1606 1385 1633 nobis
1400 1606 1524 1635 liberatis
1534 1615 1550 1635 e
1562 1609 1690 1637 manibus
1711 1610 1837 1638 inimico-

1045 1656 1119 1681 rum,
1134 1654 1165 1677 ut
1179 1650 1218 1678 illi
1232 1651 1387 1679 serviamus
1408 1652 1457 1680 soli
1480 1657 1538 1681 toto
1559 1654 1621 1681 vitae
1648 1658 1780 1690 tempore.
1796 1655 1836 1683 Tn

1044 1699 1153 1728 autem,
1177 1703 1255 1730 puer,
1271 1697 1404 1732 propheta
1431 1698 1479 1727 Dei
1496 1698 1565 1732 lies,
1592 1704 1620 1728 et
1647 1701 1757 1735 praeibis
1774 1705 1838 1729 ante

1044 1739 1143 1768 faciem
1174 1741 1280 1769 Domini
1303 1742 1406 1777 lapides
1435 1743 1553 1776 aufer-re,
1578 1745 1637 1772 vias
1662 1753 1835 1780 praeparare,

1044 1783 1166 1819 dareque
1187 1787 1317 1814 omnibus
1343 1788 1485 1816 scientiam
1512 1790 1622 1823 salutis,
1643 1791 1833 1819 remissionem

1044 1835 1218 1864 peccatorum
1241 1840 1291 1868 per
1308 1833 1525 1863 misericordiam
1548 1836 1768 1870 invenientibus;
1789 1838 1835 1865 ubi

1045 1875 1168 1905 videntes
1181 1884 1242 1910 nos,
1256 1878 1302 1913 qui
1320 1879 1348 1907 in
1365 1880 1486 1908 tenebris
1497 1881 1671 1916 sedebamus,
1689 1884 1836 1918 vigilantia:

1043 1920 1131 1949 lucem
1157 1924 1301 1951 desursum
1326 1925 1528 1965 splendentem,
1541 1928 1624 1962 pedes
1639 1929 1790 1964 dirigamus
1805 1930 1833 1958 in

1042 1967 1102 1995 vias
1117 1967 1234 1996 divinas.

1405 2040 1465 2067 I75.

1082 2102 1258 2138 Multiplicem
1286 2105 1348 2133 vitae
1372 2107 1497 2135 semitam
1524 2108 1695 2144 distinguere
1718 2116 1782 2139 est:
1805 2113 1831 2140 in

1045 2146 1105 2175 foro
1130 2148 1249 2176 honores
1275 2154 1302 2177 et
1330 2152 1479 2186 prudentes
1499 2154 1636 2188 actiones;
1659 2156 1685 2182 in
1707 2156 1833 2184 dentibus

1043 2197 1134 2220 autem
1161 2195 1296 2228 cessatio;
1324 2196 1350 2223 in
1367 2197 1442 2231 agris
1458 2201 1692 2239 naturaz_gratia;_
1706 2202 1732 2228 in
1763 2205 1833 2230 mari

177 2235 181 2238 ~
200 2224 282 2259 cepit,
291 2225 369 2283 siluit
382 2225 492 2283 locutus
503 2231 546 2255 est
562 2229 683 2263 antiquis
704 2230 840 2264 patribus;
851 2231 989 2259 Abraham
1006 2236 1029 2265 D
1045 2237 1169 2271 lucrum;
1186 2239 1212 2266 in
1237 2224 1308 2268 terra
1330 2224 1430 2274 aliena.
1446 2224 1692 2279 siquidemohabcs
1714 2247 1831 2283 aliquid,

199 2271 224 2283 ιιι
253 2275 288 2283 nn
311 2268 338 2283 ει
361 2277 393 2283 ..ιι
453 2279 479 2283 ..-
492 2279 545 2283 .-μ
560 2272 621 2283 aut.

199 2271 228 2295 et
253 2268 393 2297 nobilibus
408 2270 547 2299 Abraham
560 2272 634 2301 ﬁliis.

200 2314 263 2343 I72.
282 2315 422 2344 Zachariae
438 2319 578 2347 oraculum
598 2326 623 2348 et
645 2322 827 2356 propheticum
841 2324 988 2351 canticum.

233 2361 321 2394 Quam
336 2362 507 2397 benedictus,
528 2365 622 2400 Israel,
642 2372 685 2394 est
696 2368 838 2400 Dominus,
851 2369 915 2404 quia
934 2370 989 2397 cle—

199 2412 306 2435 menter
319 2410 440 2445 respexit
458 2411 485 2438 in
497 2419 564 2440 suos
586 2420 691 2446 servos,
703 2418 731 2441 et
743 2415 822 2449 pueri
843 2416 886 2443 sui
907 2415 990 2444 David

200 2452 227 2479 in
247 2453 331 2481 domo
372 2462 457 2483 cornu
483 2458 593 2485 erexit!
617 2459 691 2487 dedit
709 2460 792 2487 etiam
814 2460 993 2490 talvationem

200 2496 265 2532 illis,
280 2503 310 2525 ut
321 2499 391 2527 dixit
402 2507 450 2535 per
468 2501 577 2538 linguas
595 2504 802 2540 prephctarum,
817 2507 994 2543 antiquorum

234 2585 257 2603 ’ί
271 2586 338 2623 Leg.
355 2591 477 2618 πινυταί.
517 2592 539 2607 ³¹
554 2592 644 2627 μόνων
658 2594 721 2622 cod.

381 2910 515 2943 PATBOL.
539 2914 596 2945 Gn.
614 2916 694 2947 CVI.

1044 2284 1160 2319 inclytus
1181 2286 1250 2319 erit;
1266 2287 1288 2314 si
1309 2295 1413 2323 pauper
1428 2297 1469 2321 es,
1484 2291 1560 2318 solus
1582 2292 1663 2319 nosti.
1688 2292 1834 2328 Nupsisti?

1041 2329 1139 2358 domus
1148 2331 1248 2360 nobilis
1259 2333 1312 2360 erit
1322 2342 1329 2367 ;
1341 2342 1393 2361 non
1404 2336 1519 2370 nupsisti
1528 2336 1539 2362 ?
1548 2337 1633 2364 levior
1643 2338 1733 2366 adhuc
1749 2340 1831 2368 vivas.

1042 2374 1133 2403 Liberi
1146 2376 1235 2406 dulcis
1249 2386 1342 2413 amor;
1359 2380 1419 2409 sine
1438 2381 1532 2410 liberis
1542 2383 1596 2410 vita
1614 2384 1722 2419 quieta;
1736 2385 1834 2419 juven-

1043 2425 1087 2449 tus
1114 2423 1236 2457 robusta,
1256 2425 1318 2453 cani
1345 2434 1360 2454 e
1383 2432 1478 2455 contra
1501 2429 1537 2463 pii
1566 2430 1663 2466 magis.
1686 2430 1744 2458 Non
1768 2440 1834 2467 ergo

1044 2468 1159 2496 duorum
1177 2470 1265 2498 solum
1281 2472 1378 2501 electio
1395 2474 1521 2507 habetur,
1534 2476 1577 2503 vel
1594 2484 1733 2512 nunquam
1749 2479 1834 2505 exsti-

1045 2513 1122 2547 tisse,
1139 2514 1181 2542 vel
1197 2516 1284 2550 mori;
1298 2525 1360 2545 nam
1370 2519 1461 2547 omnia
1480 2519 1507 2549 in
1523 2521 1576 2548 vita
1593 2526 1657 2549 sunt
1668 2521 1750 2549 bona.
1820 2555 1822 2559 ι

1636 2926 1674 2958 32
