2082 3157
243 169 312 202 τοοτ

871 166 1004 198 COSM/E
1023 166 1248 198 VESI‘I'I‘ORIS

1804 168 1872 202 1008

241 227 287 254 Det
302 225 432 258 assidua;
449 223 559 257 mulier,
586 229 646 258 qum
674 229 722 257 per
745 221 920 250 concordiam
943 222 1022 250 animi

1080 222 1127 250 τοῦ
1143 223 1212 250 Θεοῦ
1235 223 1491 260 ’προσκαρτεροῐῖσα⁸
1516 223 1586 258 γυνὴ
1605 223 1634 250 ἐν
1653 223 1767 260 ὁμονοίᾳ
1780 225 1870 260 ψυχῆς

239 272 422 307 corporisque
449 268 657 304 temperantiant
681 267 739 303 pari
757 275 866 303 semper
880 276 943 296 cum
969 268 1028 295 viro

239 323 290 343 suo
319 316 451 350 sapientia
467 313 598 342 enitebat.
617 312 773 339 Secundum
805 313 877 339 enim
901 313 1026 347 (primatu

240 361 314 388 illam
333 359 466 394 mulieris)
483 359 674 386 formationem
692 365 724 384 es
748 364 791 390 co,
808 357 855 392 qui
873 358 954 385 datus
974 358 1026 392 ipsi

239 406 339 439 conjux
353 413 366 431 a
384 405 437 432 Deo
454 404 514 436 fuit,
528 411 559 431 os
576 404 641 431 illud
655 404 704 430 viri
721 404 756 430 ab
767 405 842 431 omni
855 404 1020 431 detrimento

238 452 357 478 servavit
387 451 533 486 integrum.
563 450 734 485 coniugalem
770 457 867 484 nempe
892 450 929 477 illi
960 450 1026 477 alii:-

237 500 311 522 ctum
324 500 432 530 propter
444 502 566 522 amorem
583 493 628 521 Dei
641 499 745 521 sartunt
759 498 916 529 tectumque
927 499 1022 522 custo-

237 543 326 569 dieus.

273 586 314 614 IV.
330 586 389 615 Non
417 588 489 614 enim
510 587 538 614 in
564 587 712 622 perniciem
738 586 800 619 viri,
815 591 845 614 ut
870 587 934 614 olim
960 586 1024 616 Eva.

236 640 314 660 versa
330 639 388 668 est;
405 633 452 660 sed
477 632 639 668 adiutricem
661 640 691 660 se
706 632 744 660 illi
755 633 883 668 :_praebuit
905 638 961 660 tum
979 640 1026 667 per

234 679 327 713 iugem
354 679 486 705 virtutum
515 678 756 711 exercitationem,
773 684 830 706 tum
860 687 907 713 p-r
932 686 1025 713 preces

237 724 361 759 quotidie
383 723 416 750 ad
440 723 524 750 Deum
549 723 659 751 eﬂ‘usas.
678 722 744 750 Nam
767 724 823 758 pari
839 723 930 751 studio
944 723 1025 750 ambo

237 770 274 796 illi
289 769 418 804 coniuges
447 769 574 804 precibus
603 777 619 797 e
644 769 780 797 desiderio
805 769 890 804 prolis
915 769 1024 796 insiste-

236 815 312 849 bant,
327 823 380 843 non
397 806 476 843 secus
496 820 578 850 atque
604 816 723 851 agricola
747 815 828 843 simul
853 823 915 842 cum
941 823 1025 843 uxore

238 869 287 889 sua
299 869 424 897 asperam
439 865 539 889 terram
553 861 696 896 diligenter
717 861 951 895 excolentes,tlum
961 868 1024 896 pro-

235 908 335 943 iiciuut
350 915 453 941 semen,
467 908 576 935 uberem
592 907 708 934 fructum
725 911 922 934 consecuturos
936 914 965 934 se
979 914 1026 941 per

237 954 408 990 precationes
418 957 589 989 exspectant.
602 954 661 980 Non
676 953 763 981 instar
777 954 838 981 Este
853 961 916 980 cum
928 953 1025 985 Adam.

237 1001 399 1029 versabatur
413 1007 475 1027 cum
493 1000 552 1027 viro
567 1007 629 1031 suo,
644 999 691 1026 sed
710 999 792 1026 veluti
814 999 863 1034 ipsi
886 1006 978 1027 comes
998 999 1026 1026 in

236 1047 366 1082 operibus
392 1046 447 1074 Deo
463 1046 593 1081 acceptis.
610 1054 642 1073 ac
666 1045 747 1072 simul
765 1053 828 1073 eum
844 1053 877 1073 eo
902 1045 929 1072 in
946 1045 1028 1072 bene—

237 1092 317 1120 factis
332 1091 520 1126 spiritualibus
532 1091 705 1118 collaborans
717 1099 724 1124 ;
737 1097 819 1125 atque
831 1095 860 1117 ut
870 1091 961 1126 portio
976 1090 1026 1117 viri

237 1146 353 1174 prorsus
369 1138 451 1170 bona,
466 1138 593 1165 connubii
611 1137 729 1164 fructum
745 1137 796 1171 ipsi
813 1137 944 1164 eximium
961 1144 1026 1171 pro-

237 1182 309 1210 tulit.
327 1183 360 1210 Et
381 1182 502 1218 profecto
515 1182 569 1209 Eva
584 1183 693 1217 quidem
715 1187 825 1217 propter
846 1182 952 1209 arboris
969 1181 1027 1208 t‘ruc

237 1233 312 1255 ctum
326 1228 455 1254 universo
468 1227 571 1254 mundo
585 1233 697 1253 causam
714 1233 742 1253 se
755 1225 881 1252 mmruris
894 1225 1024 1260 praebuit;

237 1278 266 1301 at
282 1274 382 1308 cultius
396 1273 532 1301 Joachimi
546 1273 624 1300 Anna
638 1279 685 1307 per
703 1272 822 1300 fructum
841 1271 910 1299 uteri
928 1271 1026 1307 gaudio

236 1318 359 1346 Creatori
374 1318 437 1346 fuit.

271 1363 305 1392 ν.
321 1364 455 1392 Omnibus
482 1371 566 1399 porro
594 1364 763 1399 exploratum
786 1369 837 1398 est,
855 1365 947 1394 Mariae
975 1365 1024 1394 Dei

237 1411 369 1440 Genitrici
381 1411 501 1438 faustum
529 1410 595 1438 illud
612 1411 740 1437 nuntium
760 1411 880 1438 delatum
899 1411 983 1440 I'utsse
998 1412 1025 1440 in

232 1457 345 1485 Galilaea
367 1457 499 1492 gentium,
515 1456 542 1483 in
571 1456 654 1484 domo
669 1455 781 1492 Iosephi
796 1457 887 1488 Fabri,
908 1457 956 1492 qui
989 1458 1023 1485 ad

231 1505 384 1533 eludendas
394 1505 497 1533 diaboli
510 1504 727 1532 machinationes
738 1504 818 1532 datus
825 1505 908 1532 etiam
920 1504 1024 1541 Virgini

1079 269 1127 296 καὶ
1149 269 1326 305 σωφροσύνης
1348 269 1476 306 σώματος
1498 270 1529 296 τὸ
1551 270 1718 306 μονότροπον
1748 271 1792 297 ἀεὶ
1820 272 1871 307 τῆς

1079 314 1207 349 γνώσεως
1224 316 1292 351 μετὰ
1302 316 1348 342 τοῦ
1361 316 1458 351 ἀνδρὸς
1470 317 1641 352 κτησαμένη.
1657 317 1736 344 Κατὰ
1751 317 1805 352 γὰρ
1820 318 1870 352 τὴν

1079 359 1178 385 πλάσιν
1192 360 1238 386 τοῦ
1263 360 1457 395 συζευχθέντος
1481 361 1552 396 αὐτῇ
1575 362 1651 396 παρὰ
1674 361 1721 388 τοῦ
1736 362 1815 394 Θεοῦ,
1839 362 1870 388 τὸ

1077 404 1173 431 ὀστοῦν
1185 405 1315 432 διέσωσεν
1327 408 1518 443 ἀσυντρίπτως
1530 407 1577 434 τοῦ
1595 408 1702 443 ἀνδρὸς.
1719 407 1764 434 διὰ
1779 408 1809 434 τὸ
1823 417 1869 442 φι-

1077 450 1169 478 λόθεον
1186 452 1216 479 τὸ
1242 452 1433 488 φιλάνθρωπον
1447 454 1523 490 αὐτῷ
1546 454 1798 490 παραφυλάττουσα
1819 454 1868 489 τῆς

1078 497 1232 533 ξυνωρίδος.

1111 586 1147 613 Δ’.
1166 586 1204 612 Οὐ
1227 586 1281 622 γὰρ
1306 586 1474 622 βλαπτικῶς,
1496 586 1534 619 ὡς
1557 587 1574 622 ἡ
1598 585 1664 620 Ιίὗα,
1687 588 1868 623 μετεποιήθη.

1076 631 1143 658 ἀλλὰ
1160 632 1256 668 βοηθὸς
1277 632 1316 667 τῷ
1336 633 1414 668 ἀνδρὶ
1430 633 1606 669 συνηρμόσθη
1624 633 1670 659 ὲπί
1693 642 1722 660 τε
1737 635 1793 665 τοῖς
1813 634 1866 660 τῶν

1076 677 1181 713 ἀρετῶν
1194 678 1402 713 πολιτεύμασιν,
1416 678 1463 704 ὲπί
1478 686 1507 704 τε
1519 679 1578 709 ταῖς
1593 678 1637 704 διὰ
1649 678 1699 713 τὴν
1715 678 1783 712 πρὸς
1798 678 1866 704 Θεὸν

1077 723 1203 755 ἱκεσίαις.
1221 723 1300 755 Ἴσως
1315 723 1369 758 γὰρ
1383 724 1409 750 oi
1431 723 1478 750 δύο
1491 724 1555 758 περὶ
1569 724 1619 758 τὴν
1639 724 1732 758 δέησιν
1743 723 1793 758 τῆς
1806 724 1868 750 ἑπι-

1076 769 1176 803 θυμίας
1189 769 1331 804 ἀπέκαμον
1345 769 1391 795 τοῦ
1412 769 1519 796 τέκνου·
1533 769 1594 796 καθ’
1607 769 1638 796 ὃν
1657 770 1757 804 τρόπον
1779 778 1868 805 γεωρ-

1075 815 1123 849 γὶς
1137 816 1195 850 ἅμα
1210 816 1259 850 τῆς
1277 815 1360 842 αὐτοῦ
1376 816 1516 849 γυναικὸς,
1535 816 1628 851 χώραν
1649 816 1870 851 καλλιεργήσαν-

1075 870 1120 893 τος
1135 862 1243 897 χέρσον,
1258 861 1304 888 τὸν
1327 861 1430 897 σπόρον
1453 861 1700 897 καταϐαλλόμενοι,
1718 862 1769 896 τὴν
1790 862 1870 896 εὐφο-

1078 906 1139 942 ρίαν
1152 906 1206 932 τῶν
1219 906 1333 942 καρπῶν
1349 907 1490 942 ἐπιτυχεῖν
1504 907 1538 933 δι’
1564 907 1647 942 εὐχῆς
1659 907 1869 943 ἁπεκδέχονται.

1077 952 1133 987 Οὐχ
1149 952 1186 984 ὼς
1201 952 1218 986 ἡ
1234 951 1291 978 Εὔα
1308 951 1450 986 συζήσασα
1471 952 1511 987 τῷ
1534 953 1631 987 Ἀδὰμ,
1647 953 1706 979 ἀλλ’
1719 953 1757 984 ὡς
1772 961 1869 988 συνερ-

1076 999 1124 1032 γὸς
1143 998 1337 1033 εὐχαριστίας,
1358 999 1406 1025 καὶ
1425 998 1604 1033 συμπονοῦσσ.
1631 999 1689 1034 μετ’
1707 999 1790 1025 αὐτοῦ
1809 1000 1870 1031 ταῖς

1075 1044 1206 1079 ψυχικαῖς
1226 1045 1410 1080 εὐεργεσίαις
1428 1046 1476 1072 καὶ
1495 1044 1534 1076 ὡς
1551 1045 1664 1081 ἀληθῶς
1682 1045 1771 1080 ἀγαθὴ
1789 1045 1869 1081 μερὶς

1076 1091 1301 1126 τελεσφορήσασα
1321 1091 1371 1126 τὴν
1393 1091 1486 1126 κοίτην
1508 1091 1548 1126 τῷ
1571 1091 1660 1125 ἀνδρί.
1688 1091 1721 1117 Ἦ
1744 1091 1794 1126 μὲν
1813 1090 1868 1125 γὰρ

1076 1132 1134 1163 Εὗα
1144 1136 1188 1163 διὰ
1202 1135 1308 1171 καρπὸν
1323 1135 1407 1171 φυτοῦ
1418 1136 1458 1171 τῷ
1468 1136 1563 1172 κόσμῳ
1575 1136 1665 1172 λύπης
1681 1136 1789 1171 ἐγένετο
1803 1136 1868 1171 πρό-

1078 1181 1163 1214 ξενος·
1179 1182 1196 1217 ἡ
1211 1181 1239 1208 δὲ
1258 1180 1306 1207 τοῦ
1327 1181 1455 1216 Ὶωακεὶμ
1477 1182 1561 1208 ’Ἅννα
1581 1181 1625 1208 διὰ
1645 1181 1752 1218 καρπὸν
1765 1181 1868 1212 κοιλίας

1077 1227 1116 1263 τῷ
1130 1228 1235 1265 Κτίστῃ
1247 1228 1452 1264 κεχρημάτικεν
1465 1228 1548 1264 χαρά.

1112 1364 1150 1391 E'.
1167 1364 1255 1391 Πᾶσιν
1274 1363 1366 1398 μέντοι
1386 1363 1518 1398 γνωστὸν,
1531 1362 1570 1395 ὡς
1583 1362 1612 1390 ἐν
1624 1363 1658 1399 τῇ
1672 1362 1803 1399 Γαλιλαίᾳ
1814 1362 1869 1389 τῶν

1076 1409 1160 1436 ἐθνῶν
1184 1410 1201 1445 ἠ
1220 1409 1353 1440 Θεοτόκος
1369 1408 1552 1444 εὐηγγελίσθη
1575 1409 1670 1444 Μαρία
1686 1410 1716 1435 ὲν
1741 1408 1779 1444 τῷ
1801 1408 1868 1443 οἴκῳ

1075 1455 1122 1483 τοῦ
1140 1456 1264 1488 τέκτονος
1287 1455 1398 1490 Ἰωσὴφ,
1414 1454 1460 1482 τοῦ
1476 1455 1522 1482 καὶ
1543 1455 1765 1491 χρηματίσαντος
1775 1474 1783 1486 ,
1797 1455 1870 1481 κατὰ

1076 1502 1256 1538 συναρπαγὴν
1277 1501 1324 1528 τοῦ
1346 1501 1471 1528 διαϐόλου
1506 1501 1624 1535 συζύγου
1649 1501 1698 1536 τῆς
1714 1501 1868 1536 Παρθένου.

232 1550 334 1585 couqu
363 1550 463 1578 fuerat.
481 1549 516 1577 At
545 1557 642 1578 rursus
669 1554 840 1585 compertum
867 1554 920 1583 est,
936 1550 1022 1586 ipsam

1075 1548 1194 1583 Εὔδηλον
1217 1548 1246 1575 δὲ
1270 1548 1362 1578 πάλιν.
1387 1548 1428 1575 ὃτι
1443 1548 1472 1575 ὲν
1493 1547 1619 1583 Βηθλεὲμ
1634 1548 1801 1583 γεγέννηκεν
1821 1547 1869 1574 τὸν

228 1596 373 1624 Christum
404 1596 541 1631 peperisse
569 1597 596 1623 in
627 1596 1022 1632 Bethleem;quandoquidem

234 1644 292 1671 haec
311 1643 370 1678 ipsa
388 1643 466 1675 urbs.
478 1643 571 1670 ltabita
589 1643 686 1670 matris
703 1642 819 1675 ratione,
832 1643 914 1670 etiam
935 1643 1023 1678 patria

233 1690 320 1725 ipsius
337 1695 405 1720 erat.
422 1688 511 1724 prouti
538 1696 630 1715 sermo
659 1687 774 1716 init-rius
803 1688 1022 1722 demonstrabit;

231 1743 297 1763 nam
325 1739 435 1770 paterna
455 1735 516 1770 eius
538 1734 636 1762 domus
650 1733 848 1769 Hierosolymis
872 1739 946 1767 erat,
963 1743 1023 1770 quae

231 1781 466 1815 circumcingebat
488 1779 666 1815 probaticant,
679 1784 709 1807 ut
724 1780 806 1815 vulgo
822 1781 1021 1815 appellabatur,

227 1827 368 1862 piscinam
380 1826 430 1861 (l),
444 1825 474 1853 in
487 1833 541 1860 qua
561 1825 688 1853 Christus
702 1832 734 1852 ac
746 1825 818 1853 Deus
832 1830 924 1854 noster
942 1834 1022 1861 para-

233 1870 346 1905 lyticum
360 1878 375 1898 a
394 1870 504 1905 triginta
525 1872 554 1896 et
575 1873 637 1896 octo
651 1869 731 1896 annis
759 1869 795 1895 ibi
809 1869 944 1903 iacentem
960 1877 1022 1896 sur-

226 1923 298 1952 gere
319 1915 419 1951 iubens
440 1915 567 1948 sanavit;
581 1914 652 1941 velut
670 1913 717 1948 qui
744 1920 777 1941 es
792 1913 837 1941 illa
862 1913 944 1941 domo
957 1914 1023 1942 allo-

233 1962 325 1998 gorice
344 1968 504 1997 egressurus
523 1964 583 1988 erat
609 1965 703 1995 pastor
720 1958 812 1986 ovium
835 1959 1021 1987 rationalium.

232 2007 335 2035 Deinde
347 2011 375 2034 et
398 2006 426 2034 in
443 2006 516 2034 illius
527 2013 606 2041 aqua
621 2005 725 2040 piscina
742 2005 892 2040 symbolice
909 2012 1022 2040 expres-

231 2060 290 2082 sam
313 2052 440 2080 novimus
455 2051 582 2086 baptismi
608 2050 740 2086 gratiam;
758 2058 821 2077 nam
845 2055 872 2078 et
899 2050 1023 2078 diuturni

231 2100 337 2129 erroris
362 2099 506 2134 aegritudo,
522 2105 594 2133 quae,
609 2106 665 2125 non
691 2105 772 2126 secus
788 2105 821 2126 ac
848 2098 875 2125 in
899 2098 1022 2132 corporis

231 2147 362 2174 membris
373 2145 430 2174 ﬁeri
442 2145 522 2177 solet.
533 2145 641 2172 animas
655 2144 796 2171 hominum
809 2143 927 2179 quadam
938 2143 1021 2170 veluti

230 2189 348 2225 paralysi
360 2189 562 2220 debilitarerat,
574 2187 737 2222 purilicante
748 2187 851 2222 Spiritu
864 2195 911 2222 per
921 2195 1020 2221 aquam

230 2240 326 2263 sanata
336 2239 379 2262 est
389 2243 396 2267 ;
407 2234 636 2269 quemadmodum
646 2234 729 2261 etiam
745 2234 771 2260 in
787 2233 871 2268 ﬁgura
883 2233 1021 2262 Bethleem

230 2287 295 2308 eum
307 2280 457 2312 cernimus,
469 2279 517 2314 qui
530 2279 709 2306 fermentatus
720 2282 763 2305 est
775 2278 927 2312 spiritualis
943 2279 1022 2313 panis

230 2325 302 2352 vitae.
321 2324 358 2352 Ibi
383 2323 509 2352 Christus
533 2329 560 2351 et
583 2324 634 2352 sub
662 2323 751 2359 angeli
767 2323 859 2358 specie
875 2323 950 2351 visus
979 2329 1021 2352 est

229 2370 359 2403 Abrahae,
376 2370 423 2406 qui
453 2370 554 2405 pariter
569 2370 596 2397 in
623 2369 710 2397 forma
728 2369 816 2404 angeli
840 2377 902 2396 cum
917 2368 1020 2398 Jacobo

231 2419 351 2445 luctatus
364 2422 414 2444 est.
433 2416 494 2452 Ipse
506 2420 547 2443 est
562 2416 646 2448 enim,
663 2415 709 2450 qui
723 2415 756 2442 ad
775 2415 1019 2450 evangelizsndum

266 2519 304 2554 (l)
323 2519 471 2554 Paternum
485 2517 606 2554 Deiparze
630 2517 740 2554 domum
755 2518 850 2544 eodem
873 2518 953 2546 modo
968 2518 1016 2547 de-

229 2552 320 2587 signat
347 2554 429 2581 etiam
462 2553 492 2581 S.
519 2552 637 2580 Jbannes
671 2552 868 2588 Damascentts,
889 2553 1016 2588 inquiens

228 2589 280 2625 (De
308 2588 368 2616 Fid.
382 2588 505 2625 Orthod.»
520 2588 569 2615 lib.
582 2595 616 2617 tv.
639 2596 702 2625 cap._
719 2588 762 2625 H)
778 2597 799 2625 :_
810 2587 904 2625 Itaque
927 2587 1016 2624 gratia

229 2623 302 2660 (nam
321 2625 472 2660 hocnsonat
488 2623 572 2660 Anna:
591 2623 758 2660 vocabulum)
781 2623 1016 2658 Dominam'parit

228 2659 268 2693 (id
281 2660 349 2686 enim
364 2659 458 2686 "urite
473 2659 577 2686 nomine
592 2659 769 2693 signiﬁcatur,
787 2666 845 2693 qm?
859 2667 916 2686 aere
930 2660 1016 2686 omnis

228 2701 359 2721 creatum
377 2695 486 2721 domina
498 2694 570 2728 facta
582 2694 628 2725 sit,
638 2701 698 2719 cum
722 2698 806 2720 mater
820 2693 955 2721 Creatoris
969 2702 1015 2721 ατ-

227 2730 328 2761 slitit);
345 2730 465 2756 nascitur
479 2734 565 2755 autem
580 2729 608 2755 in
624 2728 702 2755 domo
716 2728 859 2762 probalita:
881 2728 1014 2760 Ioue/tim,

229 2768 307 2798 atque
321 2764 355 2790 ad
368 2764 492 2797 templum
509 2762 651 2790 adducitur
666 2763 805 2796 (Τίκτεται
828 2763 856 2789 δὲ
872 2764 902 2790 ὲν
914 2763 952 2798 τῷ
966 2764 1016 2798 τῆς

228 2799 399 2832 πρυϐατικῆς
422 2799 470 2825 τοῦ
489 2799 618 2831 Ὶωακεὶμ
637 2798 714 2832 οῖκῳ,
733 2799 780 2824 καὶ
796 2798 834 2833 τῷ
851 2798 916 2833 ίερῷ
929 2807 1016 2833 προσ-

229 2823 518 2872 εξετᾲιδςξῖιςςάίιοιὶί
536 2823 696 2872 usuusu:
710 2823 803 2872 non",
820 2823 882 2860 ιιπε
902 2823 1016 2872 satis.

231 2867 381 2902 Lequiuius
405 2866 521 2903 (itt'not.
539 2867 572 2896 ad
594 2868 622 2896 h.
642 2868 693 2900 I.):
714 2866 844 2894 Nascitur
872 2873 961 2895 autem
988 2869 1016 2895 in

1075 1596 1204 1630 Χριστόν·
1218 1596 1259 1622 ὅτι
1275 1596 1324 1622 καὶ
1345 1596 1446 1631 πατρὶς
1463 1595 1549 1630 αὐτῆς
1568 1595 1638 1630 αὐτὴ
1653 1596 1670 1630 ἡ
1691 1595 1768 1626 πόλις
1787 1594 1868 1628 ἐτύγ-

1075 1650 1157 1677 χανεν
1173 1642 1211 1673 ὡς
1233 1641 1288 1668 ἀπὸ
1313 1641 1428 1677 μητρὸς.
1455 1641 1528 1668 καθὰ
1553 1640 1733 1676 παρακατιὼν
1751 1641 1767 1667 ό
1788 1640 1869 1674 λόγος

1076 1687 1258 1722 παραστήσει.
1286 1687 1317 1714 '0
1330 1686 1385 1723 γὰρ
1407 1687 1542 1722 πατρικὸς
1564 1687 1650 1721 αὐτῆς
1674 1684 1759 1719 οἶκος,
1783 1686 1797 1712 ό
1817 1685 1868 1721 τὴν

1075 1732 1244 1767 προϐατικὴν
1256 1732 1421 1768 περικλείων
1437 1733 1466 1759 ὲν
1486 1731 1667 1767 Ἰερουσαλὴμ
1683 1731 1818 1767 ὑπῆρχεν,
1829 1731 1868 1763 ὡς

1073 1778 1152 1812 λόγος
1167 1779 1264 1810 είπεῖν,
1291 1778 1498 1815 κολυμϐήθραν,
1524 1779 1553 1806 ἐν
1611 1778 1655 1805 τὸν
1671 1779 1701 1805 ὲν
1720 1778 1867 1813 τριάκοντα

1074 1824 1122 1851 καὶ
1135 1824 1208 1851 ὀκτὼ
1227 1824 1334 1859 χρόνοις
1355 1825 1555 1860 κατακείμενον
1573 1824 1760 1860 παραλυτικὸν
1772 1825 1786 1850 ὸ
1801 1825 1869 1859 Χρι-

1075 1871 1137 1902 στὸς
1156 1871 1204 1898 καὶ
1220 1870 1286 1902 Θεὸς
1303 1870 1381 1906 ἡμῶν
1396 1870 1582 1906 ἐθεράπευσεν
1606 1870 1764 1906 ἱξεγείρας,
1781 1871 1819 1901 ὠς
1837 1869 1868 1902 ἐξ

1074 1916 1180 1943 ἐκείνου
1199 1915 1304 1951 μέλλων
1320 1915 1367 1942 τοῦ
1386 1916 1462 1943 οῖκου
1477 1915 1676 1952 ἐκπορεύεσθαι
1691 1915 1866 1951 συμϐολικῶς

1074 1961 1176 1997 ποιμὴν
1196 1962 1251 1988 τῶν
1274 1961 1393 1996 λογικῶν
1413 1961 1570 1997 προϐάτων.
1595 1960 1662 1989 Εἶτα
1682 1962 1731 1989 καὶ
1753 1961 1798 1988 διὰ
1817 1961 1867 1995 τῆς

1074 2008 1164 2034 ἐκεῖσε
1192 2007 1239 2034 τοῦ
1264 2007 1362 2040 ὓδατος
1380 2007 1576 2043 κολυμϐήθρας
1603 2007 1652 2035 τοῦ
1677 2007 1867 2042 βαπτίσματος

1074 2054 1288 2089 προτυπωθῆναι
1304 2055 1336 2081 τὸ
1350 2055 1484 2090 χάρισμα·
1501 2054 1548 2082 καὶ
1562 2054 1617 2089 γὰρ
1630 2054 1740 2090 χρονίας
1761 2053 1867 2087 πλάνης

1075 2100 1092 2135 ἡ
1115 2100 1193 2131 νόσος
1216 2100 1265 2132 τὰς
1284 2100 1340 2127 τῶν
1365 2100 1529 2136 ἀνθρώπων,
1545 2099 1584 2132 ὡς
1607 2100 1637 2126 ὲν
1659 2099 1737 2133 τάξει
1762 2098 1864 2134 μελῶν,

1075 2145 1260 2180 παραλύσασα
1281 2145 1391 2180 ψυχὰς,
1416 2145 1551 2181 καθάρσει
1576 2145 1624 2172 τοῦ
1648 2145 1805 2181 πνεύματος
1831 2144 1866 2171 δι’

1075 2189 1172 2222 ὕδατος
1187 2190 1300 2225 ὑγιώθη⁸
1316 2190 1410 2226 ὥσπερ
1425 2191 1472 2218 καὶ
1485 2192 1513 2217 ὲν
1527 2191 1666 2226 προσώπῳ
1678 2191 1729 2226 τῆς
1742 2191 1866 2226 Βηθλεὲμ

1035 2220 1062 2250 D
1074 2236 1088 2262 ό
1107 2220 1188 2271 ἄρτος
1204 2220 1333 2272 έζυμῶθη
1354 2237 1369 2263 ὁ
1390 2220 1486 2272 νοητὸς
1504 2220 1555 2272 τῆς
1573 2220 1657 2271 ζωῆς;
1676 2220 1762 2264 ’έᾷοα
1774 2220 1832 2263 ’καὶ
1846 2220 1865 2262 ’ό

1074 2282 1192 2318 Χριστὸς
1211 2282 1400 2318 ἁγγελοφανὴς
1416 2282 1562 2318 ὑπεδείχθη
1574 2283 1614 2318 τῷ
1634 2282 1772 2318 Ἀϐραὰμ,
1789 2283 1804 2308 ό
1816 2283 1864 2309 καὶ

1074 2327 1113 2362 τῷ
1131 2328 1230 2355 Ἰακὼϐ
1250 2328 1457 2364 προσπαλαίσας
1480 2329 1510 2355 ὲν
1524 2328 1642 2363 ἀγγέλου
1658 2329 1761 2364 μορφῇ.
1777 2327 1864 2359 Αὐτὸς

1074 2373 1129 2409 γάρ
1143 2373 1216 2400 ἔστιν
1236 2374 1251 2401 ό
1271 2373 1355 2400 ἐλθὼν
1371 2374 1600 2408 εὐαγγελίσασθαι
1616 2375 1671 2406 τοῖς
1692 2373 1802 2410 μακρὰν
1815 2373 1865 2400 καὶ

1072 2420 1131 2452 τοῖς
1143 2419 1237 2454 ἐγγύς·
1251 2420 1332 2452 αὐτός
1347 2420 1421 2448 ἔστιν
1443 2420 1473 2447 τὸ
1489 2420 1647 2455 εὐαγγέλιον
1658 2421 1709 2455 τῆς
1727 2419 1866 2447 δικαιοσύ-

1070 2521 1148 2556 domo
1162 2520 1305 2554 probatica:
1320 2528 1326 2546 :
1345 2520 1394 2547 hac
1409 2526 1447 2548 est
1463 2521 1490 2548 in
1504 2521 1605 2548 adibus
1631 2521 1774 2556 pecuariis.
1795 2520 1863 2547 Pro-

1070 2555 1165 2582 ιαιὶεω
1180 2563 1275 2582 nomen
1289 2563 1404 2590 grwcum
1426 2557 1527 2584 seruaui
1542 2562 1647 2590 propter
1673 2556 1772 2583 celebre
1796 2561 1864 2583 tem-

1068 2590 1260 2626 plmn_smtctre
1275 2590 1400 2622 civitatis.
1415 2591 1485 2626 quod
1499 2591 1642 2618 Probatica
1659 2595 1824 2625 nuncupant.
1835 2592 1862 2619 in

1068 2633 1120 2660 quo
1137 2624 1316 2652 Damascenus
1332 2624 1465 2653 sermones
1482 2626 1574 2653 habuit
1597 2627 1624 2653 in
1641 2625 1738 2653 Natali
1749 2624 1782 2653 Β.
1802 2625 1862 2653 Vir—

1068 2659 1146 2695 ginis.
1157 2659 1259 2696 Ibidem
1271 2661 1357 2692 aisut.
1366 2661 1531 2694 probaticam
1540 2661 1616 2688 illam
1626 2662 1756 2694 piscinam
1767 2662 1859 2696 fuisse.

1068 2695 1103 2732 At
1126 2695 1229 2732 nullam
1241 2697 1472 2732 prorsusrdomum
1497 2696 1691 2731 Hierosolymis
1704 2701 1763 2732 post
1788 2697 1862 2724 mi-

1067 2731 1141 2765 dium
1155 2731 1259 2758 stelisse
1273 2730 1495 2765 locupletissimus
1508 2737 1546 2758 ut
1557 2730 1632 2759 mus
1647 2730 1789 2765 Iosephus.
1806 2737 1860 2760 etc.

1070 2764 1167 2792 Verum
1184 2774 1245 2801 qua:
1267 2764 1348 2793 habet
1361 2766 1487 2798 Cosmas,
1505 2767 1632 2798 suadent.
1648 2764 1860 2801 appellationem

1066 2801 1115 2834 τῆς
1129 2800 1297 2836 προϐατικῆς
1313 2801 1381 2828 nihil
1407 2802 1440 2829 ad
1470 2802 1601 2842 tempium
1621 2800 1739 2842 Virginis
1753 2807 1801 2829 aut
1827 2802 1861 2829 ad

1065 2834 1189 2872 domum,
1204 2843 1268 2872 qua:
1280 2839 1422 2870 superstes
1434 2843 1566 2865 manscrtt
1578 2837 1686 2866 excidio
1705 2835 1861 2872 Hierosoly.

1066 2856 1189 2903 mitano:
1203 2856 1348 2906 pertinente.
