2082 3157
217 203 284 236 1009

215 270 275 296 νης·
290 261 370 293 αὐτός
393 261 468 288 ἐστιν
490 260 505 286 ὀ
526 259 560 287 δι’
575 259 702 295 ἀγγέλων
723 260 755 286 τὺ
777 259 946 295 πρόσταγμα
962 258 1011 285 τοῦ
1026 259 1049 289 Α

215 308 284 334 Θεοῦ
296 308 344 334 καὶ
358 307 475 342 Πατρός·
491 305 572 339 αὑτός
587 307 674 333 ἐστιν
688 307 704 333 d
719 306 772 340 τῆς
785 305 920 340 μεγάλης
931 305 1010 337 ,ϐου-

217 353 278 387 λῆς
303 354 333 381 ’Δ
340 354 465 388 γγελος,
481 349 559 386 ᾧτινι
576 352 591 379 ό
608 352 705 388 Πατὴρ
727 351 879 387 σύμϐουλος
891 350 1012 386 γεγονὼς

217 399 335 435 εἰρήκει·
360 399 537 432 Ποιήσωμεν
553 398 712 432 ἄνθρωπον
736 398 802 425 κατ’
830 398 934 424 εἰκόνα
961 396 1011 423 καί

218 445 362 479 ὁμοίωσιν
377 444 535 479 ἡμετέραν.
556 440 642 475 οὗτός
655 444 731 470 ἐστιν
744 443 790 470 καὶ
802 443 851 478 τῆς
874 442 1008 478 ἀληθινῆς

218 491 291 525 ζωῆς
307 491 321 517 ό
335 490 427 525 ἄρτος,
444 490 473 516 ὲν
487 489 527 524 τῷ
541 489 591 525 τῆς
602 488 728 524 Βηθλεὲμ
742 488 854 524 ὀνόματι
870 496 1011 524 προκηρυ-

218 536 302 571 χθείς·
317 535 442 571 Βηθλεὲμ
455 534 510 570 γὰρ
525 534 706 570 ἑρμηνεύεται
730 532 810 565 οἶκος
825 533 919 568 ἄρτου·
944 534 959 560 δ
981 534 1010 560 ὲν

217 582 251 616 τῇ
267 582 354 616 σκηνῇ
379 579 427 606 τοῦ
452 579 579 615 ’Δὸραὰμ
598 579 753 614 ἐγκρυφίας
777 578 902 614 πεφθεὶς,
925 579 1011 614 ἦγουν

217 627 246 653 ιν
263 626 407 663 μυστηρίῳ
426 625 564 661 ζυμωθεὶς
579 625 673 661 ἄρτος,
689 625 763 652 τοῦτ’
778 625 853 652 ἐστιν
873 627 890 661 ἡ
913 634 1010 661 γεννη-

216 673 281 708 τικὴ
298 671 366 708 σὰρξ
382 672 428 699 τοῦ
451 672 578 708 Σωτῆρος
599 672 632 698 ὲκ
651 671 703 706 τῆς
725 672 867 707 Παρθένου
883 672 930 698 καὶ
943 672 1009 699 Θεο-

216 720 296 746 τόκου
306 719 427 754 Μαρίας,

252 765 298 798 ς’.
322 763 481 800 Ηρόσφορον
501 761 548 791 οὖν
569 764 657 791 είπεῖν
678 764 722 791 διὰ
745 763 841 791 ταῦτα·
856 764 1013 799 Εὒλόγησεν

218 811 321 846 Κύριος
335 810 381 838 τὸν
396 808 470 837 οἷκον
485 810 567 837 Δαυϊδ
579 811 626 838 τοῦ
640 811 773 845 βασιλέως
789 811 834 838 διὰ
846 811 896 846 τὴν
907 811 1010 847 προέγ-

217 865 294 891 γονον
310 856 394 884 αὺτοῦ
416 856 464 883 καὶ
483 856 618 888 ζωοτόκον
638 856 759 892 Μαρίαν.
785 857 942 893 Εὐλόγησεν
965 857 1012 884 τὸν

217 901 292 930 οἷκον
322 903 452 937 ἰωακεὶμ
472 903 520 930 καὶ
551 904 653 938 Ἀννης
673 903 729 930 τῶν
756 903 869 930 δικαίων
890 904 935 931 διὰ
961 904 1011 940 τὴν

217 949 320 976 τούτων
343 948 514 984 ήγιασμένην
531 948 682 984 θυγατέρα.
704 949 861 984 Εὺλὸγησεν
880 949 926 976 τὸν
936 947 1010 977 οἶκον
1029 940 1051 968 Β

223 994 323 1030 Ἰωσὴφ
336 994 380 1021 διὰ
391 995 440 1029 τὴν
455 994 636 1030 χρηματικῶς
648 994 696 1021 καὶ
710 994 792 1029 μόνον
811 994 1012 1030 παραδοθεῖσαν

217 1039 338 1074 νύμφην,
354 1039 404 1074 τὴν
418 1039 504 1071 ὅντως
518 1038 603 1075 ἁγνὴν
624 1039 672 1066 καὶ
687 1039 868 1075 ἀειπάρθενον
879 1040 926 1067 τοῦ
943 1041 1013 1077 Χρι-

219 1086 282 1113 στοῦ
295 1086 412 1121 Μητέρα
426 1086 474 1112 καὶ
494 1085 627 1112 Θεοτόκον
638 1086 760 1121 Μαρίαν.

253 1132 335 1158 Ὅθεν
346 1131 391 1158 διὰ
408 1131 496 1159 ταῦτα
507 1132 704 1168 τρισμακάριοι
720 1133 769 1168 τῆς
794 1132 968 1169 Θεομήτορος
987 1133 1012 1159 οί

219 1180 318 1212 γονεῖς,
331 1176 371 1208 οἷς
384 1179 438 1210 πᾶς
450 1179 463 1205 ό
477 1179 580 1214 κόσμος
594 1179 738 1214 χρεωστεῖι
757 1180 781 1205 οί
804 1179 853 1214 μὲν
873 1179 927 1215 γὰρ
947 1187 1014 1215 προ-

218 1225 314 1259 φῆται,
330 1224 364 1251 δι’
378 1224 468 1252 αὐτῶν
491 1224 588 1261 ὅτιπερ
603 1224 728 1261 ἀψευδῶς
744 1225 934 1261 ἐχρημάτισαν
948 1226 1013 1261 περὶ

218 1271 267 1305 τῆς
286 1270 521 1305 ἑνανθρωπήσεως
537 1271 585 1297 τοῦ
607 1271 737 1306 Χριστοῦ·
759 1272 784 1297 οἱ
797 1271 953 1304 ἀπόστολοι,
971 1272 1013 1298 ὅτι

217 1318 262 1345 διὰ
274 1320 323 1354 τῆς
334 1318 426 1345 αὐτῶν
438 1318 575 1355 θυγατρὸς
588 1318 643 1345 υἱοὶ
664 1318 753 1353 φωτὸς
778 1318 1012 1355 ἀνεγεννήθησαν·

218 1365 243 1391 οι
261 1365 335 1399 ἆγιοι
352 1365 502 1401 μάρτυρες,
519 1365 560 1392 ὅτι
574 1364 815 1400 ἔστεφανώθησαν·
830 1365 855 1391 οἱ
876 1365 946 1392 ὅσιοι
967 1365 1014 1392 καὶ

218 1409 329 1443 δίκαιοι,
349 1410 388 1442 ὡς
404 1410 459 1437 τῶν
481 1410 636 1446 μελλόντων
658 1409 770 1443 ἀγαθῶν
787 1409 969 1446 κληρονόμοι·
987 1412 1013 1438 oi

218 1455 388 1492 ἁμαρτωλοὶ,
411 1456 449 1489 ὡς
469 1456 514 1483 διὰ
535 1455 591 1483 τῶν
624 1454 779 1492 πρεσϐειῶν
804 1455 857 1490 τῆς
880 1455 1013 1483 Θεστὸκου

218 1501 294 1528 ὲλεού
298 1510 385 1537 μενοι.

254 1549 292 1575 Ζ¹.
310 1545 359 1580 Οἷς
378 1548 426 1576 καὶ
438 1548 546 1584 βοῶμεν
557 1548 736 1584 εὐχαρίστως·
753 1549 854 1585 Χαῖρε,
873 1549 1014 1576 πάνσεπτε

219 1594 308 1629 πάτερ
332 1594 382 1629 τῆς
406 1594 476 1630 μετὰ
504 1594 572 1621 Θεὸν
601 1593 710 1626 ἐλπίδος
740 1595 831 1630 ἡμῶν,
872 1595 1011 1630 Ἰωακείμ-

219 1640 301 1675 χάρις
315 1640 349 1675 τῇ
368 1640 450 1674 ὀσφύϊ
464 1648 522 1666 σου.
538 1640 637 1675 Χαῖρε,
653 1640 773 1676 πάντιμε
792 1641 880 1677 μῆτερ
895 1642 944 1677 τῆς
961 1651 1013 1678 μη-

219 1686 284 1720 τρὸς
301 1685 352 1721 τῆς
379 1686 452 1721 ζωῆς
468 1686 558 1721 ἡμῶν,
587 1687 683 1713 ’Δνναο
708 1687 773 1719 δόξα
790 1689 824 1723 τῇ
843 1688 931 1724 κοιλία
952 1697 1012 1716 σου.

220 1732 317 1767 Χαῖρε,
330 1732 418 1767 πάτερ
432 1731 617 1767 ἀγαθοοπόρε,
634 1733 682 1759 καὶ
700 1732 748 1759 τοῦ
761 1733 933 1769 πολυσπόρου
952 1743 1014 1769 γεν-

220 1778 342 1813 νήματος
362 1777 480 1812 γεωργέ,
502 1778 599 1813 Χαῖρε,
622 1778 709 1814 μῆτερ
731 1779 943 1815 μεγαλόκαρπε,
964 1781 1014 1815 τῆς

221 1824 360 1859 σωτηρίας
384 1824 463 1859 ἡμῶν
482 1824 556 1860 ῥίζα.
576 1825 675 1860 Χαῖρε,
700 1825 800 1861 πάτερ,
824 1825 871 1852 τοῦ
896 1826 1014 1862 εὐφόρου

222 1870 337 1905 βότρυος
349 1870 537 1906 ἀμπελουργὲ·
551 1872 639 1906 χαῖρε,
654 1871 753 1907 μῆτερ,
769 1872 819 1908 τῆς
834 1871 942 1908 ἀγαθῆς
961 1873 1015 1909 γῆς

221 1917 472 1944 ἑχατονταπλάσιον
482 1917 598 1952 ἄρουρα,
611 1918 709 1953 Χαῖρε,
719 1918 820 1953 πάτερ,
832 1918 879 1945 τοῦ
890 1918 1014 1954 ἐμψύχου

220 1963 387 1999 παραδείσου
401 1964 546 1997 φυτουργέ.
561 1963 658 1997 Χαῖρε,
672 1963 769 1998 μῆτερ,
783 1963 830 1990 τοῦ
846 1965 1014 1999 ἀνεγκλήτου

220 2011 321 2038 κλάδον
340 2010 461 2045 δένδρον.
487 2010 585 2044 Χαῖρε,
612 2010 711 2044 πάτερ,
733 2009 781 2036 τοῦ
803 2010 918 2036 ἀσπίλου
943 2019 1015 2046 μαρ-

220 2057 335 2092 γαρίτου
345 2056 444 2090 κόγχη.
461 2055 561 2089 Χαῖρε,
584 2054 683 2090 μῆτερ,
695 2054 748 2086 ,τοῦ
768 2055 890 2090 καθαροῦ
910 2057 1016 2091 σμαρά-

220 2101 284 2135 γδου
306 2101 405 2136 πέτρα.
428 2101 526 2135 Χαῖρε,
548 2101 646 2135 πάτερ,
671 2101 721 2136 τῆς
741 2099 896 2135 ζωορρύτου
923 2101 1015 2136 πηγῆς

222 2147 303 2184 φλέψ.
317 2148 414 2183 Χαῖρε,
434 2147 533 2183 μῆτερ,
550 2146 601 2182 τῆς
619 2146 777 2181 τεκνογόνου
793 2146 873 2183 δίψης
888 2146 980 2183 ὑδρία.

260 2283 416 2320 Πληροῦται
428 2283 459 2311 τὸ
471 2284 558 2319 στόμα
569 2283 648 2318 ἡμῶν
655 2282 702 2309 τοῦ
714 2282 835 2318 ὑμνῆσαι
844 2282 894 2317 τῆς
904 2281 1017 2316 ἁγιοσύ-
1035 2288 1057 2315 ι)

223 2329 360 2366 νηςῦμῶν
370 2330 404 2356 τὰ
417 2329 556 2364 ἐξαίρεταο
567 2328 684 2355 ἀλλὀὐκ
699 2327 783 2362 ἐσμὲν
798 2328 885 2354 ίκανοὶ
895 2327 945 2362 τὴν
959 2326 1019 2353 οεό⁸

225 2376 337 2408 ζευκτον
360 2375 438 2410 ὑμῶν
458 2375 579 2410 ὑμνῆσαι
596 2373 696 2405 δυάδα.
714 2374 739 2400 εί
760 2373 798 2409 μή
822 2381 854 2407 γε
876 2373 948 2400 κατὰ.
968 2372 1018 2407 τὴν

226 2422 318 2456 φωνὴν
335 2420 384 2447 τοῦ
402 2421 515 2455 ὲγγόνου
530 2420 608 2455 ὑμῶν
625 2420 696 2446 κατὰ
717 2420 807 2455 σάρκα
826 2419 945 2454 Χριστοῦ
961 2427 1014 2454 μα-

226 2467 339 2503 χαρίσαι
355 2467 419 2499 τοὺς
437 2466 622 2502 ἀμφοτέρους,
637 2466 685 2493 καὶ
702 2467 790 2493 εἰπεῖν
802 2474 810 2481 ·
826 2465 949 2500 Χαίρετε
965 2465 1016 2493 καί

276 2547 287 2563 ³
304 2549 356 2576 lsa.
372 2547 430 2582 Ix,6
446 2553 502 2576 sec.
518 2545 601 2574 LXX.
634 2547 645 2563 δ
660 2546 729 2575 Gen.
747 2554 766 2580 ι,
782 2545 824 2573 l6.

264 2629 464 2692 mrl’otie‘ratne
477 2627 599 2663 apertius
613 2626 788 2654 immaculata
805 2625 926 2661 Virginis
940 2625 1017 2660 origo

264 2674 297 2692 rm
310 2673 375 2692 πει-1
387 2686 392 2691 .

228 2673 375 2694 ειεηιιιιέτι
387 2673 392 2691 ί

254 2687 497 2736 ἾΞῖ-Νῖάιῖοιιυεηι
508 2696 848 2736 est_qbscurum,_hocloco
859 2695 942 2722 δυάδα
955 2695 1018 2730 ροιιί

229 2732 278 2771 pro
294 2732 476 2771 Euaapbggac
492 2733 647 2768 signiﬁcare
670 2732 840 2771 coujugalem
866 2735 967 2763 actum,
984 2737 1017 2771 εξ

229 2766 284 2804 quo
304 2766 381 2797 beata
406 2768 488 2804 Virgo
515 2766 719 2804 conceptae“.
735 2767 920 2804 Prmterquam
945 2766 1017 2799 quod

228 2801 300 2833 enim
326 2806 416 2832 nullus
443 2801 512 2832 aiius
531 2801 679 2837 probabilis
705 2809 802 2829 sensus
830 2801 1018 2837 in‘contegttus

229 2841 365 2876 adjunctis
376 2839 506 2876 occurrit,
520 2835 642 2876 ejusdem
656 2841 798 2876 contextus
811 2835 881 2876 ratio
898 2835 1017 2876 id‘plane

229 2871 365 2912 postulat;
380 2875 451 2912 unde
464 2880 492 2902 et
500 2871 749 2912 concluditurjllis
766 2871 866 2912 verbis,
880 2871 947 2897 satis
961 2879 1015 2910 esse

230 2906 266 2939 iu!
300 2906 416 2946 ipsorum
442 2910 557 2943 laudem,
574 2908 643 2944 quod
664 2908 775 2936 Matrem
798 2907 847 2934 Dci
867 2906 1012 2942 genuerint.

693 200 821 231 SERMO
841 199 881 230 IN
901 199 954 230 SS.
975 198 1140 230 JOACHIM
1158 199 1206 230 ET
1221 200 1364 230 ANNAM.

1064 259 1140 286 venit
1154 263 1210 286 tum
1230 259 1264 286 iis
1277 259 1323 294 qui
1342 259 1450 294 procul,
1463 263 1519 287 tum
1537 260 1571 287 iis
1590 261 1636 296 qui
1653 269 1739 297 prope
1756 271 1853 299 erant;

1062 305 1121 339 ipse
1135 308 1176 332 est
1190 305 1249 332 laeta
1260 305 1374 339 justitise
1385 305 1557 333 annuntiatio
1570 315 1577 339 ;
1592 306 1651 341 ipse
1665 315 1715 342 per
1727 310 1853 344 angelum

1062 351 1245 386 promulgatio
1259 355 1302 378 est
1328 351 1395 386 legis
1411 350 1459 378 Dei
1475 359 1507 379 ac
1530 351 1637 386 Patris;
1657 353 1715 387 ipse
1739 355 1855 390 Angelus

1061 401 1104 424 est
1116 397 1206 431 magni
1216 397 1350 429 consilii’.
1363 398 1407 424 cui
1420 396 1500 425 Pater
1515 398 1689 426 consiliarius
1704 400 1854 434 ersisteus,

1061 443 1149 471 dixit:
1168 442 1312 471 Faciamus
1328 444 1458 471 hominem
1472 444 1508 471 ad
1522 445 1665 480 imaginem
1684 450 1708 473 et
1728 446 1856 474 similitu-

1060 489 1148 516 dinem
1162 489 1314 516 nostram‘.
1336 489 1387 516 Hic
1412 494 1454 517 est
1477 495 1503 518 et
1520 491 1598 525 panis
1623 499 1694 519 verae
1720 492 1794 524 vitae,
1807 500 1856 528 per

1062 541 1161 562 nomen
1176 534 1313 562 Bethleem
1331 536 1548 570 praenuntiatus;
1566 544 1628 564 nam
1651 537 1791 565 Bethleem
1807 545 1856 566 ex-

1061 581 1179 616 plicatur
1199 581 1303 609 Domus
1328 582 1425 617 panis;
1439 582 1640 611 subcinericius
1660 588 1702 611 est
1724 585 1801 619 panis
1828 585 1855 613 in

1063 628 1240 656 tabernaculo
1266 627 1383 656 Abrahae
1411 633 1570 663 apparatus,
1596 629 1649 657 hoc
1671 634 1723 663 est,
1747 630 1774 657 in
1798 639 1857 666 my-

1061 675 1145 703 sterio
1161 673 1350 706 fermentatus,
1363 681 1427 701 caro
1442 674 1567 702 videlicet
1580 673 1731 703 Salvatoris
1745 683 1779 703 ex
1795 675 1856 703 Vir-

1062 722 1125 758 gine
1137 726 1164 749 et
1186 720 1230 749 Dei
1249 720 1335 748 Matre
1351 720 1436 748 Maria
1451 720 1605 756 progenita.

1098 767 1142 795 Vl.
1160 767 1214 795 llas
1238 768 1322 802 igitur
1342 767 1378 794 ob
1394 775 1492 795 causas
1509 772 1725 795 consentaneum
1748 772 1790 796 est
1804 776 1851 795 ex-

1062 814 1201 842 clamare:
1216 812 1358 841 Bcnedixit
1372 812 1506 840 Dominus
1532 812 1626 840 domui
1643 812 1753 841 Davidis
1779 813 1851 848 regis

1063 864 1174 895 propter
1203 859 1318 886 Mariam
1343 859 1464 894 ejusdem
1490 863 1662 893 proneptem,
1677 867 1710 887 ac
1738 863 1853 886 matrem

1063 906 1136 932 vitae.
1152 904 1294 932 Benediin
1308 904 1402 931 domui
1422 904 1561 939 justorum
1576 903 1712 932 Joachimi
1730 909 1758 932 et
1772 905 1858 932 Annia

1065 954 1176 985 propter
1188 949 1385 977 sanctiﬁcatam
1396 956 1492 976 eorum
1504 948 1598 976 ﬁliam.
1611 949 1752 976 Benedixit
1763 949 1856 976 domui

1064 996 1175 1032 Josephi
1196 1000 1309 1031 propter
1330 995 1460 1022 traditam
1476 995 1504 1022 in
1517 999 1678 1030 potestatem
1695 994 1779 1027 illius,
1795 994 1858 1030 jure

1065 1042 1127 1070 licet
1153 1042 1297 1069 dumtaxat
1327 1041 1458 1076 sponsali,
1476 1040 1556 1076 plane
1582 1047 1679 1075 puram
1705 1047 1736 1067 ac
1751 1047 1858 1074 semper

1064 1089 1196 1124 virginem
1211 1088 1313 1116 Christi
1328 1088 1440 1115 Matrem
1462 1091 1490 1114 et
1505 1086 1649 1121 Deiparam
1669 1085 1794 1113 Mariam.

1100 1135 1254 1163 Beatissimi
1264 1135 1376 1170 proinde
1388 1135 1439 1162 hac
1453 1134 1487 1162 de
1499 1141 1582 1162 causa
1595 1133 1641 1160 Dei
1651 1132 1744 1160 Matris
1758 1140 1860 1168 paren-

1065 1188 1115 1216 tes,
1131 1182 1230 1218 quibus
1245 1181 1389 1209 universus
1400 1188 1430 1208 se
1443 1180 1563 1207 mundus
1571 1179 1733 1207 obstrictum
1746 1179 1861 1214 ιρι-οῦιο-

1065 1234 1124 1263 tur;
1133 1235 1158 1256 et
1167 1228 1307 1264 propheta:
1321 1227 1431 1262 quidem
1449 1231 1591 1262 propterea
1602 1226 1673 1260 quod
1684 1225 1861 1253 voracissima

1064 1284 1111 1304 eos
1128 1276 1162 1303 de
1190 1275 1378 1303 incarnatione
1405 1273 1507 1301 Citriin
1537 1272 1648 1301 oracula
1664 1272 1791 1304 edidisse,
1810 1279 1858 1307 per

1066 1323 1141 1358 ipsos
1166 1321 1293 1356 apparuit
1309 1330 1316 1354 ;
1332 1319 1460 1355 apostoli,
1474 1319 1538 1354 quia
1567 1326 1615 1354 per
1645 1325 1740 1346 eorum
1763 1317 1860 1344 Filiam

1066 1376 1135 1396 nova
1150 1367 1325 1403 generatione
1342 1365 1407 1393 facti
1423 1369 1486 1394 sunt
1504 1365 1550 1392 lilii
1577 1365 1665 1397 lucis;
1683 1363 1770 1391 sancti
1786 1370 1861 1390 mar-

1068 1420 1152 1450 tyres,
1167 1414 1233 1450 quia
1256 1413 1381 1441 coronati
1407 1411 1538 1446 sunt;pii
1565 1418 1598 1438 ac
1619 1410 1704 1445 justi,
1728 1413 1861 1444 tanquam

1065 1460 1220 1488 futurorum
1250 1459 1373 1487 haarcdes
1388 1459 1545 1490 bonorum;
1566 1461 1737 1492 peccatores.
1764 1459 1862 1489 utpote

1066 1515 1115 1543 per
1141 1507 1263 1541 Deiparae
1285 1513 1381 1541 preces
1404 1504 1622 1531 miscricordiam
1650 1505 1859 1536 consequentes.

1103 1548 1159 1577 νιι,
1175 1548 1208 1576 Ει
1223 1556 1273 1576 nos
1290 1549 1382 1583 itaque
1396 1552 1474 1583 grato
1495 1547 1588 1574 animo
1608 1546 1704 1574 iisdem
1726 1545 1863 1573 acclame—

1067 1604 1148 1624 mus:
1165 1595 1255 1628 Salve,
1280 1594 1417 1627 Joachim,
1445 1593 1641 1628 augustissime
1668 1592 1743 1619 illius
1771 1595 1860 1626 pater.

1065 1650 1127 1677 qua:
1143 1649 1205 1676 spes
1221 1645 1263 1668 est
1288 1644 1381 1667 nostra
1399 1643 1463 1674 post
1486 1638 1589 1672 Deum;
1607 1637 1708 1665 lumbis
1725 1637 1780 1664 tuis
1803 1637 1862 1663 sint

1065 1686 1169 1722 gratiae.
1186 1685 1276 1717 Salve,
1291 1685 1380 1716 Anna,
1397 1692 1503 1712 summe
1520 1683 1681 1712 honoranda
1699 1683 1773 1711 illius
1800 1690 1862 1710 ma-

1066 1737 1116 1766 ter,
1128 1741 1189 1768 quas
1203 1737 1289 1760 mater
1301 1735 1344 1759 est
1356 1731 1418 1759 vita:
1430 1735 1547 1763 nostra;
1564 1734 1643 1758 utero
1655 1734 1702 1757 tuo
1716 1729 1752 1757 sit
1763 1729 1862 1764 gloria.

1067 1779 1156 1811 Salve,
1173 1781 1258 1813 pater,
1280 1776 1377 1812 optimi
1409 1780 1494 1808 sator,
1512 1775 1658 1809 cultorque
1690 1773 1859 1800 uberrimam

1066 1832 1194 1860 protnens
1225 1827 1356 1858 segetem.
1372 1822 1464 1854 Salve,
1488 1825 1585 1854 mater,
1602 1822 1739 1848 immenso
1768 1819 1863 1846 fructu

1066 1872 1127 1898 lteta
1143 1870 1222 1898 radix
1237 1869 1322 1901 illius,
1345 1876 1406 1903 qua:
1432 1868 1507 1896 salus
1528 1870 1623 1894 nostra
1648 1867 1746 1894 evasit.
1771 1865 1863 1897 Salve,

1066 1922 1155 1953 pater.
1172 1924 1204 1944 ex
1221 1915 1294 1943 culta
1314 1922 1329 1941 a
1347 1918 1373 1941 te
1387 1915 1464 1941 vinea
1482 1914 1603 1948 opitnum
1632 1912 1758 1947 praebens
1787 1918 1864 1938 race-

1067 1971 1152 1991 mum.
1175 1962 1266 1993 Salve.
1289 1963 1479 1990 malenlerraa
1504 1958 1583 1985 bona:
1609 1957 1808 1985 iertilissimum
1824 1963 1866 1982 ar-

1068 2017 1143 2036 vum.
1157 2008 1247 2038 Salve.
1257 2011 1344 2042 pater,
1357 2006 1470 2033 animati
1482 2004 1600 2040 paradisi
1614 2004 1760 2038 planta-tor.
1773 2002 1869 2032 Salve,

1067 2058 1164 2086 mater,
1175 2053 1255 2080 arbor
1266 2059 1373 2079 ramum
1385 2051 1444 2078 vitii
1454 2055 1592 2085 expertem
1604 2049 1708 2076 habens
1718 2047 1863 2084 (2).Salve,

1068 2104 1161 2135 pater,
1176 2097 1358 2125 immaculata:
1386 2096 1540 2131 margarita:
1565 2095 1680 2122 concha.
1699 2093 1789 2125 Salve,
1806 2100 1867 2119 ma-

1067 2151 1119 2177 ter,
1138 2143 1235 2178 iutegri
1261 2150 1276 2170 a
1298 2149 1374 2169 naavo
1407 2140 1543 2176 smaragdi
1560 2144 1648 2175 petra.
1666 2138 1761 2170 Salve,
1777 2142 1864 2172 pater,

1067 2195 1136 2216 vena
1161 2187 1244 2215 fontis
1276 2185 1412 2213 manantis
1430 2185 1523 2212 vitam.
1551 2184 1640 2217 Salve,
1656 2187 1752 2215 mater,
1769 2181 1870 2217 hydria.

1068 2235 1140 2263 sitim
1161 2233 1339 2269 suscipiendae
1354 2232 1438 2267 prolis
1459 2231 1644 2267 exstinguens.

1107 2279 1239 2314 lmpletur
1253 2286 1285 2306 os
1303 2283 1425 2305 nostrum
1443 2276 1571 2304 laudibus
1588 2275 1697 2303 exiunia:
1712 2274 1866 2302 sanctitatis

1070 2332 1183 2359 vestrae;
1195 2330 1222 2352 at
1234 2330 1353 2352 vestrum
1366 2324 1421 2351 Deo
1429 2323 1541 2358 auspice
1551 2323 1648 2350 initum
1658 2322 1815 2356 conjugium
1826 2321 1865 2352 (5)

1070 2373 1211 2401 celebrare
1229 2378 1401 2407 nequaquam
1416 2378 1498 2406 pares
1511 2377 1620 2400 sumus.
1635 2369 1687 2396 nisi
1707 2367 1866 2402 usurpando

1070 2426 1150 2446 voces
1176 2417 1291 2450 Christi,
1315 2416 1399 2444 vestri
1425 2416 1577 2444 secundum
1606 2422 1716 2442 carnem
1745 2413 1867 2449 nepotis,

1069 2466 1164 2494 beatos
1174 2472 1223 2492 vos
1239 2464 1321 2492 ambo
1334 2463 1516 2499 praedicamus
1527 2469 1560 2491 ac
1575 2462 1720 2491 dicamus:
1734 2460 1870 2492 Gaudete,

1070 2623 1144 2651 Nihil
1163 2631 1244 2658 porro
1259 2623 1394 2651 illustrius
1407 2623 1488 2659 juxta
1501 2627 1528 2651 et
1539 2622 1629 2659 aptius
1646 2621 1680 2659 ad
1695 2620 1861 2648 laudandam

1032 2680 1040 2683 -
1073 2659 1119 2687 Dei
1136 2657 1284 2687 Geuitricis
1301 2657 1506 2693 conceptionem
1528 2658 1581 2685 dici
1600 2657 1696 2692 potuit,
1712 2663 1800 2693 quam
1817 2663 1864 2693 εετ

1071 2695 1221 2722 nerationis
1236 2702 1306 2728 opus
1325 2694 1377 2722 Deo
1389 2691 1499 2728 auspice
1511 2691 1773 2728 fuissesutsceptum.
1784 2691 1862 2728 Quod

1071 2737 1138 2757 sane
1152 2726 1279 2765 congruit
1297 2737 1360 2756 cum
1374 2729 1418 2765 iis,
1434 2726 1580 2765 qu:e__a_p_ud
1596 2727 1730 2765 lsidorum
1747 2726 1863 2765 legimus

1073 2765 1161 2800 (Hom.
1174 2761 1354 2792 in'Prwsent.
1370 2761 1471 2800 Deip.:§
1488 2762 1558 2800 Xlll,
1571 2762 1719 2800 oportuisse
1745 2761 1861 2800 scilicet,

1072 2797 1100 2826 ut
1117 2801 1152 2826 ad
1169 2808 1348 2835 congressum,
1358 2800 1427 2826 unde
1449 2797 1859 2835 Virginis_processitconteplio,

1070 2835 1197 2898 n‘t'ildnliud
1211 2831 1291 2871 rinam
1307 2842 1462 2871 congressus
1485 2831 1542 2861 cum
1555 2833 1607 2860 Deo
1620 2831 1764 2867 impelleret
1783 2836 1863 2867 atque

1070 2880 1085 2897 (ι
1126 2877 1220 2898 ureret.

1070 2877 1220 2898 adduceret.
