2082 3157
217 193 284 226 ΠΗ

497 193 628 224 COSM/E
644 192 868 224 VESTITORIS
881 191 1010 222 SERMO
1030 191 1070 221 IN
1091 191 1142 221 SS.
1162 189 1326 222 IOACHIM
1349 191 1398 222 ET
1415 191 1558 222 ANNAM.

1773 188 1842 222 1012

214 255 239 278 (ι
262 250 403 282 exsatiate,
420 249 543 285 quoniam
563 256 670 280 merces,
689 247 794 274 fructus
819 247 887 274 uteri
905 246 999 278 vestri,

1056 246 1250 281 ἀγαλλιᾶσθε,
1265 247 1309 273 ὅτι
1323 248 1340 274 ὁ
1351 247 1461 282 μισθός
1475 247 1520 273 τοῦ
1538 246 1647 283 καρποῦ
1661 247 1710 280 τῆς
1725 247 1841 282 γαστρὸς

215 296 242 323 in
254 295 325 323 mli:
338 299 376 323 est
387 296 408 322 '.
430 293 485 322 Vos
501 294 573 321 enim
591 293 668 325 estis,
681 293 726 327 qui
741 300 802 319 cum
812 292 878 327 justi
891 294 1000 327 essetis,

215 346 326 377 propter
341 341 512 368 sterilitatem
538 338 693 374 opprobriis
715 338 806 366 fuistis
833 339 958 374 impetiti,
974 344 1001 367 et

215 387 308 422 iniqua
320 386 462 414 adversum
475 392 522 412 vos
535 384 616 412 verba
632 384 783 412 audivistis.
798 385 831 411 At
846 384 927 419 paulo
939 390 1001 419 post

215 432 352 459 lmtissime
376 431 410 459 de
435 435 561 466 susrepta
579 431 654 466 prole
682 430 767 466 gavisi
801 431 877 462 estis,
890 435 917 458 et
934 430 1001 458 satis

213 483 254 505 est
281 477 358 504 vobis
373 476 406 503 ad
424 476 542 509 laudem,
560 476 631 512 quod
647 475 758 503 Matrem
780 475 825 502 Dei
840 476 1000 511 genueritis.

248 521 364 549 Prorsus
377 521 449 548 enim
465 520 557 548 divino
570 520 766 555 przedetinitum
780 520 869 548 fuerat
879 521 999 552 decreto,

214 571 243 593 ut
251 566 316 601 justi
330 565 368 592 illi
380 565 500 601 Deiparze
508 566 645 601 genitores
655 565 817 601 cognatione
826 573 886 593 cum
892 566 1001 593 Christo

213 614 363 642 ineundum
380 621 490 641 carnem
505 613 709 640 dcviueirentur
732 617 860 647 tanquam
876 613 960 648 digni,
974 617 1001 640 et

214 660 365 687 honoribus
386 660 631 688 cohonestarentur
649 665 778 694 tanquam
796 659 936 686 nobilitate
957 666 1002 695 ge-

214 705 301 737 neris,
310 704 375 740 regii
385 712 482 738 nempe
492 709 517 731 et
535 703 723 736 sacerdotalis,
733 704 864 739 insignes.
876 703 913 731 Ex
924 710 999 731 utra-

214 758 268 785 que
287 750 360 776 enim
376 749 491 777 duarum
507 749 615 776 illarum
632 750 764 781 tribuum,
783 757 843 783 qua:
857 749 913 784 jam
939 750 1002 777 inde

215 796 250 823 ab
268 795 345 823 initio
370 794 485 822 diversis
510 795 598 822 modis
623 795 760 830 permism
779 794 898 829 fuerant,
914 803 1002 831 genus

216 847 295 868 suum
313 840 426 874 Deipara
442 839 525 866 ducit.

254 885 321 912 Vill.
336 885 462 913 Ceterum
492 885 525 912 de
555 885 723 920 genitoribus
752 885 874 921 Deipara:
899 891 925 914 et
949 887 1001 915 ista

215 931 259 959 hic
288 930 370 966 adjici
404 936 517 966 possunt
529 931 551 958 ⁸.
569 930 727 963 Zacharias.
742 931 855 960 Joannis
877 934 1004 968 Baptism
1019 929 1043 958 Β

216 980 303 1012 pater,
317 976 426 1004 fratrem
437 977 660 1004 consacerdotem
677 977 781 1009 habuit,
794 977 884 1012 Διςςωί
897 980 1004 1006 nomine

215 1022 394 1058 appellatum,
403 1023 448 1058 qui
462 1027 489 1050 et
502 1023 552 1058 ipsi
565 1031 674 1058 prtemm
683 1028 746 1050 tuus
756 1028 806 1051 est.
817 1024 903 1059 Hujus
913 1025 1003 1060 Δειξωί

216 1067 297 1094 tiliam
322 1067 349 1094 in
372 1067 568 1094 matrimouum
585 1066 662 1095 duxit
677 1067 778 1103 Joseph
800 1068 895 1102 faber;
916 1078 931 1097 e
949 1079 1004 1105 qua

219 1118 338 1147 quatuor
350 1114 469 1149 suscepit
487 1114 567 1145 filios,
583 1114 692 1142 acduas
708 1115 789 1147 tilias.
803 1123 918 1150 quorum
935 1124 1005 1144 unus

217 1159 268 1186 fuit
284 1159 414 1193 Jacobus,
432 1159 643 1194 cognominatus
662 1159 746 1187 frater
776 1160 890 1193 Christi,
904 1162 950 1196 qui
979 1167 1006 1190 et

216 1205 323 1238 primus
335 1205 439 1232 exstitit
453 1203 707 1240 Hierosolymorum
727 1205 888 1241 episcopus;
905 1214 1004 1235 nomen

217 1255 308 1276 autem
327 1249 421 1278 uxoris
437 1250 524 1285 ipsius
536 1254 594 1277 erat
613 1250 735 1284 Salome,
748 1259 801 1278 non
826 1252 936 1286 quidem
953 1253 1006 1281 0b-

218 1296 326 1328 strtrix,
343 1295 390 1323 sed
406 1295 476 1323 alia.
497 1295 583 1323 Porro
598 1301 659 1331 post
679 1296 758 1332 hujus
777 1304 892 1325 mortem
904 1298 1005 1334 Ioseph

218 1347 347 1374 sponsam
368 1341 473 1376 accepit
504 1340 617 1369 Mariam
650 1341 804 1378 Deiparam,
821 1351 882 1378 quae
908 1353 1006 1380 genere

217 1389 343 1413 materno
368 1386 501 1421 originem
532 1386 661 1414 trahebat
678 1395 694 1415 e
714 1387 823 1415 Mathau
851 1390 1005 1423 sacerdote,

218 1430 265 1465 qui
281 1435 309 1458 et
326 1431 384 1465 ipse
399 1436 456 1459 erat
473 1439 506 1459 ex
520 1432 605 1467 stirpe
619 1432 787 1467 Salomonis,
803 1434 850 1461 lilii
868 1435 962 1467 David,
977 1440 1007 1463 ut

218 1476 299 1503 habet
309 1475 484 1512 Evangelium
497 1477 638 1510 Lucagubi
651 1480 834 1515 genealogiam
842 1480 1005 1509 dominicam

217 1522 357 1550 describit.
370 1523 424 1551 Iste
436 1524 507 1551 enim
522 1523 630 1552 Malban
645 1533 676 1552 ex
691 1525 775 1553 Maria
791 1534 874 1554 uxore
887 1535 936 1555 sua
951 1532 1006 1556 tres

218 1569 313 1597 habuit
337 1569 417 1602 tilias,
435 1577 551 1604 quarum
578 1571 688 1598 nomina
714 1576 779 1599 sunt
793 1572 888 1606 Maria,
903 1572 1005 1606 Sobbe,

217 1615 306 1641 Anna.
326 1614 408 1642 Maria
434 1616 526 1650 itaque
543 1615 671 1643 Salomen
691 1615 871 1645 Obstetricem
895 1619 1004 1654 genuit;

219 1657 308 1685 Sobbe
336 1658 429 1693 genuit
453 1658 582 1691 Elisabet,
598 1659 713 1688 Joannis
733 1661 860 1696 Baptistae
873 1667 1005 1697 matrem;

218 1705 297 1730 Anna
313 1711 381 1731 vero
397 1704 424 1731 in
440 1704 578 1732 Bethleem
604 1707 696 1741 genuit
724 1706 865 1743 Deiparam
882 1708 1006 1742 Mariam,

218 1756 280 1783 quae
295 1757 328 1776 ex
343 1750 453 1778 nomine
469 1751 538 1778 aviae
552 1756 581 1779 et
605 1757 757 1780 matertera:
774 1752 858 1782 Maria
873 1755 1007 1789 appellata

217 1799 278 1827 est;
294 1795 362 1822 adeo
376 1802 405 1823 ut
416 1796 545 1829 Ellsabet,
569 1798 655 1825 Anna:
668 1799 778 1833 quidem
793 1807 824 1827 ex
842 1808 937 1828 sorore
960 1809 1007 1827 nr.-

220 1841 284 1875 ptis,
296 1840 417 1876 Deipara‘.
441 1850 505 1870 vero
515 1843 680 1871 consobrina
696 1844 788 1873 fuerit.
806 1845 883 1878 Quod
898 1847 1006 1882 quidem

220 1891 367 1922 utrumque
387 1888 531 1916 contirmat
549 1889 739 1924 Evangelium,
760 1891 805 1918 ubi
822 1891 855 1918 ad
882 1892 1008 1920 indican-

219 1932 283 1958 dum
299 1932 402 1960 Christi
431 1934 583 1961 secundum
608 1942 718 1963 carnem
739 1941 882 1971 paternum
910 1946 1006 1973 genus,

220 1977 301 2010 Erat.
320 1978 418 2014 lnqult,
436 1979 514 2008 Jews
543 1981 668 2015 incipiens
696 1983 772 2017 quasi
799 1991 931 2011 annorum
957 1986 1007 2012 tri-

218 2025 302 2060 ginta,
321 2030 349 2052 ut
361 2026 516 2060 putabatur,
537 2027 610 2062 ﬁlius
621 2027 731 2063 Ioseph,
746 2029 791 2064 qui
805 2030 856 2064 fuit
877 2030 948 2064 Heli,
963 2033 1008 2066 qui

220 2070 270 2105 fuit
285 2070 396 2098 Mallum
410 2071 431 2104 “,-
445 2072 479 2100 de
497 2078 621 2100 materno
633 2078 724 2101 autem
750 2082 859 2110 genere,
874 2074 951 2109 Ecce,
967 2077 1007 2104 in-

219 2117 288 2151 quit,
297 2121 321 2144 et
338 2116 457 2144 Elisabet
475 2123 587 2153 cognata
604 2120 684 2154 tuaj".
703 2120 826 2153 Quorum
841 2121 938 2156 gratia,
952 2122 1009 2156 glo-

219 2163 259 2190 ria
276 2163 311 2190 sit
327 2164 534 2200 benignissimae
554 2165 600 2193 Dei
621 2167 749 2194 charitati
771 2175 843 2195 nunc
856 2172 882 2195 et
899 2176 1008 2204 semper

220 2213 246 2236 et
265 2210 292 2237 in
305 2211 406 2238 saecula
424 2212 597 2239 saeculorum.
616 2213 714 2240 Amen.

259 2299 376 2327 'Matth.
395 2300 469 2333 v,l2.
506 2302 516 2317 °
528 2301 595 2329 Luc.
617 2309 656 2335 ut,
671 2301 716 2329 25.
749 2303 759 2318 '
772 2301 838 2330 Luc.
854 2311 873 2338 I,
889 2303 934 2331 56.

1055 292 1131 327 ὑμῶν
1148 292 1182 318 ἐν
1195 292 1258 326 τοῖς
1272 292 1423 326 οὐρανοῖς.
1446 293 1542 327 Ὑμεῖς
1553 292 1607 328 γάρ
1621 293 1682 319 tota
1698 293 1722 319 οἱ
1737 293 1780 319 διὰ
1792 292 1841 327 τὴν

1054 338 1181 365 ἀτεκνίαν
1197 338 1390 370 όνειδισθέντες
1407 339 1490 373 ἆγιοι,
1504 339 1550 366 καὶ
1562 339 1693 374 ῥημάτων
1707 339 1841 366 ἀκούσαν-

1054 391 1100 413 τες
1116 383 1253 418 πονηρῶν.
1281 383 1352 410 Ἀλλ’
1370 384 1569 420 εὐφρανοέντες
1593 385 1653 420 μετ’
1678 385 1769 418 ὀλίγον
1793 384 1841 411 ἐπὶ

1053 429 1236 462 τεκνογονὶαν,
1245 429 1293 455 καὶ
1305 429 1386 464 ἀρκεῖ
1400 429 1464 464 ὑμῖν
1479 429 1547 466 πρὸς
1562 429 1673 457 ἔπαινον
1686 430 1717 457 τδ
1732 430 1840 465 μητέρα

1054 473 1121 500 Θειιῦ
1136 474 1342 509 γεγεννηκέναι.

1095 518 1215 551 Ἀληθῶς
1232 518 1297 554 γὰρ,
1311 519 1348 550 dt;
1371 518 1451 551 ἄξιοι,
1475 518 1687 554 προωρίσθησαν
1702 519 1727 545 οι
1741 518 1840 545 δὶκαιοι

1053 564 1103 599 τῆς
1119 565 1250 591 θεοτόκου
1264 565 1436 600 γεννήτορες,
1451 566 1629 600 σιιγγενιᾶσαι
1645 565 1755 600 Χριστῷ
1770 566 1841 592 κατὰ

1055 610 1155 645 σὰρκα,
1174 611 1222 637 καὶ
1238 610 1277 642 ὡς
1289 612 1322 638 ἐκ
1336 611 1431 645 γένους
1448 611 1597 646 ἐπισήμου,
1615 609 1756 646 βασιλικοῦ
1769 610 1841 643 λέγω

1054 657 1101 684 καὶ
1117 657 1265 692 ἱερατικοῦ,
1280 657 1439 692 τιμηθῆναι.
1458 656 1504 689 Ἐξ
1512 657 1595 692 ἄμφω
1610 656 1665 692 γὰρ
1678 657 1694 691 ἡ
1710 655 1841 687 Θεοτόκος

1055 703 1255 737 γενεαλογεῖται
1275 703 1429 738 ὲπιμίκτων
1445 703 1499 729 τῶν
1518 702 1564 729 δύο
1581 702 1672 737 φυλῶν
1688 701 1736 729 ἀπ’
1754 702 1840 737 ἀρχῆς

1055 748 1125 774 κατὰ
1141 748 1288 783 διαφόρους
1306 749 1426 783 τρόπους
1445 747 1615 788 γενομένων..

1092 887 1134 916 ιγ.
1152 887 1236 915 Ἔνθα
1254 888 1347 915 λοιπὸν
1366 887 1413 915 καὶ
1437 886 1485 914 ἐπὶ
1508 887 1564 913 τῶν
1586 887 1636 921 τῆς
1651 886 1782 913 Θεοτόκου
1799 893 1844 919 γει⁴

1055 936 1124 962 νέων
1142 933 1238 966 οὕτως.
1256 934 1428 970 Ζαχαρίας,ὁ
1441 933 1532 969 πατὴρ
1549 932 1673 960 Ἰωάννου
1682 931 1728 958 τοῦ
1742 931 1844 957 Βαπτι-

1057 980 1133 1013 στοῧ,
1146 980 1259 1014 ἀδελφὺν
1275 979 1355 1015 ἔσχεν
1370 978 1506 1015 συνιερέα,
1523 977 1688 1013 καλούμενον
1704 977 1843 1010 ’Δγγιιῖον.

1055 1026 1109 1062 πρὸ
1132 1025 1214 1053 αὑτοῦ
1239 1025 1468 1060 τετελευτηκότα.
1501 1024 1604 1051 Τούτου
1633 1023 1681 1049 τοῦ
1716 1023 1844 1057 ’Δγγαιευ

1056 1073 1194 1108 Θυγατέρα
1206 1073 1274 1109 πρὸς
1290 1072 1380 1107 γάμον
1395 1071 1499 1107 ἢγαγεν
1519 1069 1618 1104 Ἰωσὴφ
1642 1069 1657 1095 ό
1675 1068 1794 1096 τέκτωψ
1814 1067 1845 1099 ἐξ

1055 1116 1089 1155 ἧς
1105 1119 1249 1154 ἐγέννησεν
1261 1118 1399 1153 τέσσαρας
1415 1117 1489 1148 υἱοὺς
1504 1116 1551 1143 καὶ
1563 1115 1610 1142 δύο
1625 1114 1796 1149 θυγατέρας·
1806 1109 1844 1139 ὧν

1058 1164 1097 1198 εἷς
1114 1163 1148 1200 ἦν
1169 1164 1308 1197 Ἰάκωϐος,
1325 1165 1339 1190 ὸ
1350 1161 1508 1198 ἐπικληθεὶς
1528 1160 1641 1195 ἀδελφὸς
1654 1159 1701 1186 τοῦ
1713 1157 1843 1194 Χριστοῦ,

1056 1213 1070 1239 ὁ
1085 1212 1132 1239 καὶ
1143 1210 1249 1247 πρῶτος
1261 1209 1409 1239 ἐπίσκοπος
1429 1207 1640 1243 Ἰεροσολύμων·
1658 1205 1707 1232 καὶ
1720 1205 1750 1231 τὸ
1760 1204 1845 1239 ἔννομα

1056 1258 1107 1293 τῆς
1118 1256 1247 1292 γυναικὸς
1259 1255 1342 1283 αὐτοῦ
1353 1254 1482 1290 Σαλώμη,
1496 1254 1545 1289 οὐχ
1559 1254 1576 1289 ἠ
1587 1253 1672 1284 Μαῖα,
1681 1251 1737 1278 ἀλλ’
1750 1250 1842 1285 ἑτέρα.

1056 1303 1134 1330 Μετὰ
1154 1302 1269 1329 θάνατον
1289 1299 1318 1328 δὲ
1334 1299 1420 1335 αὐτῆς
1441 1298 1622 1334 μνηστεύεται
1637 1297 1652 1323 ὸ
1674 1295 1774 1330 Ἰωσὴφ
1794 1293 1844 1328 τὴν

1058 1349 1190 1376 Θεοτόκον
1205 1347 1315 1380 Μαρίαν
1328 1346 1379 1381 τὴν
1395 1344 1466 1372 κατὰ
1479 1344 1511 1370 τὸ
1525 1342 1658 1379 μητρικὸν
1682 1341 1760 1375 γένος
1777 1347 1844 1366 κατ-

1058 1395 1195 1430 αγομένην
1211 1393 1265 1420 ἀπὸ
1282 1391 1398 1420 Ματθὰν
1418 1391 1466 1418 τοῦ
1481 1390 1594 1426 ἱερέως,
1615 1390 1662 1416 καὶ
1683 1386 1765 1415 αὑτοῦ
1790 1385 1844 1413 ἀπδ

1057 1437 1240 1472 Σολομῶντος,
1258 1435 1304 1463 τοῦ
1319 1435 1378 1462 υἱοῦ
1396 1435 1488 1465 Δαυῖδ,
1499 1434 1536 1466 ὥς
1551 1442 1634 1470 φησιν
1649 1433 1680 1460 τὸ
1692 1431 1764 1459 κατὰ
1776 1431 1844 1457 Δου-

1058 1484 1109 1511 κᾶν
1140 1482 1306 1517 Εὑαγγέλιον
1345 1480 1600 1516 γενεαλογούμενον.
1642 1476 1725 1510 Οὗτος
1755 1477 1809 1512 γὰρ
1830 1477 1845 1502 ὁ

1057 1529 1172 1557 Ματθὰν
1188 1529 1262 1564 τρεῖς
1281 1528 1360 1563 ἔσχεν
1383 1527 1546 1561 Θυγατέρας,
1566 1527 1598 1552 ἑκ
1611 1524 1718 1562 Μαρίας
1735 1523 1784 1557 τῆς
1796 1530 1846 1556 γυ-

1058 1575 1150 1607 ναικὸς
1164 1574 1247 1601 αὺτοῦ
1259 1582 1265 1589 ”
1284 1570 1321 1600 ὧν
1333 1573 1453 1608 ὀνόματα
1467 1571 1570 1608 Μαρία,
1583 1570 1681 1605 Σο66ὴ,
1699 1570 1793 1596 Ἀννα.
1814 1567 1846 1593 'H

1056 1619 1104 1648 οὖν
1126 1619 1222 1656 Μαρία
1248 1620 1330 1655 γεννᾷ
1359 1619 1493 1654 Σαλώμην
1521 1618 1570 1653 τὴν
1594 1617 1701 1644 Μαῖαν·
1720 1616 1737 1651 ὴ
1757 1614 1845 1648 Σοϐὃὴ

1057 1667 1139 1702 γεννᾷ
1164 1666 1214 1701 τὴν
1243 1665 1404 1697 Ἐλισὰσετ,
1426 1664 1476 1699 τὴν
1509 1663 1616 1699 μητέρα
1645 1661 1768 1688 Ἰωάννου
1798 1658 1845 1686 τοῦ

1057 1710 1210 1739 Βαπτιστοῦ
1221 1719 1228 1726 ⁴
1247 1712 1263 1746 ἡ
1280 1711 1309 1738 δὲ
1325 1711 1410 1737 Ἀννα
1425 1710 1508 1745 γεννᾷ
1523 1709 1570 1744 τὴν
1589 1709 1720 1735 Θεοτόκον
1736 1705 1846 1740 Μαρίαν

1057 1759 1086 1785 ὲν
1111 1756 1245 1791 Βηθλεὲμ,
1266 1756 1316 1792 τὴν
1338 1755 1411 1782 κατὰ
1434 1755 1464 1782 τὸ
1476 1754 1561 1790 ὕνομα
1585 1754 1635 1789 τῆς
1659 1753 1777 1788 μάμμης
1799 1751 1846 1776 καὶ

1058 1803 1133 1834 θείας
1150 1801 1343 1838 ἐπικληθεῖσαν
1360 1801 1487 1837 Μαρίαν·
1500 1800 1537 1832 ὡς
1550 1798 1620 1826 εἶναι
1637 1799 1686 1834 τὴν
1706 1797 1845 1824 Ἐλισάὸετ

1058 1848 1170 1882 ἀνεψιὰν
1187 1848 1236 1884 μὲν
1250 1848 1300 1883 τῆς
1313 1848 1422 1883 Ἀννης,
1437 1847 1585 1882 ἐξαδέλφην
1596 1846 1624 1872 δὲ
1634 1845 1684 1880 τῆς
1700 1845 1844 1871 Θεοτόκνιυ.

1058 1894 1212 1930 Κυροῦντος
1236 1894 1270 1921 τὰ
1286 1894 1404 1929 ἑκάτερα
1427 1893 1474 1920 τοῦ
1489 1892 1666 1927 Εὐαγγελίου,
1693 1890 1737 1917 διὰ
1751 1890 1780 1917 τὸ
1798 1890 1846 1925 μὲν

1059 1940 1185 1975 πατρῴον
1201 1940 1279 1974 γένος
1289 1940 1336 1967 καὶ
1352 1939 1483 1975 σαρκικδν
1498 1937 1544 1965 τοῦ
1561 1937 1697 1973 Χριστοῦ·
1713 1934 1780 1968 Ἦν,
1792 1944 1846 1970 φη-

1059 1986 1111 2019 σὶν,
1130 1988 1146 2014 d
1167 1986 1284 2020 Ἰησοῦς
1315 1986 1481 2021 ἀρχόμενος
1505 1985 1545 2018 ὡς
1570 1984 1646 2012 ἐτῶν
1673 1982 1845 2017 τριάκοντα,

1057 2032 1123 2064 υἱὸς
1139 2032 1179 2064 ὡς
1208 2031 1355 2067 ἐνομίζετο
1374 2031 1427 2059 τοῦ
1470 2030 1592 2066 Ἰωσὴφ,
1604 2029 1656 2058 τοῦ
1690 2029 1756 2056 Ἠλὶ
1769 2048 1777 2061 ,
1793 2027 1846 2055 τοῦ

1058 2076 1183 2104 Ματθάν
1200 2085 1207 2092 ’
1229 2077 1274 2104 διὰ
1298 2077 1326 2104 δὲ
1341 2077 1371 2104 τὺ
1396 2077 1530 2113 μητρικόν
1545 2084 1552 2092 ·
1574 2075 1663 2108 Ἰδοὺ,
1680 2074 1774 2110 φησὶν,
1795 2073 1846 2100 καὶ

1066 2123 1220 2150 Ἐλισὰὄετ
1236 2123 1255 2158 ἢ
1273 2123 1424 2158 συγγενής
1440 2130 1510 2150 σου.
1535 2120 1586 2149 Ὧν
1614 2122 1707 2148 ἕνεκεν
1726 2119 1790 2153 δόξα
1811 2119 1845 2155 τῇ

1061 2169 1263 2202 συγκατασάπει
1282 2168 1329 2195 τοῦ
1354 2169 1420 2195 Θεοῦ
1448 2168 1495 2195 νῦν
1512 2169 1560 2195 καὶ
1585 2167 1639 2200 ἀεὶ,
1666 2167 1713 2194 καὶ
1727 2167 1766 2198 εις
1783 2165 1847 2196 τοὺς

1060 2213 1160 2246 αἰῶνας
1171 2214 1226 2241 τῶν
1245 2213 1361 2242 αἰώνων.
1387 2214 1485 2250 Ἀμήν.

254 2382 281 2408 4.
301 2379 408 2418 Nullius
419 2388 487 2418 sane
504 2380 589 2418 frugis
601 2382 748 2414 videbitur,
759 2390 802 2416 ea,
814 2390 874 2418 qua:
887 2390 1005 2418 sequun-
1021 2383 1042 2412 D
1058 2381 1163 2408 Helvid.
1191 2389 1222 2418 _n.
1246 2381 1290 2418 l9)
1317 2381 1494 2409 refutaverat.
1504 2382 1544 2418 rAt
1559 2388 1621 2408 eum
1634 2381 1758 2418 eamdem
1770 2380 1846 2418 hanc

220 2419 274 2459 tur,
304 2416 392 2459 oculis
407 2416 570 2459 subjecisse,
584 2418 734 2459 praesertim
749 2416 829 2459 quod
844 2418 872 2445 in
883 2416 1002 2459 _his'toria

1057 2416 1254 2452 paragraphum
1271 2416 1326 2451 jam
1344 2417 1369 2444 in
1394 2418 1475 2445 editis
1503 2417 1665 2452 haberemus
1681 2415 1752 2450 apud
1765 2415 1847 2452 Cotef

219 2450 270 2477 hac
300 2450 472 2486 genealogica
496 2450 610 2480 terenda
636 2453 670 2481 de
697 2450 852 2481 castissimo
882 2453 1003 2487 Deiparre
1055 2450 1153 2479 leriuin
1173 2450 1354 2487 ‘(PPaAposL
1377 2457 1443 2480 tom.
1462 2452 1488 2484 Ι,
1505 2459 1566 2487 pag.
1588 2450 1648 2487 279
1668 2451 1696 2487 in
1726 2455 1781 2482 uel.
1810 2451 1847 2487 tut

218 2493 320 2523 sponso
345 2493 376 2513 ea
394 2493 488 2514 auctor
505 2494 710 2521 commemoret,
727 2496 786 2523 quae
811 2488 948 2515 communi
970 2487 1002 2514 li-

1056 2487 1100 2514 lio.
1129 2494 1158 2514 ιιι
1175 2494 1234 2518 cap.
1247 2486 1263 2514 6
1279 2487 1392 2514 (.‘onstit.
1411 2485 1527 2521 Apost).
1543 2485 1621 2513 nulla
1646 2485 1740 2513 aderat
1766 2486 1846 2518 ratio,

218 2520 318 2548 delium
335 2523 476 2558 sententiae.
501 2523 690 2558 adversantur.
703 2520 821 2558 quaeque
835 2523 889 2558 jam
909 2523 970 2549 inde
985 2530 1000 2549 a
1054 2530 1104 2550 cur
1119 2529 1179 2549 eam
1203 2529 1265 2549 cum
1283 2522 1393 2550 homilia
1410 2520 1464 2550 non
1479 2520 1663 2557 vulgaremus.

218 2561 317 2590 quarto
340 2556 467 2585 Ecclesize
495 2558 594 2586 saeculo
624 2557 653 2586 S.
670 2556 852 2594 Hieronymus
879 2558 998 2594 (Advers.
