2082 3157
231 185 303 218 1015

847 184 972 215 CANON
991 185 1255 218 ACROSTICHUS

1805 188 1873 222 1016

230 243 390 279 splendidus
406 243 486 271 nobis
498 241 537 270 sol
552 242 689 274 exoriens,
704 241 810 276 fulgore
825 242 949 270 veritatis
960 242 1011 269 uni.

1073 244 1185 279 φαιδρὸς
1201 244 1345 276 ἀνατείλας
1361 244 1451 278 ἥλιος,
1469 245 1574 278 πάντας
1591 246 1725 282 φωτισμῷ
1741 247 1791 282 τῆς
1807 247 1874 282 ἀλη-

228 297 323 317 versos
334 289 507 321 illuminavit,
523 292 550 316 et
561 287 715 323 profundas
732 287 880 322 impietatis
894 288 1021 316 tenebras

227 335 345 370 disiecit.

263 380 417 415 lgnil‘ormis
434 380 549 407 thronus
566 378 613 406 Dei
629 379 694 412 tuis,
714 386 729 406 ο
746 378 825 407 beata
840 377 918 406 Anna
934 386 949 405 a
966 379 1021 406 Deo

225 431 337 458 vocata,
364 425 515 453 visceribus
551 424 728 459 infunditur;
753 425 780 453 in
814 433 869 460 quo
897 425 943 454 ille
977 432 1021 453 se-

225 472 292 499 dens
313 466 456 507 requievit,
476 471 638 506 laboresque
668 471 776 506 piorum
792 471 1022 506 omniumabstu-

224 517 265 550 lit,
275 523 358 552 atque
370 517 510 545 cmlestem
521 517 624 545 erroris
638 522 779 552 expertem
789 516 934 545 scientiam
956 517 1021 545 etfu-

223 562 274 590 dit.

261 607 332 636 Ecce
346 609 487 642 lectulum,
499 617 581 644 quem
592 617 657 637 vero
669 608 737 644 Regi
748 609 774 636 in
786 609 895 644 generis
905 608 1019 636 humani

223 655 423 682 restant-alioue
442 655 476 683 ad
494 655 627 683 divinitus
657 655 889 683 discumbendum
905 662 1019 690 prorsus

222 705 362 729 servatum
379 701 507 728 Salomon
519 701 654 736 praedixit,
670 702 733 729 sinu
746 705 805 733 ttto,
816 708 832 729 ο
845 700 936 733 Anna,
952 708 1019 728 con-

221 746 318 781 cepisti
331 754 338 778 ;
352 752 496 781 propterea
508 751 642 780 quotquot
657 752 753 773 sumus
764 745 868 778 ﬁdeles,
883 748 910 772 te
918 744 1016 780 praedi-

221 798 318 819 camus
332 793 450 819 beatam.

560 836 628 864 ODE
649 836 681 864 ν.

258 882 387 910 Emonte
412 882 551 910 descendit
584 881 755 915 Joaehimus,
783 890 835 910 non
863 883 920 918 jam
950 883 1016 917 legis

221 929 339 962 tabulas,
361 928 408 955 sed
437 936 520 964 quam
548 928 590 955 lex
617 929 856 963 praemonstrabat,
879 936 1016 964 quamque

220 981 317 1001 omnes
332 974 527 1008 prophetarum
544 973 739 1008 praedictiones
756 974 946 1010 indigitabaut,
964 974 1016 1002 im~

219 1020 384 1048 maculatam
403 1019 450 1047 Dei
475 1020 589 1047 Matrem
610 1020 742 1056 adeptus;
757 1025 784 1048 et
807 1021 949 1049 exsultans
965 1028 1014 1049 ex-

218 1066 375 1094 clamabat:
392 1065 550 1093 Exaltatutn
567 1069 609 1093 est
622 1073 671 1093 cor
686 1074 789 1094 meum.

257 1112 308 1139 Ubi
322 1112 400 1139 Anna
417 1111 525 1139 tandem
542 1111 690 1146 aliquando
706 1112 842 1146 persensit
864 1112 1014 1140 visceribus

218 1158 278 1185 suis
294 1157 369 1184 illam
397 1157 507 1184 insitam
530 1164 592 1184 esse
617 1157 701 1184 vitem
731 1156 912 1190 fructiferam,
927 1165 943 1185 e
959 1165 1014 1192 qua

218 1210 344 1231 racemus
368 1202 496 1234 edioruit,
521 1203 567 1237 qui
591 1202 624 1230 ad
653 1203 841 1231 maturitatem
864 1204 1013 1239 perductus

215 1249 309 1276 vinum
339 1248 445 1280 nobis,
473 1248 600 1276 videlicet
629 1248 874 1283 immortalitatem,
903 1250 1014 1284 copiose

217 1294 318 1326 stillat,
344 1294 414 1327 Quid
438 1293 863 1327 tihi,exclamabat;misericors
886 1295 1011 1330 Domine,

216 1341 389 1369 retribuam?

252 1388 320 1415 Cum
337 1387 439 1422 pietate
469 1387 590 1416 sterilem
616 1392 743 1416 naturam
767 1395 881 1417 cernere
899 1388 1012 1418 Joachi-

215 1442 279 1462 mus
295 1442 349 1462 non
366 1433 459 1468 ferret,
475 1433 632 1463 effundebat
658 1443 765 1470 preces,
777 1440 808 1462 ut
823 1436 910 1464 Anna:
929 1436 1012 1464 steri-

216 1482 280 1509 litas
308 1480 477 1514 auferretur,
492 1488 610 1516 eamque
635 1481 739 1517 prolem
757 1482 815 1517 ipsa
840 1482 984 1510 sortiretur
997 1490 1013 1511 e

215 1535 269 1563 qua
296 1527 407 1555 daretur
438 1527 511 1555 lilius
537 1527 582 1554 ille
608 1527 774 1561 altissimus,
789 1528 838 1563 qui
865 1528 1012 1557 universos

216 1573 346 1603 mortales
363 1573 439 1601 Patri
452 1581 504 1602 suo
518 1574 589 1601 lilios
603 1573 729 1602 efﬁceret.

548 1616 616 1645 ODE
633 1617 678 1645 Vl.

251 1665 429 1701 Magniﬁcans
447 1666 526 1692 Anna
544 1665 655 1692 Israelis
672 1664 916 1698 Deum,clamabat
932 1668 1008 1693 heta-

213 1713 306 1740 bunda
319 1720 327 1738 :
342 1711 510 1739 Praetereunt
523 1710 617 1744 procul
632 1710 715 1738 dubio
732 1712 834 1738 umbra:
849 1711 932 1746 legis;
944 1718 1009 1739 ecce

213 1758 287 1786 cnim
304 1757 433 1791 splendor
447 1757 547 1783 divina:
562 1755 656 1791 gratiae
679 1761 804 1791 apparet,
829 1756 910 1791 Virgo
933 1757 1008 1785 scili-

214 1808 269 1836 cet,
298 1803 385 1831 nubes
411 1803 455 1830 illa
473 1810 488 1830 c
509 1802 567 1836 qua
590 1801 710 1837 fulgidus
731 1803 772 1830 sol
800 1802 915 1831 Deitatis
944 1811 1008 1831 vere

215 1850 337 1878 enascitu
344 1858 366 1877 r.

250 1895 301 1923 Ubi
326 1894 452 1929 angelum
469 1895 548 1922 Anna
566 1893 670 1921 audivit
698 1894 867 1922 nuntiantem
891 1902 921 1922 sc
935 1896 1008 1930 pari-

213 1947 303 1970 turam
326 1949 388 1970 esse
403 1941 549 1974 infantem,
567 1939 674 1970 Novum
691 1949 768 1974 sane,
782 1941 882 1976 inquit,
899 1947 1007 1976 specta-

211 1988 316 2020 culum,
329 1987 352 2015 si
373 1991 400 2014 et
415 1994 477 2023 ego,
493 1987 572 2022 prius
588 1987 734 2015 infecunda
750 1991 777 2015 et
791 1992 887 2022 partus
903 1987 1005 2020 nescia,

209 2035 266 2070 jam
283 2041 453 2069 concepere;
470 2034 534 2062 hinc
551 2034 741 2062 exclamabat:
760 2033 844 2068 Euge,
859 2034 928 2068 proh
945 2033 1007 2062 felix

210 2082 348 2114 nuntium,
365 2082 387 2109 si
400 2081 481 2109 verba
495 2081 584 2109 exitus
605 2085 745 2116 sequatur.

250 2127 303 2156 Ubi
320 2128 400 2155 Anna
423 2135 453 2155 se
473 2127 636 2162 concepisse
652 2127 797 2162 persensit,
812 2125 984 2154 exclamabat
998 2133 1005 2152 :

210 2175 349 2202 Lactenlur
364 2179 470 2202 montes
484 2177 512 2201 et
527 2174 621 2206 colles,
635 2173 723 2208 campi
752 2178 778 2200 et
801 2180 885 2205 mare,
898 2172 1008 2207 angelo-

208 2230 268 2250 rum
281 2221 428 2249 multitudo
441 2225 468 2248 ct
484 2220 642 2247 universum
656 2219 811 2247 mortalium
825 2226 910 2254 genus
921 2227 928 2244 :
939 2218 1008 2245 divi-

208 2276 273 2296 num
289 2268 362 2295 enim
387 2266 495 2294 Domini
511 2266 654 2294 delubrum
671 2265 778 2293 initium
795 2272 872 2292 novae
892 2265 1008 2292 :edilica—
1022 2281 1044 2309 Β

209 2314 291 2342 tiernis
300 2313 426 2348 sumpsit.

538 2358 607 2386 ODE
623 2357 681 2386 νη.

244 2407 330 2440 Quem
349 2405 457 2442 Moyses
471 2405 536 2434 olim
552 2405 578 2432 iu
597 2404 662 2432 Sina
678 2404 745 2432 vidit
769 2404 867 2432 rubum
886 2404 1004 2433 ﬂammiv

208 2453 309 2486 ferum,
327 2453 400 2480 hunc
423 2453 500 2479 Anna
526 2451 589 2478 sinu
619 2450 755 2485 concepit,
767 2455 794 2478 et
821 2450 1005 2478 iul'ecundatis

209 2497 401 2532 ignominiam,
422 2503 477 2531 qua
502 2496 645 2528 urebatur,
661 2496 892 2530 quemadmodum
907 2496 1005 2523 deinde

207 2543 375 2579 impietatem
403 2541 554 2577 exstinguit
585 2548 684 2568 eorum
712 2540 760 2576 qui
779 2546 900 2568 canunt:
918 2541 1004 2569 Bene-

207 2589 297 2616 dictus
314 2596 355 2621 es,
367 2587 440 2615 Deus
454 2587 566 2615 Patrum
582 2591 719 2614 nostrum.

243 2633 341 2661 Mirum
358 2633 385 2660 in
400 2633 522 2667 modum,
543 2640 560 2660 ο
575 2633 664 2666 Anna,
681 2639 754 2659 nuttc
780 2631 826 2659 illa
843 2631 948 2667 depluit
976 2631 1002 2658 in

207 2681 298 2708 sinum
331 2685 408 2708 tuutn
437 2681 522 2714 stilla,
538 2688 601 2716 quae
617 2684 701 2708 totam
730 2679 804 2707 inttts
829 2686 860 2706 se
885 2678 1004 2713 excipiet

208 2734 307 2761 aquam
331 2726 402 2758 vitae,
418 2726 584 2754 irrorantern
610 2733 668 2760 eos,
685 2725 731 2760 qui
755 2724 808 2752 ﬁde
832 2723 942 2752 accensi
967 2723 1002 2751 ad

206 2779 269 2799 cunt
286 2771 426 2799 clamant:
444 2771 608 2800 Benedictus
624 2779 664 2804 es,
680 2770 752 2798 Deus
766 2773 874 2805 patrum
888 2773 999 2797 nostro-

207 2825 280 2845 1⁷11111.

243 2864 465 2894 Pnsserculorum
493 2867 599 2900 nidum,
613 2873 630 2893 o
652 2865 746 2896 Anna,
763 2871 825 2892 cum
852 2864 998 2899 aspiceres,

206 2911 301 2948 spiritu
317 2920 427 2940 sursum
441 2913 571 2948 evolasti;
588 2917 616 2941 et
639 2911 767 2948 precibus
792 2911 996 2939 immaculatum

1073 289 1149 322 θείας
1164 290 1334 326 κατηύγασε,
1350 291 1398 318 καὶ
1413 291 1482 327 βαθὺ
1503 292 1599 324 σκότος
1614 292 1709 325 ἀθετας
1722 293 1868 330 ἐξήλασεν.

1108 379 1209 414 Θρόνος
1229 381 1244 407 ὁ
1259 380 1433 416 πυρίμορφος
1447 380 1516 408 Θεοῦ
1535 381 1632 416 λαγόσι
1646 389 1694 409 σου
1715 382 1867 418 ἐνίδρυται·

1072 425 1101 451 ὲν
1117 422 1140 460 ᾧ
1157 426 1272 458 καθίσας
1296 427 1501 460 ἀναπέπαυται,
1525 427 1573 454 καὶ
1588 428 1699 455 πάντων
1713 429 1769 455 τῶν
1790 428 1869 455 εὐσε-

1071 471 1128 497 ϐῶν
1147 471 1193 499 τὸν
1208 472 1292 499 κόπον
1317 473 1459 507 ἀφείλετο,
1479 473 1527 500 καὶ
1545 473 1596 509 τὴν
1607 473 1733 508 καθαρὰν
1748 472 1868 508 Θεογνω-

1072 517 1132 544 σίαν
1147 517 1287 554 ὲνίδρυσεν
1301 518 1349 546 ἐπὶ
1361 519 1425 554 γῆς,
1438 519 1523 546 Ἀννα
1539 519 1665 554 μακαρία
1684 518 1829 554 θεόληπτε.

1108 606 1173 639 Ἴδε,
1192 607 1227 642 ἥν
1240 607 1348 643 προέφη
1369 606 1506 642 Σολομὼν,
1520 608 1550 634 ὲν
1568 608 1661 644 μήτρᾳ
1676 606 1772 644 κλίνην
1786 607 1864 645 εἴλη-

1070 661 1134 687 φας,
1159 653 1351 689 τετηρημένην
1374 653 1547 689 ἀληθέστατα
1573 654 1612 689 τῷ
1637 654 1733 689 ἀληθεῖ
1754 654 1866 681 Βασιλεῖ

1069 698 1145 726 Θείαν
1163 698 1231 733 πρὸς
1243 699 1385 726 ἅνάκλισιν
1398 700 1494 734 γένους
1507 700 1562 727 τῶν
1579 699 1684 736 βροτῶν
1705 701 1862 736 ὲπανακλή-

1069 751 1122 770 σει·
1140 744 1181 771 διό
1202 753 1232 771 σε
1257 745 1444 780 χαρμονικῶς,
1466 745 1562 778 Ἀννα,
1586 746 1611 772 οε
1629 745 1722 773 πιστοὶ
1742 745 1862 782 μακαρί-

1069 788 1160 824 ζομεν.

1410 837 1477 873 nan
1497 838 1533 864 E’.

1105 879 1248 914 Κατῆλθεν
1264 881 1295 914 ἐξ
1320 881 1400 916 δρους
1414 882 1428 908 δ
1446 882 1586 917 Ἰωακεὶμ,
1601 882 1662 918 οὐχὶ
1684 884 1793 917 πλάκας
1808 886 1856 913 τοῦ

1032 919 1052 947 Β
1069 925 1151 960 νόμου
1169 926 1327 961 δεξάμενος,
1344 927 1378 963 ἢν
1390 928 1471 963 νόμος
1484 927 1512 954 δὲ
1528 928 1698 964 προέγραψε,
1713 931 1761 957 καὶ
1772 932 1860 959 πᾶσαι

1067 972 1216 1009 προφητῶν
1232 972 1370 1008 ἐδήλωσαν
1382 973 1411 1000 αι
1428 973 1532 1008 ῥήσεις.
1550 974 1618 1001 Θεοῦ
1632 974 1718 1011 ἁγνὴν
1732 976 1857 1012 Μητέρα·

1066 1024 1114 1050 καὶ
1131 1023 1250 1059 σκιρτῶν
1266 1023 1374 1050 ἀνεϐόα·
1399 1022 1588 1058 Ἐμεγαλύνθη
1605 1023 1622 1058 ἡ
1637 1024 1736 1059 καρδία
1751 1033 1814 1059 μου.

1101 1111 1222 1146 Λαγόσιν
1246 1111 1284 1144 ὡς
1301 1111 1399 1148 ᾔσθετο
1415 1113 1500 1139 Ἀννα
1524 1113 1590 1140 ποτὲ
1606 1113 1786 1148 φυτευθεῖσαν
1808 1114 1858 1149 τὴν

1065 1156 1206 1193 εὔκαρπον
1226 1157 1361 1193 ἄμπελον,
1381 1158 1411 1191 ἐξ
1433 1156 1467 1195 ἧς
1491 1159 1506 1185 ὁ
1529 1159 1629 1194 βότρυς
1645 1159 1763 1194 ἤνθησεν
1778 1162 1792 1187 ὸ
1807 1161 1858 1188 πέ-

1066 1212 1161 1240 πειρος
1191 1204 1258 1240 ἡμῖν
1286 1202 1367 1236 οἶνον,
1393 1205 1556 1239 ἀθανασίαν,
1572 1205 1709 1238 πλουσίως
1731 1198 1857 1234 ἀποστά-

1064 1249 1132 1284 ζων,
1143 1250 1175 1277 Τί
1191 1259 1234 1278 σοι
1248 1251 1442 1285 ἀνταποδώσω,
1458 1250 1630 1287 εὖσπλαγχνε
1646 1252 1744 1288 Κύριε,
1759 1252 1858 1288 ἐφθέγ-

1063 1305 1137 1332 γετο.

1099 1385 1145 1421 Μὴ
1158 1384 1250 1421 φέρων
1259 1385 1309 1421 τὴν
1319 1385 1409 1412 κτίσιν
1420 1386 1434 1412 ό
1453 1385 1583 1422 Ἰωακεὶμ
1597 1385 1717 1422 καθορᾷν
1730 1386 1857 1422 εὐσεϐείᾳ

1064 1431 1268 1468 στειρεύουσαν,
1301 1431 1351 1467 τὴν
1376 1431 1518 1466 στείρωσιν
1545 1432 1649 1459 ἱκέτευε
1678 1431 1729 1466 τῆς
1756 1433 1857 1467 Ἀννης

1063 1477 1219 1513 παρελθεῖν,
1235 1478 1283 1505 καὶ
1299 1477 1402 1513 ταύτην
1417 1478 1489 1510 ἕξειν
1505 1477 1589 1505 παῖδα
1604 1478 1634 1511 ἐξ
1658 1475 1692 1514 ἧς
1705 1478 1763 1510 υίδς
1776 1478 1856 1513 ἐδόθη

1062 1522 1167 1554 πάντας
1187 1522 1346 1558 υίοθετήσας
1361 1523 1399 1558 τῷ
1414 1523 1512 1550 ἑαυτοῦ
1530 1524 1645 1560 Πατρὶὸ
1661 1523 1783 1558 ὕψιστος.

1386 1611 1521 1647 mli-sc."-

1095 1657 1188 1693 Νόμου
1204 1659 1232 1686 αἱ
1247 1658 1322 1685 σκιαὶ
1343 1657 1438 1692 σαφῶς
1455 1658 1688 1693 παρατρέχουσιν.
1706 1657 1783 1693 Αὑγὴ
1800 1657 1856 1694 γὰρ

1060 1705 1114 1732 ῐδοῦ
1126 1704 1176 1739 τῆς
1188 1704 1264 1736 θείας
1279 1705 1390 1739 χάριτος
1406 1704 1597 1738 ἐμφανίζεται,
1615 1705 1630 1738 ἡ
1644 1703 1795 1739 Παρθένος,
1811 1713 1855 1731 νε·

1058 1751 1128 1785 φέλη
1155 1750 1186 1782 ἐξ
1201 1747 1235 1786 ἦς
1251 1751 1265 1777 ὁ
1285 1750 1399 1785 φαιδρὸς
1413 1751 1463 1783 τῆς
1481 1749 1608 1785 θεότητος
1625 1750 1747 1786 ἀντίσχοι
1770 1751 1855 1783 δντως

1057 1795 1144 1830 ἥλιος,
1174 1796 1260 1822 Ἅννα
1287 1795 1427 1832 γηθομένη
1445 1795 1545 1831 ἔκραζε
1559 1815 1566 1828 ,
1582 1795 1627 1823 τὸν
1658 1796 1725 1823 Θεὸν
1745 1796 1855 1832 Ἰσραὴλ

1059 1841 1259 1876 μεγαλύνουσα.

1092 1886 1183 1920 Ξένον,
1196 1887 1221 1913 εἰ
1233 1887 1310 1921 κάγὼ
1323 1887 1504 1927 συλλήψομαι.
1515 1887 1615 1921 θέαμα,
1627 1888 1644 1923 ἡ
1657 1887 1754 1922 ἄγονος
1771 1889 1849 1924 πρὶν,

1059 1931 1107 1958 καὶ
1122 1933 1137 1967 ὴ
1150 1932 1181 1958 οὺ
1194 1932 1336 1965 τίκτουσα,
1351 1933 1437 1960 ’Ἀννα
1452 1933 1540 1966 ἔλεγε,
1558 1932 1746 1968 φθεγγομένου
1765 1933 1851 1967 ἀγγέ-

1058 1977 1105 2004 λου
1121 1977 1158 2009 ὡς
1174 1977 1302 2012 ἤκουσεν,
1321 1979 1361 2004 ὅτι
1377 1977 1485 2011 τέξεται
1505 1978 1622 2011 παιδίον,
1647 1979 1694 2006 καὶ
1713 1979 1852 2016 ἐκραύγα-

1059 2023 1106 2055 ζεν
1120 2032 1127 2038 ·
1154 2021 1224 2057 Εὖγε
1248 2023 1295 2050 τοῦ
1320 2023 1404 2051 καλοῦ
1421 2023 1612 2059 ἀκούσματος,
1641 2025 1665 2051 εἰ
1687 2025 1744 2052 τῶν
1765 2025 1853 2060 λόγων

1059 2069 1172 2102 ἔκϐασις
1189 2071 1314 2104 γένηται.

1095 2117 1166 2151 ’Όρη
1193 2117 1239 2143 καὶ
1262 2116 1362 2151 βουνοὶ,
1391 2116 1472 2143 πεδία
1495 2116 1543 2148 καὶ
1563 2116 1697 2150 θάλασσα,
1726 2117 1851 2151 ἀγγέλων

1058 2161 1163 2196 πληθὺς
1177 2162 1224 2188 καὶ
1249 2163 1325 2188 πᾶσα
1349 2162 1431 2196 φύσις
1454 2162 1570 2197 βροτῶν,
1596 2163 1850 2198 εὐφραινέσοωσαψ

1058 2207 1104 2233 τοῦ
1123 2207 1260 2234 Δεσπότου
1282 2207 1313 2233 τὸ
1336 2207 1407 2234 θεῖον
1427 2209 1482 2243 γὰρ
1497 2208 1611 2243 τέμενος
1639 2208 1766 2244 ἀπαρχὴν
1782 2209 1850 2235 ἀνα-

1058 2252 1198 2288 δομήσεως
1225 2253 1345 2286 ἐδέξατο.
1373 2254 1457 2281 ’Λννα
1481 2254 1600 2290 ὁπηνίκα
1626 2254 1725 2290 ᾔσθετο
1751 2253 1851 2290 ἑαυτὴν

1062 2299 1261 2333 συλλαϐοῦσαν,
1279 2300 1441 2334 ἐφθέγγετο.

1394 2359 1462 2393 ῼΔΗ
1478 2359 1516 2385 2'.

1093 2405 1238 2441 Πυρφόρον
1254 2404 1338 2432 πάλαι
1352 2405 1434 2440 βάτον
1449 2406 1571 2441 Μωῦσῆς
1584 2406 1613 2433 ὲν
1628 2406 1696 2433 Σινᾶ
1709 2407 1743 2442 ἦν
1759 2405 1848 2442 ἐώρα-

1057 2460 1115 2484 κεν,
1140 2453 1226 2480 Ἀννα
1248 2452 1378 2478 συνέλαὸε
1400 2453 1516 2486 γαστρὶ,
1534 2452 1663 2485 ἀπαιδίας
1688 2453 1747 2489 πῦρ
1772 2454 1849 2480 σὸενο

1056 2498 1166 2532 νύουσα,
1182 2498 1219 2529 ὡς
1231 2497 1378 2533 ἐσύστερον
1394 2498 1553 2526 δυσσέϐειαν
1565 2501 1620 2532 τοῖς
1637 2499 1797 2535 μέλπουσιψ
1818 2500 1848 2528 ὐ

1055 2546 1110 2572 τῶν
1123 2545 1249 2582 πατέρων
1261 2545 1336 2577 Θεὸς.
1353 2545 1500 2581 εὐλογητὸς
1510 2543 1545 2573 εἷ.

1095 2635 1187 2667 Ῥανὶς
1201 2637 1234 2672 τῇ
1253 2637 1286 2672 σῇ
1310 2635 1388 2671 νηδύϊ
1404 2636 1564 2672 παραδόξως
1586 2637 1646 2671 νῦν,
1665 2638 1760 2671 Ἄννα,
1787 2637 1846 2670 ἐξέ-

1054 2681 1162 2709 6λυσιν·
1178 2683 1240 2718 ἥτις
1257 2682 1288 2708 τὸ
1310 2681 1382 2719 ὕδωρ
1408 2683 1457 2719 τῆς
1477 2683 1550 2717 ζωῆς
1566 2683 1626 2710 ὅλον
1649 2683 1724 2711 ἔνδον
1745 2683 1848 2711 εἰσεδέ-

1053 2729 1128 2761 ξατο,
1144 2729 1175 2756 τὸ
1190 2728 1313 2764 δροσίζον
1327 2728 1390 2760 τοὺς
1415 2728 1519 2760 πιστῶς
1535 2729 1609 2764 αὐτῷ
1626 2730 1845 2764 κραυγάζοντας·

1058 2775 1088 2802 '0
1101 2775 1155 2802 τῶν
1171 2775 1300 2809 πατέριον
1316 2775 1393 2808 Θεὸς,
1412 2775 1562 2810 εὐλογητὸς
1577 2773 1613 2801 εἴ.

1088 2863 1241 2900 Στρουθίων
1255 2865 1292 2896 ὼς
1310 2864 1399 2900 ἑώρας
1417 2865 1526 2898 καλιὰν,
1541 2865 1741 2901 ἁνεπτηρωθης
1762 2865 1845 2892 πνεύ-

1055 2919 1129 2946 ματι·
1148 2911 1194 2938 καὶ
1210 2913 1349 2947 προσευχῇ
1365 2912 1530 2948 περιστερὰν
1543 2912 1665 2948 ὲκομίσω
1682 2912 1732 2949 τὴν
1745 2912 1844 2950 ἀμίανη
