2082 3157
195 197 263 230 1017

846 197 919 228 LEO
939 196 1090 226 PATllICl
1096 195 1154 226 US.

1751 198 1820 232 1018

191 261 247 284 τον,
264 251 368 287 κάρφος
385 252 520 288 φέρουσαν
537 254 655 290 Χριστὸν
670 254 775 289 ἐλαίας,
792 255 887 287 Ἅννα,
904 253 977 289 ἡμᾶς
993 256 1006 284 Α

1031 256 1154 279 assecuta
1179 258 1209 278 es
1234 251 1400 285 columbam,
1418 259 1479 287 quae
1503 260 1609 280 ramum
1632 252 1721 286 olim,
1739 252 1818 281 Chri-

192 298 386 334 κατακλυσμοῦ
402 299 497 335 νοητοῦ
506 299 712 336 ἐλευθεροῦντα.

522 416 587 453 om
603 419 645 446 ιν.

229 481 261 509 τι
284 491 330 518 μοι
351 482 459 518 μήτραν
477 482 640 518 ἀπειργάσω
659 481 836 516 ἀτεκνοῦσαν,
859 481 906 509 καὶ
929 490 981 516 μα-

193 529 271 560 στοὺς
296 527 401 564 ξεροὺς,
426 527 518 560 καθὼς
543 528 668 564 προέφης
689 529 718 555 ἐν
736 528 904 563 προφήταις,
930 527 980 554 Δέ-

193 583 296 608 «nou;
311 574 410 601 ἀνεϐόα
421 575 505 601 Ἄννα
519 574 596 601 ποτέ.
616 574 756 606 ’Δτεκνίας
769 582 820 609 μου
833 575 864 600 τὸ
879 574 980 606 ovatae;

192 621 327 652 διάλυσον,
352 622 399 647 καὶ
422 620 466 652 δός
485 628 531 655 μοι
557 620 676 656 καρπὸν,
704 619 763 655 μεθ’
778 615 809 646 οὗ
825 620 958 655 βοήσομαι
972 628 978 635 ο

192 667 345 700 Εύλογείτω
367 666 384 702 ἡ
406 666 495 698 κτίσις
514 667 589 693 πᾶσα
613 666 659 693 τὸν
684 666 798 703 Κύριον,
820 666 868 693 καὶ
892 666 978 702 ὑπερ-

193 712 291 747 υψοῦτε
304 713 343 745 εἰς
359 712 463 745 πάντας
475 713 539 745 τοὺς
555 713 669 745 αἰῶνας.

232 804 353 840 ’Υπῆλθε
369 804 419 839 τὴν
432 803 501 840 σήν,,
510 803 605 836 ¹Ἄννα,
624 804 731 840 μήτραν
745 804 850 840 λυχνία,
866 804 897 831 τὸ
910 804 981 839 λαμ.-

191 851 297 883 πάδιον,
313 850 375 885 ῆτις
387 850 418 876 τὸ
434 849 505 877 θεῖον
519 850 659 885 μυστικῶς
673 849 797 885 ἐχώρησε
811 850 842 877 τὸ
857 850 980 885 φωτίσαν

190 898 281 923 πᾶσαν
293 896 377 931 πνοὴν
392 895 580 931 φρυκτωρίαις
597 896 743 930 μυστικαῖς
756 895 806 930 τῆς
820 895 896 927 θείας
910 895 980 930 γνὼ-

1032 303 1105 325 stum
1119 305 1215 333 nempe
1229 305 1244 325 e
1256 298 1391 334 spirituali
1404 299 1570 334 cataclysmo
1585 306 1634 326 uos
1649 299 1820 334 liberantem,

1030 344 1109 380 gerit.

1348 418 1415 446 ODE
1432 417 1502 446 Vill.

1066 483 1208 512 Clamabat
1231 484 1380 520 aliquando
1395 485 1472 511 Anna
1489 493 1496 511 :
1512 484 1583 518 Quid
1601 483 1678 517 milii,
1692 483 1819 517 Domine,

1032 533 1139 557 uterum
1165 529 1269 557 sobolis
1296 529 1484 562 infecundum,
1499 534 1580 564 atque
1601 529 1707 557 arentia
1731 529 1820 557 fecisti

1031 576 1126 608 ubera,
1150 575 1381 610 quemadmodum
1414 575 1442 603 in
1479 575 1619 610 prophetis
1650 575 1820 610 praedixisti?

1032 621 1114 650 Solve
1141 621 1294 649 sterilitatis
1333 628 1401 648 mea:
1431 621 1620 656 opprobrium,
1641 626 1669 648 et
1700 621 1819 649 fructum

1030 667 1100 694 mihi
1114 667 1214 700 tribue,
1225 674 1288 695 cum
1299 674 1354 702 quo
1367 667 1493 694 clamabo
1505 674 1512 693 :
1527 667 1692 694 Benedicant
1706 667 1820 695 Domino

1030 717 1165 741 creatura:
1191 720 1299 747 omnes,
1319 717 1348 741 et
1369 713 1555 748 superexaltat
1585 721 1647 741 eum
1671 713 1699 740 in
1725 713 1818 740 omnia

1033 759 1145 786 saecula.

1067 804 1162 832 Sinum
1177 809 1265 836 tuum,
1280 812 1297 832 ο
1317 804 1406 838 Anna,
1424 804 1620 832 candelabrum
1638 805 1731 838 subiit,
1745 805 1820 840 quod

1038 850 1154 885 mystice
1176 850 1295 877 divinam
1314 849 1479 885 lampadem,
1496 850 1572 877 omni
1588 850 1696 885 spiritui
1721 849 1822 877 divinae

1031 895 1154 924 scientiae
1167 895 1258 923 lumen
1277 896 1399 931 mysticis
1417 895 1524 923 facibus
1537 895 1733 929 aﬂundentem,
1749 896 1775 923 in
1791 904 1822 924 se

191 950 271 973 σεως·
295 941 336 968 διδ
358 940 519 977 γηθοσύνως
542 940 760 976 ἀνεκραύγαζες·
786 940 941 975 Εὑλογεετω
961 942 978 976 ἠ
998 935 1006 962 1

1031 943 1154 978 excepit;
1176 947 1321 977 propterea
1346 950 1409 970 cum
1432 941 1533 977 gaudio
1557 942 1718 970 clamabas:
1735 942 1821 969 Bene-

190 988 279 1019 κτίσις
294 988 370 1015 πᾶσα
386 987 432 1014 τὸν
445 986 559 1023 Κύριον,
575 987 621 1014 καὶ
637 985 809 1022 ύπερυψοῦτε
826 986 865 1018 εἰς
876 986 980 1018 πάντας

189 1034 254 1065 τοὺς
266 1033 381 1065 αἰῶνας.

224 1080 356 1115 Φέρουσιν
369 1079 407 1111 ὠς
430 1080 597 1116 ὡραιότατον
613 1079 662 1106 νῦν
681 1078 780 1114 ζεῦγος
796 1078 873 1106 θείαν
891 1079 981 1114 δάμα-

188 1125 241 1158 λιν,
263 1125 293 1157 ἐξ
305 1122 340 1161 ἦς
362 1124 377 1150 6
391 1125 493 1160 μόσχος
513 1125 615 1161 ὡραῖος
628 1124 762 1160 ἔλαμψεν,
779 1125 851 1160 ὑπὲρ
869 1125 980 1152 πάντων

190 1170 380 1206 σφαγιασθεὶς,
397 1171 411 1198 ό
423 1170 528 1203 κλεινὸς
550 1171 680 1204 Ἰωακεὶμ
697 1171 745 1197 καὶ
760 1171 844 1198 Ἀννα
861 1164 981 1205 μέλπον-

189 1226 244 1249 τες
260 1217 416 1251 Εὑλογειτω
427 1217 444 1253 ἠ
455 1216 543 1249 κτίσις
555 1217 631 1244 πᾶσα
645 1217 691 1244 τὸν
706 1217 820 1252 Κύριον,
835 1217 882 1243 καὶ
896 1217 982 1252 ὑπερ-

189 1263 289 1299 υψοῦτε
303 1263 344 1296 εις
358 1263 464 1295 πάντας
475 1263 541 1295 τοὺς
552 1263 666 1294 αἰῶνας.
941 1268 951 1276 θ

524 1365 591 1402 om
607 1365 646 1393 el.

223 1429 393 1465 Χορεύσατε,
407 1430 493 1456 πᾶσαι
510 1428 606 1464 ψυχαὶ,
622 1428 668 1456 καὶ
683 1428 848 1464 σκιρτήσατε
858 1436 864 1443 ·
882 1429 918 1464 γῆ
933 1427 981 1455 νῦν

189 1475 460 1511 πεπλαστούργηται,
475 1475 536 1510 ἥτις
552 1471 718 1510 καρπογονεῖ
728 1474 868 1509 ἀνηρότως
879 1473 981 1509 στάχυν

189 1519 344 1554 ζωηφόρον,
369 1518 399 1551 ὲξ
424 1515 455 1546 οὗ
484 1519 618 1554 φαγόντες
643 1519 673 1545 ού
709 1518 868 1545 πεινάσουσί
895 1526 979 1551 ποτε,

191 1564 393 1600 μεγαλύνοντες
408 1563 493 1592 αὑτοῦ
505 1564 554 1600 τὴν
569 1563 738 1599 ἀγαθότητα.

1039 989 1133 1016 dicunt
1155 988 1272 1016 Domino
1300 993 1433 1016 creaturae
1459 995 1567 1021 omnes,
1589 992 1616 1016 et
1634 989 1822 1023 superexalta-

1032 1039 1057 1062 te
1068 1041 1131 1061 eum
1144 1035 1172 1061 in
1183 1033 1276 1062 omnia
1295 1034 1408 1061 saecula.

1067 1079 1185 1116 inclytus
1197 1079 1357 1108 Joachimus
1373 1086 1434 1107 cum
1452 1079 1541 1111 Anna,
1558 1079 1658 1113 quippe
1672 1078 1819 1114 conjugum

1031 1134 1081 1162 par
1096 1125 1311 1158 nobilissimum,
1329 1125 1449 1152 divinam
1467 1131 1541 1151 nunc
1559 1124 1673 1159 gignunt
1688 1124 1820 1159 iuvencu-

1031 1172 1096 1204 lam,
1113 1179 1128 1200 e
1149 1179 1201 1207 qua
1224 1176 1302 1199 ortus
1322 1175 1364 1198 est
1386 1170 1473 1198 Filius
1501 1170 1528 1197 in
1556 1170 1678 1197 omnium
1703 1169 1818 1197 saluth

1031 1222 1186 1251 mactatus;
1200 1222 1282 1253 atque
1309 1217 1378 1245 adeo
1400 1216 1548 1244 concinunt
1563 1225 1569 1242 :
1585 1215 1751 1243 Benedicant
1765 1215 1819 1242 Do-

1031 1265 1107 1292 mino
1135 1269 1268 1292 creaturae
1288 1271 1396 1297 omnes,
1423 1267 1453 1291 et
1475 1262 1678 1298 superexaltate
1697 1269 1761 1290 eum
1793 1262 1820 1289 in

1031 1311 1125 1340 omnia
1143 1312 1256 1339 saecula.

1360 1364 1428 1394 ODE
1442 1364 1488 1393 IX.

1067 1430 1220 1463 Lmtamini,
1236 1436 1331 1458 omnes
1343 1429 1451 1461 animae,
1461 1433 1487 1456 et
1501 1427 1656 1462 exsultate;
1672 1435 1745 1455 nunc
1758 1435 1822 1455 con-

1030 1476 1086 1504 dita
1111 1476 1155 1503 illa
1178 1480 1220 1503 est
1243 1479 1325 1508 terra,
1342 1483 1403 1510 qua:
1432 1475 1524 1502 nescia
1548 1474 1630 1501 aratri
1647 1473 1698 1501 fert
1717 1473 1820 1508 spicam

1032 1520 1092 1547 vita:
1103 1529 1110 1552 ;
1122 1528 1137 1547 e
1147 1528 1201 1555 qua
1216 1525 1348 1555 quotquot
1363 1519 1601 1552 manducaveriut,
1613 1519 1820 1554 magniﬁcautcs

1032 1566 1182 1594 bonilatem
1198 1566 1259 1602 ejus
1274 1573 1327 1593 non
1344 1556 1468 1594 esuriem
1480 1565 1608 1600 amplius.

224 1610 381 1646 Ψαλτήριον
405 1609 475 1645 μετὰ
501 1609 618 1645 κιθάρας
638 1609 768 1643 ἀνάλαὸε,
784 1609 884 1641 Δαυῖδ,
910 1609 975 1644 μελ-
992 1602 1006 1633 ί

1070 1613 1164 1645 Sume,
1177 1620 1193 1640 ο
1210 1612 1304 1645 David.
1322 1612 1480 1647 psalterium
1497 1619 1559 1639 cum
1577 1611 1693 1644 cithara,
1709 1615 1736 1638 et
1755 1618 1822 1638 con-

190 1655 306 1692 ῴΞησον·
318 1657 372 1683 ἰδοὺ
386 1656 501 1688 κιϐωτὸς
516 1656 638 1692 ἀνεφάνη
647 1655 726 1688 Θεοῦ,
742 1656 775 1690 ἣν
791 1655 913 1691 προὲφης
931 1664 980 1682 σα-

190 1703 249 1737 φῶς
272 1702 408 1738 ἐσομένην
429 1704 468 1735 εις
496 1702 661 1736 ἀνάπλασιν,
686 1701 722 1729 δι’
743 1700 777 1738 ἧς
797 1702 982 1737 ἑξανέστημεν

191 1751 271 1786 ἡμεῖς
283 1751 329 1778 τοῦ
344 1751 582 1786 παραπτώματος.

231 1796 275 1828 Ὦς
290 1797 413 1831 μέγιστοι
429 1796 476 1823 δύο
487 1796 600 1831 ἀστέρες
613 1796 748 1832 ἠνέγκατε
764 1795 813 1831 τὴν
828 1795 916 1831 αὐγὴν
931 1795 982 1829 τὴν

190 1841 352 1876 πάμφωτον·
379 1842 440 1877 ἣτις
462 1842 621 1879 ὲξανατείλῃ
643 1842 690 1869 τὸν
721 1842 808 1877 μέγαν
833 1841 910 1876 ἥλιον
940 1841 979 1878 τῷ

191 1886 295 1921 κόσμῳ·
309 1885 349 1912 διὸ
368 1886 547 1921 εὐφημοῦμεν
563 1887 612 1913 καὶ
625 1886 773 1922 δοξάζομεν
796 1886 880 1921 ὑμᾶς,
901 1886 977 1914 Ἰωα-

191 1930 257 1966 κεὶμ
270 1930 317 1957 καὶ
336 1931 431 1963 Ἅννα,
447 1930 484 1962 ὡς
498 1931 657 1966 θεόφρονας.

1030 1660 1190 1687 ciue:ecce
1216 1659 1343 1694 apparuit
1366 1666 1428 1686 arca
1455 1657 1513 1690 Dei,
1530 1665 1615 1692 quam
1645 1658 1763 1684 futuram
1793 1658 1820 1684 in

1030 1704 1257 1733 restaurationem
1271 1705 1415 1740 perspicue
1427 1704 1592 1739 prazdixisti,
1608 1711 1656 1739 per
1671 1711 1754 1739 quam
1770 1711 1821 1731 nos

1030 1757 1045 1778 e
1060 1751 1137 1785 lapsu
1151 1751 1366 1778 resurreximus.

1065 1793 1146 1822 Velut
1158 1794 1224 1822 bina
1239 1795 1357 1822 maxima
1368 1798 1442 1822 astra
1459 1802 1586 1822 auroram
1600 1799 1685 1822 totam
1701 1794 1820 1821 lucidam

1031 1841 1171 1873 attulistis,
1189 1848 1250 1876 qua:
1264 1849 1392 1877 maguum
1410 1841 1512 1868 mundo
1527 1841 1612 1868 solem
1630 1840 1742 1873 aﬂ'erat;
1757 1847 1821 1875 pro-

1034 1891 1124 1921 pterea
1138 1894 1195 1918 vos,
1204 1885 1327 1914 Joachim
1339 1891 1366 1914 et
1375 1887 1465 1919 Anna,
1474 1890 1612 1921 tamquam
1627 1885 1719 1913 divina
1732 1890 1821 1913 mente

1033 1932 1160 1967 praeditos
1176 1933 1345 1961 celebramus
1359 1937 1386 1959 ct
1399 1932 1594 1968 gloriﬁcamus.

195 2030 1816 2058 MM

840 2129 928 2154 ANNO
954 2108 1068 2154 DOMINI
1092 2129 1168 2152 CLIX.

569 2221 781 2312 LEO
850 2219 1432 2312 PATBICIUS

891 2454 1148 2501 NOTITIA

689 2563 747 2595 (Μιιι
761 2561 874 2588 Biblioth.
892 2569 947 2588 nov.
960 2562 1043 2594 Patr.,
1062 2565 1120 2588 tom.
1132 2562 1174 2593 Vl,
1193 2569 1249 2594 pag.
1261 2561 1329 2593 51!.)

238 2649 338 2678 Leonis
354 2649 465 2678 Patricii
477 2653 567 2676 exstat
577 2648 604 2676 in
617 2648 781 2676 bibliOIheca
792 2648 920 2676 Vaticana
931 2648 1014 2676 codex
1027 2648 1164 2676 maximus
1177 2648 1326 2676 Bibliorum
1341 2648 1508 2683 Graecorum,
1517 2649 1643 2685 plurimis
1654 2649 1821 2684 splendidis-

197 2705 250 2731 que
267 2697 300 2723 ad
316 2694 479 2722 miraculum
495 2692 642 2720 decoratus
656 2692 782 2727 picturis,
792 2699 854 2719 cum
867 2692 951 2726 ipsius
965 2691 1066 2719 Leonis
1074 2691 1221 2727 fratrisque
1232 2692 1403 2721 Constantini
1418 2694 1546 2729 imagine.
1562 2692 1611 2720 llic
1622 2693 1752 2720 nimirum
1764 2694 1821 2721 Leo

198 2745 294 2768 auctor
306 2745 348 2767 cst
362 2739 519 2773 eclogarum
531 2744 609 2764 sacra
625 2736 710 2763 Biblia
726 2735 937 2768 illustrautlum,
952 2736 1025 2770 quod
1041 2743 1092 2763 nos
1106 2743 1175 2770 opus
1192 2736 1219 2763 in
1235 2736 1288 2763 alio
1305 2737 1366 2764 cod.
1381 2736 1441 2764 Vat.
1457 2737 1675 2765 observavimus.
1693 2737 1763 2765 Sunt
1771 2745 1821 2765 au-

199 2790 253 2812 tem
262 2783 363 2818 cclogze
376 2781 645 2809 Commentariorum
662 2779 689 2806 in
708 2778 918 2811 Octoteuclmm,
939 2779 965 2805 in
981 2779 1066 2807 libros
1082 2784 1202 2814 quatuor
1216 2778 1320 2814 Regum
1336 2784 1363 2808 et
1374 2780 1401 2808 in
1416 2781 1484 2808 duos
1494 2780 1740 2815 Paralipomenon;
1756 2781 1821 2808 item

198 2830 225 2856 iu
238 2829 405 2859 Mattlueum.
423 2827 537 2859 Lucam.
547 2825 679 2854 Joannem
692 2829 719 2852 et
730 2825 816 2852 Actus
827 2823 1031 2859 apostolorum;
1043 2823 1160 2858 denique
1172 2823 1199 2850 in
1209 2822 1356 2859 Epistolas,
1371 2832 1453 2852 unam
1467 2824 1575 2856 Jacobi.
1589 2825 1658 2852 duas
1669 2825 1752 2859 Petri,
1763 2830 1819 2853 tres

198 2871 312 2899 Joannis
326 2872 464 2905 (quarum
481 2871 507 2897 in
525 2870 611 2905 prima
623 2869 699 2896 deest
716 2867 902 2895 testimonium
918 2865 1055 2901 cmleste),
1070 2874 1152 2894 unam
1174 2866 1260 2895 Judae.
1275 2867 1330 2895 Nos
1341 2868 1423 2903 hujus
1435 2869 1539 2904 copiosi
1556 2868 1648 2904 operis
1668 2869 1822 2904 specimen,

197 2916 354 2952 eclogarqu
368 2923 465 2950 nempe
482 2915 514 2943 ad
530 2914 648 2950 primum
662 2913 800 2941 cheseos
814 2912 975 2948 capitulum,
992 2919 1066 2939 nunc
1082 2911 1109 2940 iu
1123 2911 1211 2940 lucem
1224 2912 1378 2940 eﬂ‘cremus.
