2082 3157
273 182 342 216 1319

822 180 893 210 Ι,Εο
911 179 1116 211 PATRlClUS
1136 179 1177 211 1N
1193 179 1328 210 GENES.

1823 174 1892 208 102’)

1711 256 1880 265 ——-

657 334 1025 396 ΛΕΟΝΤΟΣ
1065 335 1488 395 ΠΑΤΡΙΚΙΟΥ

1027 452 1137 470 ΕΠΠΟΜΙ

549 520 770 547 ΕΡΜΗΝΕΙΑΣ
783 520 842 546 ΕΙΣ
865 519 936 546 ΤΗΝ
953 519 1120 546 ΓΕΛἘΣΙΝ
1137 519 1213 547 ΔΠΟ
1230 517 1411 545 ΔΙΔΦΟΡΩΝ
1428 518 1610 547 ΠΛΤΕΡΩΝ.

813 683 1031 729 LEONIS
1078 684 1346 729 PATBICII

418 780 600 811 ΕΙῚΤΟΜΕ
621 778 1012 811 INTERPRETATIONIS
1038 778 1077 808 IN
1096 778 1267 810 GENESIN
1296 764 1357 810 EX.
1374 779 1510 811 VARUS
1531 779 1737 811 PATRIBUS.

303 939 407 974 Moyses
418 937 581 973 theologiam
595 943 650 964 non
662 935 780 964 instituit
791 941 901 971 propter
921 936 1052 972 spiritua-
1066 961 1070 968 ,

1138 937 1176 964 Οὐ
1188 937 1337 974 προτέταχε
1347 936 1487 972 θεολογίαν
1494 939 1509 965 6
1516 938 1618 973 Μωσῆς
1627 938 1672 966 διὰ
1680 938 1730 975 τὴν
1739 939 1891 976 νηπιότητα

267 986 319 1013 lem
334 992 427 1012 eorum
440 983 593 1015 infamiam,
610 983 657 1011 sed
670 982 835 1010 creationem
852 982 891 1010 ait
907 982 1005 1011 factam
1017 991 1052 1011 ne

267 1040 328 1059 eam
345 1039 395 1067 pro
411 1030 464 1058 Deo
482 1030 612 1058 haberent
638 1028 774 1057 homines.
806 1028 869 1057 Ideo
885 1029 919 1057 de
944 1029 1052 1065 angelo-

261 1086 327 1111 _rnm
344 1077 481 1106 creatione
494 1076 554 1104 silet
570 1082 604 1102 ne
619 1075 826 1108 deificarentur;
841 1082 891 1103 nee
902 1082 990 1112 usque
1016 1074 1051 1102 ad

267 1122 403 1151 Abraham
421 1122 494 1157 leges
508 1120 633 1155 angelum
647 1119 747 1147 alicubi
761 1119 891 1147 missum.

302 1214 378 1248 Quod
393 1213 502 1249 quidam
517 1213 627 1247 angelos
640 1211 717 1239 aiunt
730 1211 800 1239 coelo
815 1215 844 1240 et
857 1214 937 1239 terra!
950 1217 1053 1246 prater-

269 1262 380 1292 siitisse,
398 1259 444 1287 alii
458 1267 519 1286 cum
529 1258 599 1286 coelo
614 1262 730 1291 creatos,
746 1265 808 1285 cum
824 1257 851 1284 in
876 1257 938 1285 loco
963 1257 1054 1284 sintet

268 1309 327 1335 sine
344 1307 403 1334 loco
429 1313 489 1333 esse
514 1304 695 1332 demonstrari
721 1311 773 1331 non
808 1303 905 1339 possit,
934 1302 1052 1330 circum-

268 1353 361 1388 scripti
376 1352 448 1379 enim
462 1356 535 1379 sunt.

303 1397 381 1432 Quod
393 1405 445 1425 non
454 1397 533 1424 docet
547 1395 632 1423 Deum
647 1402 733 1430 aquas
747 1398 813 1422 tunc
830 1393 942 1427 fecisse;
965 1393 1012 1422 sed
1024 1393 1051 1420 in

269 1443 397 1474 Sabbnto,
411 1440 508 1476 inquit,
523 1440 586 1475 quia
602 1439 629 1467 in
647 1447 694 1468 sex
714 1439 810 1467 diebus
826 1438 958 1467 Dominus
981 1438 1052 1466 Deus

269 1489 332 1515 fecit
344 1486 443 1515 ccelum
461 1490 488 1513 et
501 1489 604 1513 terram
619 1490 646 1512 et
659 1492 734 1512 mare
749 1489 776 1512 et
789 1485 879 1512 omnia
895 1491 956 1520 qua:
970 1484 998 1511 in
1012 1483 1052 1512 eis

267 1538 340 1561 sunt.

302 1578 380 1611 Quod
396 1577 419 1605 si
433 1577 506 1605 Deus
521 1575 609 1603 lucem
627 1573 741 1608 creavit,
759 1581 813 1602 non
826 1574 890 1601 item
907 1573 1050 1602 tenebras:

268 1623 406 1651 contraria
428 1622 500 1651 enim
521 1624 601 1653 sunt;
617 1619 755 1647 contraria
777 1624 868 1646 autem
896 1626 951 1646 non
974 1623 1050 1651 sunt,
1068 1607 1088 1635 Β

267 1670 313 1696 sed
333 1668 381 1696 lux
412 1667 522 1702 quidem
548 1665 722 1697 substantia,
753 1664 872 1692 lenebrm
901 1664 1051 1692 ascititium

267 1716 352 1749 quid;
368 1713 430 1741 coeli
445 1713 518 1740 enim
527 1716 554 1739 et
570 1717 650 1739 terrae
666 1710 842 1739 obumbratio
855 1714 935 1744 sunt;
951 1717 1051 1738 secun-

267 1762 332 1787 dum
349 1758 473 1794 gentiles,
490 1757 585 1784 umbra
595 1761 685 1784 terrae.
856 1777 859 1779 .

303 1805 380 1838 Quod
396 1803 512 1839 Spiritus
524 1802 570 1838 qui
585 1801 724 1829 ferebatur
738 1809 784 1828 aer
796 1805 837 1828 est
852 1800 982 1836 physicus
1002 1806 1050 1827 su-

267 1859 315 1886 pra
334 1858 420 1886 aquas
449 1849 594 1881 exsistens,
612 1847 693 1882 cujus
715 1853 840 1874 naturam
871 1846 997 1873 mobilem
1024 1850 1052 1872 ct

267 1897 365 1923 ﬂuxam
384 1896 453 1923 bene
466 1895 653 1922 demonstrant
671 1893 752 1921 verba
766 1892 899 1927 ferebatur
913 1896 940 1919 et
958 1898 1050 1925 supra.

267 1942 344 1975 Quod
358 1945 448 1969 autem
459 1940 590 1975 Spiritum
618 1938 667 1966 Dei
683 1938 759 1972 dicit,
775 1938 838 1966 audi
853 1936 936 1965 David
953 1944 961 1963 :
982 1935 1050 1963 Fla-

267 1989 303 2015 bii
315 1987 431 2022 Spiritus
444 1987 512 2022 ejus,
522 1986 548 2013 id
561 1989 604 2012 est
617 1984 735 2020 Spiritus
744 1983 801 2016 Dei,
810 1989 835 2010 et
846 1984 928 2018 [luent
938 1982 1049 2017 aquw‘;

265 2037 304 2066 et,
327 2033 431 2060 Domini
454 2036 493 2059 eu
513 2036 583 2059 terra
595 2036 619 2058 et
637 2030 772 2065 plenitudo
785 2029 877 2063 ejm';
893 2032 931 2059 et,
948 2027 1050 2055 Caelum

266 2080 324 2107 εωιι
340 2079 451 2106 Domino
464 2079 486 2105 ³.
499 2077 614 2111 Quidam
625 2083 715 2104 autem
737 2077 789 2103 hoc
803 2075 837 2102 de
862 2073 966 2109 Spiritu
986 2081 1050 2101 san—

266 2131 310 2153 eto
321 2125 474 2160 intelligunt
485 2132 492 2156 ;
504 2131 554 2151 vox
566 2127 657 2150 autem
670 2121 813 2156 ferebatur,
828 2120 854 2148 id
867 2119 994 2155 estquasi
1005 2119 1050 2146 in-

265 2171 382 2199 cubabat
394 2169 473 2206 aquis
490 2174 517 2197 et
525 2176 573 2197 eas
586 2167 749 2195 vivificabat.

300 2262 378 2296 Quod
393 2266 502 2297 propter
519 2260 570 2287 hoc
584 2259 683 2288 dicitur
700 2267 707 2285 :
720 2256 794 2285 Vidit
810 2257 883 2286 Deus
893 2255 957 2292 quia
972 2260 1050 2283 erant

265 2311 347 2342 bona,
360 2317 393 2336 ne
404 2308 467 2343 quis
474 2307 627 2341 vituperare
635 2305 747 2333 auderet
756 2310 816 2339 quae
828 2303 918 2331 divina
935 2306 1047 2330 senten-

265 2355 302 2382 tia
321 2355 395 2381 'bona
408 2353 523 2380 dixerat.

300 2400 377 2432 Quod
390 2399 444 2426 duo
461 2396 523 2425 ctrli
536 2399 618 2424 sunt:
635 2402 720 2422 unum
733 2394 760 2421 in
772 2392 907 2429 principio
932 2391 1046 2424 factum,

264 2447 379 2474 alterum
399 2453 431 2473 ex
447 2443 526 2480 aquis
545 2442 706 2475 formatum;
722 2440 748 2468 id
772 2444 815 2467 est
838 2447 922 2467 unum
937 2445 971 2467 ex
992 2445 1047 2465 non

262 2491 384 2524 cutibus,
399 2490 514 2518 alterum
524 2487 621 2522 etiam
636 2484 842 2513 exsistentibus.

298 2536 375 2570 Quod
393 2535 468 2568 illud,
479 2533 609 2564 Laudate,
620 2532 678 2559 caeli
692 2531 827 2562 calorum,
852 2534 880 2557 et
897 2537 966 2564 aqua
990 2535 1048 2563 qua:

262 2584 328 2612 τωιο
349 2586 491 2618 superstat,
516 2580 609 2615 plures
623 2578 768 2606 coelosnon
787 2576 908 2609 inducit;
932 2574 980 2602 sed
996 2574 1049 2601 lies

261 2631 398 2659 bneorum
415 2628 548 2656 dialectos
560 2633 615 2653 non
633 2625 702 2654 solet
715 2631 797 2651 voces
808 2623 902 2651 cwlum
912 2627 939 2650 et
952 2629 1048 2656 aquam

261 2675 438 2710 singulariter
469 2671 623 2708 exprimere
644 2675 695 2704 ;ut
712 2677 761 2698 nec
787 2668 872 2697 Graeci
895 2667 1003 2695 Athena:
1021 2671 1048 2694 ct

262 2721 377 2753 Thalna;
391 2725 418 2748 et
425 2726 505 2748 nemo
517 2718 604 2745 urbem
615 2716 742 2751 Delpltum
758 2715 833 2748 dicit,
851 2714 898 2742 sed
916 2713 1047 2749 Delphos;

259 2773 291 2795 et
305 2767 334 2794 in
354 2766 408 2795 alio
422 2765 514 2794 mlunt
529 2764 588 2792 cur“
597 2763 736 2792 veritatem
755 2766 842 2791 ratam
854 2759 929 2788 facit.

295 2872 385 2901 ‘Psal.
396 2881 498 2908 CXLVII,
516 2874 557 2902 l8.
571 2875 580 2890 ’
593 2872 665 2901 Psal.
677 2879 754 2904 χχιιι,
771 2872 791 2898 ‘.
807 2871 816 2886 ³
828 2869 900 2898 Psal.
915 2879 992 2902 CIIII,
1008 2871 1050 2898 l6.

1102 983 1201 1016 αὐτῶν,
1216 983 1284 1011 ἀλλὰ
1293 984 1343 1018 τὴν
1359 983 1448 1010 κτίσιν
1464 983 1537 1018 λέγει
1549 985 1678 1021 γενητήν,
1707 985 1752 1012 διὰ
1772 986 1802 1013 τδ
1823 986 1891 1013 Θεὸν

1102 1029 1186 1065 αὐτὴν
1200 1029 1237 1064 μὴ
1249 1028 1321 1064 ἔχειν
1328 1029 1392 1061 τοὺς
1401 1028 1571 1065 ἀνθρώπους·
1583 1030 1627 1057 διὰ
1638 1029 1716 1058 τοῦτο
1730 1032 1794 1067 περὶ
1805 1032 1890 1066 ἀγγέ-

1101 1075 1155 1102 λων
1165 1075 1215 1103 οὗκ
1228 1073 1288 1102 εἷπε
1304 1075 1429 1108 κτίσεως,
1441 1075 1484 1102 ἵνα
1498 1075 1536 1111 μὴ
1549 1076 1745 1111 θεοποιηθῶσιν
1767 1077 1864 1109 αὐτούς
1881 1086 1889 1093 ·

1101 1121 1162 1148 οὐδι
1180 1121 1261 1157 μέχρι
1272 1121 1319 1149 τοῦ
1328 1121 1456 1157 ’Δεραὰμ
1466 1121 1593 1157 εὑρήσεις
1603 1122 1720 1157 ἄγγελον
1731 1123 1891 1158 πεμφθέντα

1102 1174 1167 1194 που.

1138 1212 1199 1239 Ὅτι
1212 1212 1237 1238 ot
1254 1211 1304 1247 μὶν
1319 1211 1508 1248 προϋπάρχειν
1519 1212 1646 1246 λέγουσιν
1668 1212 1802 1247 ἀγγέλους
1811 1212 1890 1248 οὖρα·

1101 1256 1148 1283 νοῦ
1159 1257 1207 1284 καὶ
1222 1257 1274 1292 γῆς
1285 1264 1292 1271 ·
1305 1257 1329 1283 οι
1342 1257 1370 1283 δὲ
1385 1257 1433 1284 σὺν
1447 1256 1522 1292 αὐτῷ
1534 1256 1708 1291 γεγενῆσθαι,
1722 1257 1783 1283 ἐπεὶ
1799 1256 1845 1283 καὶ
1861 1256 1891 1282 έν

1101 1303 1176 1338 τόπῳ
1187 1302 1240 1329 εισι
1252 1310 1261 1318 ·
1272 1302 1318 1329 καὶ
1331 1303 1396 1329 ἄνευ
1412 1303 1495 1329 τόπου
1518 1300 1588 1329 εἶναι
1602 1303 1714 1334 τούτους
1730 1302 1780 1329 οὐκ
1793 1301 1826 1329 ἂν
1847 1303 1891 1328 ἐν.

1101 1348 1206 1383 δέχοιτο
1218 1355 1226 1364 ·
1237 1348 1422 1384 περιγραπτοὶ
1440 1348 1494 1384 γάρ
1507 1349 1588 1377 εἰσιν.

1137 1393 1198 1420 Ὀτι
1213 1393 1244 1420 οὐ
1260 1393 1381 1420 διδάσκει
1395 1393 1436 1420 ὄτι
1451 1394 1498 1420 καὶ
1509 1394 1543 1420 τὰ
1554 1394 1636 1421 ὕδατα
1646 1393 1776 1428 ἐποίησεν
1795 1394 1809 1420 6
1822 1393 1888 1424 Θεδς

1102 1437 1219 1465 ἐνταῦθα
1232 1445 1241 1453 ο
1256 1439 1285 1464 ὲν
1297 1438 1326 1465 δὲ
1337 1437 1376 1472 τῷ
1392 1438 1538 1473 Σαϐϐάτῳ,
1559 1439 1651 1474 φησὶν,
1667 1439 1708 1466 ὅτι
1721 1441 1749 1466 ὲν
1769 1439 1798 1472 ἓξ
1820 1438 1889 1474 ἠμί-

1104 1493 1163 1520 ραις
1171 1484 1282 1520 ἐποίησε
1292 1485 1395 1520 Κύριος
1404 1486 1418 1512 ὁ
1427 1484 1494 1516 Θεὸς
1505 1484 1551 1512 τὸν
1565 1484 1691 1521 οὐρανὸν,
1700 1484 1748 1511 καὶ
1761 1485 1811 1520 τὴν
1825 1485 1888 1520 γῆν,

1102 1532 1150 1558 καὶ
1163 1531 1213 1566 τὴν
1230 1531 1378 1565 θάλασσαν,
1388 1531 1436 1558 καὶ
1452 1531 1542 1558 πάντα
1555 1532 1589 1558 τὰ
1600 1532 1629 1558 έν
1644 1532 1747 1563 αὐτοῖς.

1138 1576 1200 1603 Ὅτι
1211 1577 1235 1603 ει
1245 1576 1275 1603 τὸ
1288 1576 1345 1610 φῶς
1360 1576 1374 1602 6
1393 1576 1460 1609 Θεὸς
1486 1576 1715 1612 ἔδημιούργηπεν,
1745 1577 1796 1603 οὐκ
1808 1576 1889 1608 αὐτὸς

1103 1622 1133 1649 τὸ
1141 1623 1235 1655 σκότος
1250 1630 1257 1637 ·
1279 1622 1389 1650 ἐναντία
1397 1622 1451 1657 γάρ
1464 1629 1471 1637 ”
1482 1622 1532 1648 οὐκ
1558 1622 1616 1648 ἔστι
1632 1622 1660 1649 δὲ
1680 1622 1800 1655 ὶναντια,
1819 1621 1888 1649 ἁλλὰ

1103 1667 1133 1694 τὸ
1157 1667 1207 1703 μὲν
1233 1667 1322 1700 οὐσία,
1338 1667 1368 1694 τὸ
1385 1667 1414 1694 δὲ
1446 1667 1620 1703 συμσεῦηκός
1642 1668 1715 1694 ἐστιν
1731 1674 1739 1683 ·
1769 1667 1887 1703 οὐρανοΰ

1102 1713 1157 1749 γὰρ
1173 1713 1220 1740 καὶ
1235 1713 1286 1749 γῆς
1303 1714 1377 1740 ἐστιν
1392 1713 1571 1749 ἀποσκίασμα
1583 1721 1590 1729 ο
1613 1713 1650 1745 ὠς
1660 1713 1689 1740 δὲ
1703 1713 1729 1739 οι
1744 1712 1807 1747 ἔξω,
1822 1713 1887 1740 σκιὰ

1102 1767 1164 1793 γης-

1139 1803 1199 1830 Ὀτι
1211 1803 1241 1829 τὺ
1249 1803 1361 1838 Πνεῦμα
1375 1803 1389 1830 ὃ
1404 1804 1563 1839 ἐπεφέρετο,
1576 1804 1630 1840 ἀήρ
1642 1804 1716 1832 ἐστιν
1738 1806 1752 1832 6
1772 1804 1887 1840 φυσικὸς

1101 1848 1194 1874 ἐπάνω
1206 1848 1308 1875 ὑδάτων
1319 1848 1367 1875 ῶν·
1381 1848 1493 1880 δικαίως
1504 1849 1532 1875 δὲ
1550 1850 1595 1875 καὶ
1603 1849 1634 1875 τὸ
1648 1849 1809 1884 ἐπεφέρετο
1819 1850 1886 1876 τότε

1100 1893 1200 1921 ἐπάνω
1210 1894 1285 1930 δηλοί
1301 1895 1348 1921 καὶ
1367 1895 1505 1930 κινητικὸν
1521 1893 1603 1921 αὐτοῦ
1615 1895 1662 1921 καὶ
1693 1896 1809 1922 ἄστατον
1821 1904 1829 1911 ·
1844 1896 1886 1922 ὅτι

1102 1940 1130 1967 δὲ
1140 1940 1207 1967 Θεοῦ
1221 1940 1287 1967 αὐτὸ
1302 1940 1388 1974 λέγει,
1405 1941 1487 1967 ἄκουε
1503 1940 1549 1967 τοῦ
1564 1941 1645 1968 Δασίδ
1661 1949 1668 1956 ·
1696 1942 1825 1968 Πνεύσει
1851 1941 1886 1968 τὸ

1100 1985 1221 2019 Πνεῦμα
1241 1985 1344 2016 αὐτοῦ,
1362 1986 1446 2021 ἡγουν
1475 1986 1506 2012 τὸ
1532 1986 1644 2020 Πνεῦμα
1665 1986 1712 2013 τοῦ
1733 1986 1812 2020 Θεοῦ,
1834 1986 1885 2013 καὶ

1097 2031 1244 2066 ρυήσεται
1256 2030 1360 2059 ὕδατα.
1381 2031 1452 2058 Καί·
1476 2031 1531 2059 Τοῦ
1550 2032 1662 2067 Κυρίου
1681 2033 1701 2067 ἠ
1715 2032 1754 2067 τῆ
1772 2033 1821 2060 καὶ
1851 2033 1886 2060 τὸ

1100 2076 1256 2112 πλήρωμα.
1272 2076 1344 2104 Καί⁸
1364 2077 1396 2104 '0
1406 2077 1536 2111 οὐρανὸς
1546 2078 1600 2105 τοῦ
1616 2078 1747 2111 οὐρανοῦ
1771 2077 1811 2110 τῷ
1827 2080 1885 2105 Κυ-

1096 2123 1164 2156 ρίῳ.
1194 2123 1226 2151 Oi
1248 2122 1288 2152 δὲ,
1308 2123 1373 2157 περὶ
1397 2122 1445 2149 τοῦ
1475 2123 1609 2157 παναγῶν
1626 2123 1784 2157 Πνεύματος
1806 2125 1885 2150 τοῦτο

1100 2167 1190 2195 νοοῦσι
1204 2177 1212 2184 ·
1226 2167 1257 2194 τὸ
1264 2168 1294 2195 δὲ
1312 2168 1485 2203 ἐπεφέρετο,
1500 2169 1561 2196 ἀντὶ
1579 2169 1637 2202 τοῦ,
1648 2169 1744 2205 ὥσπερ
1760 2170 1885 2202 ὲπωάζον

1100 2213 1265 2249 περιέθαλπε
1278 2213 1325 2241 καὶ
1339 2214 1485 2249 ὲζωογόνει
1494 2215 1529 2242 τὰ
1543 2214 1639 2242 ὕδατα.

1136 2260 1197 2287 Ὀτι
1210 2259 1254 2287 διὰ
1266 2259 1345 2287 τοῦτο
1361 2260 1532 2297 πρόσκειται,
1564 2261 1605 2287 ὄτι
1631 2258 1726 2288 εἶδενό
1751 2261 1817 2292 Θεὸς
1845 2261 1886 2288 ὃτι

1100 2305 1183 2340 καλὰ,
1199 2306 1242 2333 ῐνα
1258 2306 1353 2342 μηδεὶς
1367 2306 1478 2342 δύνηται
1491 2307 1571 2342 ψέξαι
1586 2307 1605 2334 ἃ
1614 2307 1631 2342 ἡ
1641 2307 1702 2335 θεία
1715 2307 1806 2342 ψῆφος
1823 2305 1885 2335 εἷπε

1101 2351 1181 2380 καλά.

1137 2395 1254 2423 ’οτιδὺο
1263 2393 1513 2431 οὐρανοῐείσιν,εἷς
1526 2397 1540 2423 6
1554 2397 1584 2424 ἐν
1598 2397 1669 2433 ἀρχῇ
1686 2398 1818 2433 γεγονὼς,
1837 2400 1886 2426 καὶ

1100 2441 1192 2475 ἕτερος
1208 2442 1223 2468 6
1233 2441 1263 2475 ἐξ
1278 2442 1382 2469 ὑδάτων
1391 2443 1526 2475 συνεστὼς
1543 2450 1550 2457 ·
1561 2443 1631 2470 ὥστε
1641 2444 1655 2470 6
1673 2444 1723 2479 μὲν
1736 2445 1767 2477 ἐξ
1781 2445 1832 2472 οὐκ
1841 2446 1886 2472 δν-

1099 2495 1164 2520 των,
1180 2487 1194 2514 6
1205 2487 1234 2514 δὲ
1248 2487 1279 2519 ἐξ
1296 2488 1390 2516 ὄντων.

1135 2533 1196 2560 Ὅτι
1203 2533 1243 2566 rb,
1253 2533 1422 2569 Εὐλοτσῒτε,
1436 2535 1464 2561 οἱ
1476 2535 1597 2569 οὐραγοὶ
1608 2535 1667 2563 τῶν
1677 2537 1823 2571 οὐρανῶν,
1836 2538 1885 2565 καὶ

1098 2579 1128 2606 τὸ
1138 2578 1209 2615 ὕδωρ
1216 2579 1248 2606 τὸ
1255 2580 1384 2616 ὑπεράνω
1391 2580 1444 2608 τῶν
1452 2581 1585 2616 οὐρανῶν,
1592 2582 1622 2608 οὐ
1632 2582 1744 2615 πολλοὺς
1753 2583 1885 2618 οὐρανοὺς

1098 2624 1182 2660 λέγει,
1192 2625 1287 2662 ἀλλὰή
1308 2626 1441 2663 Ἑϐραίων
1455 2627 1548 2664 γραφὴ
1556 2628 1601 2655 τόν
1613 2637 1642 2655 τε
1655 2629 1787 2663 οὐρανὸν
1795 2630 1841 2656 καὶ
1854 2630 1885 2656 τὸ

1098 2670 1178 2706 ὕδωρ
1186 2671 1236 2698 οὐκ
1242 2669 1312 2699 οἶδεν
1319 2672 1416 2704 ἑνικῶς
1426 2672 1578 2709 ὀνομάζειν·
1585 2673 1679 2710 ὥσπερ
1687 2674 1746 2701 οὐδὲ
1753 2676 1778 2702 οἱ
1786 2675 1884 2710 Ἐλλη-

1097 2724 1142 2747 vx;
1149 2715 1180 2742 τὸ
1187 2716 1315 2751 Ἀθῆναι,
1323 2717 1409 2744 καὶτὸ
1422 2717 1524 2752 Θῆϐαι·
1537 2719 1584 2746 καὶ
1592 2719 1649 2754 τὴν
1663 2720 1781 2755 Δελφὸν
1794 2721 1884 2747 πόλιν

1097 2760 1185 2793 οὐδεὶς
1198 2761 1283 2796 λέγει,
1297 2762 1366 2790 ἀλλὰ
1380 2763 1515 2798 Δελφοὺς
1530 2763 1605 2799 λέγει
1621 2772 1629 2780 ο
1645 2765 1707 2792 ἐπεὶ
1729 2765 1883 2801 ὁοὺριινὸς

1099 2807 1151 2836 τοῦ
1169 2808 1299 2843 οὐρανοῦ
1310 2809 1339 2838 έν
1355 2810 1426 2846 ἄλλῳ
1444 2812 1523 2847 κυροῖ
1531 2810 1580 2847 τὴν
1591 2810 1730 2847 ἀλήθειαν.
