2082 3157
272 195 339 226 1023

711 193 920 224 ATIIANASII
939 193 1144 224 CORlNTllII
1165 192 1442 224 FRAGMENTUM.

1828 188 1896 222 1024

509 345 829 392 ΑΘΑΝΑΣΙΟΥ
864 346 1157 391 ΚΟΡΙΝΘΟΥ
1192 344 1661 390 ΑΡΧΙΕΠΙΣΚΟΠΟΥ

1038 445 1132 464 nm

779 512 822 539 TE
826 513 977 539 TPABIBA
982 513 1002 538 0
1008 512 1032 538 Υ
1047 512 1094 539 ΖΩ
1098 512 1163 538 ΤΟΥ
1179 511 1304 539 ΙΑΚΩΒΙ
1308 512 1345 538 TD
1351 513 1382 539 Υ.

488 674 809 720 ATHANASII
858 673 1158 720 COBINTHI
1207 673 1670 721 ARCHIEPISCOPI

682 782 712 812 E
731 782 923 820 QUATUOR
948 782 1091 813 LIBR‘IS
1112 782 1213 814 ZOTI
1233 783 1447 815 JACOBITI.

953 865 1024 897 (Luc.
1043 865 1128 897 xxxv,
1146 866 1197 899 is.)

300 1021 468 1057 lnquirimus
483 1024 576 1048 utrum
593 1020 717 1048 ciborum
743 1020 876 1048 saturatio
896 1019 923 1047 in
943 1019 1050 1048 Christe

1140 1019 1281 1056 Ζητοῦμεν
1291 1019 1316 1046 εί
1327 1019 1344 1054 ἡ
1369 1020 1511 1055 πλήρωσις
1527 1019 1583 1046 τῶν
1602 1019 1755 1055 βρωμάτων
1767 1020 1814 1046 hri
1823 1021 1891 1056 Χρι-

264 1069 469 1097 evacuationem
488 1067 655 1103 produxerit.
676 1066 705 1094 Si
723 1074 789 1101 ergo
813 1066 905 1094 dicitis
933 1073 1052 1094 evacua-

265 1113 366 1141 tionem
383 1113 556 1148 produxisse,
573 1111 729 1140 Nestoriani
749 1111 826 1144 estis,
846 1119 950 1139 merum
963 1111 1053 1138 homi—

265 1166 327 1186 nem
344 1158 485 1186 Christum
502 1161 698 1192 supponentes.
714 1156 743 1184 Si
759 1165 825 1185 vero
835 1157 962 1185 dixeritis
986 1164 1052 1184 eva-

264 1204 419 1231 cuationem
434 1211 488 1231 non
513 1203 686 1238 produxisse.
713 1203 853 1238 quomodo
886 1202 1053 1238 intelligatur

265 1249 406 1277 hominem
422 1249 530 1276 admitti
542 1253 711 1280 saturatum.
741 1253 769 1276 et
783 1256 838 1276 non
865 1253 1025 1276 evacuatum
1039 1248 1052 1275 ἲ

264 1295 498 1329 —-Respotuio.-—
511 1295 659 1330 Apostolus
673 1302 807 1322 summam
825 1294 956 1321 unitatem
972 1301 1049 1321 mon-

265 1346 354 1368 strare
370 1341 465 1368 volens
477 1340 628 1368 divinitatis
644 1344 671 1368 et
681 1339 870 1372 humanitatis,
883 1340 910 1366 in
923 1339 1052 1367 omnibus

264 1385 381 1413 similem
396 1385 475 1413 nobis
491 1384 630 1412 hominem
645 1385 748 1413 assumi
762 1383 822 1412 sine
833 1388 928 1420 pacato
942 1383 1051 1419 inquit;

264 1430 311 1458 sed
329 1431 374 1458 hic
386 1430 497 1466 quidem
511 1430 546 1457 ob
557 1437 693 1458 summam
713 1429 845 1457 unitatem
875 1429 941 1456 Illud
961 1428 1050 1462 dixit;

267 1483 317 1504 nos
333 1483 398 1503 vero
413 1483 496 1510 supra
508 1475 645 1503 hominem
657 1474 796 1503 Christum
804 1474 944 1502 exstitisse
954 1474 1053 1501 admit-

264 1522 361 1550 timus.
381 1521 449 1549 Nam
470 1521 543 1557 quod
565 1529 581 1549 e
609 1521 720 1557 Virglne
738 1525 819 1549 natus
844 1520 938 1553 fuerit,
966 1519 1051 1548 Deum

264 1568 340 1595 illum
348 1575 410 1596 esse
420 1571 448 1595 et
462 1575 545 1603 supra
557 1567 695 1596 hominem
709 1567 846 1599 ostendit;
857 1572 884 1595 et
895 1568 1050 1602 oportebat,

262 1614 413 1642 secundum
425 1619 525 1642 sanctae
537 1613 684 1649 Scriptura;
700 1614 832 1648 regulam,
852 1621 904 1641 nec
915 1614 949 1641 ad
959 1613 1053 1641 dexte-

263 1667 320 1687 ram
338 1660 475 1687 declinare
486 1667 537 1687 nec
547 1659 581 1687 ad
593 1659 745 1692 sinislram,
763 1660 811 1687 sed
827 1664 902 1687 stare
930 1660 973 1688 his
991 1667 1053 1694 quae

1103 1065 1167 1092 στοῦ
1187 1065 1319 1101 ἐκέκτητο
1334 1066 1382 1092 καὶ
1395 1065 1521 1094 κένωσιν.
1554 1065 1586 1092 Et
1603 1065 1651 1092 οὖν
1679 1065 1773 1100 λέγετε
1790 1067 1892 1101 κικτῆ·

1103 1111 1165 1138 σθαι
1180 1111 1305 1143 κένωσιν,
1336 1111 1513 1145 Νεστοριανοί
1544 1111 1618 1144 ἐστι,
1643 1111 1720 1146 ψιλὴν
1746 1112 1891 1148 ἄνθρωπον

1102 1156 1292 1191 ὑποτιθέμενοι
1302 1156 1348 1183 τδν
1361 1156 1479 1192 Χριστόν
1494 1164 1502 1172 -
1519 1156 1583 1184 εἰδὲ
1607 1157 1696 1192 ιρεῖτι
1721 1157 1759 1192 μὴ
1787 1158 1890 1192 κεκτῆ-

1102 1203 1165 1231 σθαι
1180 1203 1306 1236 κίνωσιν,
1319 1203 1377 1235 πῶς
1386 1202 1419 1229 ἂν
1434 1202 1545 1238 νοηθείη
1574 1202 1717 1238 ἄνθρωπον
1734 1202 1889 1238 προσλαϐέ-

1102 1252 1165 1278 σθαι
1179 1250 1378 1286 πληρούμενον,
1391 1250 1439 1277 καὶ
1454 1249 1493 1285 μὴ
1503 1250 1666 1284 κενούμενον
1678 1257 1686 1282 ;
1708 1250 1890 1284 -Ἀπόιρι-

1102 1304 1164 1330 me.
1175 1295 1417 1327 --⁰0⁹Δπόστολος
1429 1296 1480 1330 τὴν
1490 1295 1580 1330 ἄκραν
1593 1294 1691 1322 ἕνωσιν
1704 1294 1788 1322 θέλων
1801 1295 1891 1330 δηλῶ-

1102 1349 1148 1367 σαι
1160 1339 1285 1375 θεότητος
1299 1339 1347 1366 καὶ
1361 1339 1581 1375 ἀνθρωπότητος,
1597 1340 1669 1366 κατὰ
1685 1339 1774 1367 πάντα
1797 1339 1892 1374 ὅμοιον

1101 1386 1168 1421 ἡμῖν
1182 1384 1365 1412 ἀναλαϐέσθαι
1377 1383 1520 1420 ἄνθρωπον
1530 1384 1615 1420 χωρὶς
1640 1383 1778 1419 ἁμαρτίας
1790 1384 1893 1420 φησιν’

1101 1430 1159 1458 ἀλλ’
1171 1431 1275 1462 ὲκιῖνος
1289 1431 1338 1465 μὲν
1353 1429 1398 1457 διὰ
1409 1430 1461 1465 τὴν
1473 1430 1563 1465 ἄκραν
1577 1430 1675 1457 ἕνωσιν
1685 1429 1766 1456 τοῦτο
1792 1427 1870 1456 εἶπεν
1879 1437 1889 1446 ο

1101 1476 1181 1512 ἡμεῖς
1200 1475 1229 1503 δὶ
1244 1475 1292 1503 καὶ
1316 1475 1386 1511 ὑπὲρ
1401 1474 1547 1511 ἄνθρωπον
1562 1475 1729 1511 γεγενῆσθαι
1745 1475 1826 1502 αὐτὸν
1837 1484 1890 1502 κα·

1100 1521 1320 1557 ταλαμδάνομεν.
1334 1520 1371 1548 Τδ
1384 1521 1438 1556 γὰρ
1451 1521 1484 1548 ἐκ
1499 1520 1637 1556 Παρθένου
1659 1520 1834 1556 γεννηθῆναι.
1858 1521 1892 1549 τὸ

1101 1567 1168 1595 Θεὸν
1183 1566 1265 1594 αὐτὸν
1279 1565 1360 1599 εἶναι,
1392 1566 1440 1593 καὶ
1466 1566 1536 1600 ὑπὲρ
1561 1565 1714 1602 ἁνθρωπον,
1745 1566 1865 1593 δείκνυσι
1879 1573 1889 1581 ·

1101 1614 1148 1641 καὶ
1161 1612 1214 1640 ἔδει
1227 1612 1299 1639 κατὰ
1308 1612 1355 1639 τὸν
1366 1611 1416 1646 τῆς
1430 1611 1510 1646 ἁγίας
1523 1611 1634 1646 Γραφῆς
1655 1611 1754 1638 κανόνα
1772 1611 1811 1646 μὴ
1839 1612 1889 1638 ὲκ-

1102 1660 1192 1686 κλτναι
1204 1658 1279 1692 δεξιὰ
1294 1658 1311 1693 ἢ
1323 1657 1466 1694 ἀριστερὰ,
1481 1657 1550 1685 ἀλλὰ
1558 1657 1674 1692 στοιχεῖν
1684 1658 1740 1689 τοῖς
1765 1665 1890 1693 γεγραμ-

263 1706 363 1740 scripta
380 1710 454 1738 sunt,
472 1712 560 1740 neque
573 1703 676 1739 aliquid
692 1704 809 1739 amplius
818 1704 972 1739 exquirere.
1000 1691 1048 1732 ile-

1102 1704 1203 1740 μένοις,
1222 1705 1269 1731 καὶ
1284 1691 1367 1739 μηδέν
1376 1691 1458 1730 πλέον
1471 1691 1700 1738 περιεργάζεσθαι
1716 1710 1723 1716 ·
1739 1691 1824 1737 ὅμως
1844 1691 1890 1729 ινα

264 1755 419 1778 rumtameu
435 1757 470 1778 ne
483 1751 624 1777 videamur
638 1750 674 1777 ob
688 1750 876 1784 responsionis
899 1750 1049 1778 carentiam

263 1797 354 1828 silere,
371 1796 506 1827 dicemus.
524 1796 637 1823 meliore
649 1799 725 1831 parte
738 1799 892 1829 praestante,
905 1795 978 1823 aliud
990 1803 1051 1824 esse

263 1848 364 1875 corpus
378 1841 439 1876 ejus
450 1841 572 1868 divinum
591 1841 689 1875 magis,
700 1839 772 1874 quod
788 1848 887 1876 nempe
898 1840 925 1868 in
940 1845 1051 1868 satura-

264 1886 337 1913 tione
347 1886 497 1914 secundum
513 1893 562 1913 nos
577 1885 669 1919 fuerit,
691 1886 718 1914 in
735 1887 911 1914 evacuatione
925 1894 990 1914 vero
1004 1894 1051 1914 su-

263 1940 309 1966 pra
327 1939 388 1960 nos.
400 1931 523 1960 Ostendit
533 1933 558 1960 id
573 1933 654 1960 etiam
665 1937 728 1960 ante
741 1933 956 1960 incarnationem
971 1933 1053 1961 beata

262 1978 381 2006 Trinitas
399 1979 469 2014 apud
487 1979 622 2006 Abraham
635 1979 793 2013 comedens,
819 1983 848 2007 et
865 1983 998 2012 saturata,
1022 1982 1050 2006 et

262 2033 317 2052 non
336 2030 477 2053 evacuata.
493 2025 625 2053 Similiter
643 2033 753 2061 quoque
785 2030 846 2062 post
869 2025 1048 2053 resurrectio-

262 2079 323 2099 nem
336 2071 462 2099 Salvator
472 2076 564 2099 noster
577 2076 718 2100 saturatus
726 2077 778 2105 est,
793 2072 972 2100 evacuatione
993 2079 1048 2099 non

261 2123 434 2151 oecurrente,
453 2118 500 2145 sed
511 2126 559 2153 per
575 2118 772 2146 inbahiIanlem
787 2118 907 2146 divinam
922 2123 1048 2146 naturam

261 2164 430 2191 sattlratione
441 2169 613 2199 consumpta;
623 2164 680 2191 haec
691 2164 801 2199 quidem
813 2172 862 2192 nos
872 2164 1049 2200 intelligimus

262 2210 412 2238 secundum
429 2215 530 2238 nostra:
543 2210 708 2246 cognitionis
723 2210 891 2239 debilitatem
916 2212 982 2246 ;ille
999 2218 1048 2238 au-

262 2259 315 2282 tem
334 2255 491 2282 incarnatus
515 2256 657 2291 cognoscit
682 2255 807 2290 proprios
828 2255 1006 2283 saturationis
1021 2260 1049 2284 et

260 2300 449 2327 evacuationis
481 2307 538 2327 suae
566 2300 674 2333 modos,
715 2300 787 2327 sicut
818 2300 906 2328 noscit
935 2300 1046 2327 modum

1101 1751 1140 1785 μὴ
1154 1750 1275 1785 δόξωμεν
1287 1749 1462 1785 ἀποκρίσεως
1477 1748 1644 1784 ἀποροῦντες
1659 1749 1750 1784 σιγᾷν,
1770 1748 1889 1784 ἐροῦμεν

1099 1796 1141 1822 ὅτι
1154 1795 1202 1822 τοῦ
1217 1795 1371 1830 κρείττονος
1388 1795 1594 1830 ὲκνικήσαντος,
1608 1794 1673 1821 ἄλλο
1680 1792 1751 1821 εἶναι
1765 1794 1847 1829 σῶμα
1856 1795 1888 1821 τὸ

1100 1842 1204 1869 ἑκείνου
1217 1841 1424 1876 θεοειδέστερον,
1438 1842 1507 1875 ὅπερ
1522 1841 1552 1867 ὲν
1564 1840 1613 1876 μὲν
1624 1841 1658 1876 τῇ
1671 1840 1810 1875 πληρώσει
1824 1839 1887 1866 καθ’

1099 1889 1172 1924 ἡμᾶς
1180 1886 1225 1924 ἦν,
1243 1888 1272 1915 ὲν
1285 1887 1313 1914 δὲ
1323 1889 1357 1923 τῇ
1373 1886 1486 1914 κενώσει
1500 1886 1570 1922 ὑπὲρ
1582 1887 1668 1921 ἡμᾶς.
1684 1886 1768 1921 Δηλοί
1783 1886 1813 1912 δι
1839 1886 1887 1912 καὶ

1099 1934 1153 1969 πρὸ
1169 1934 1220 1969 τῆς
1252 1933 1419 1969 σαρκώσεως
1445 1933 1462 1968 ἡ
1486 1931 1609 1967 μακαρία
1632 1931 1718 1967 Τριὰς
1747 1930 1822 1966 παρὰ
1847 1931 1887 1965 τῷ

1098 1979 1225 2015 Ἀϐραὰμ.
1240 1979 1377 2011 ἐσθίουσα,
1397 1978 1444 2005 καὶ
1460 1977 1601 2013 πλήρωσιν
1617 1977 1761 2013 δεχομένη,
1780 1978 1826 2003 καὶ
1841 1977 1881 2012 μὴ

1099 2025 1250 2060 κενουμένη
1264 2033 1271 2040 ·
1285 2024 1385 2060 ὁμοίως
1396 2024 1443 2051 καὶ
1456 2023 1526 2059 μετὰ
1539 2023 1589 2059 τὴν
1603 2024 1751 2051 ἀνάστασιν
1766 2024 1779 2050 ὁ
1791 2023 1886 2059 Σωτὴρ

1099 2072 1116 2106 ἡ
1120 2071 1178 2107 μῶν
1191 2070 1330 2106 πλήρωσιν
1336 2070 1490 2105 δεχόμενος,
1502 2068 1643 2101 κενώσεως
1653 2069 1691 2103 μὴ
1697 2068 1886 2104 ὑπαρχούσης,

1099 2117 1156 2144 ἀλλ’
1163 2116 1215 2143 ὑπὸ
1227 2116 1275 2151 τῆς
1285 2115 1441 2150 ὲνοικούσης
1451 2115 1526 2146 θείας
1536 2115 1643 2149 φύσεως
1657 2115 1706 2151 τῆς
1717 2114 1884 2150 πληρώσεως

1098 2163 1329 2198 ὲκδαπανωμένης
1338 2169 1345 2176 ·
1357 2162 1444 2189 ταῦτα
1462 2162 1513 2204 μὲν
1525 2162 1607 2196 ἡμεῖς
1623 2160 1696 2188 κατὰ
1721 2161 1771 2196 τὴν
1781 2160 1883 2196 ἠμετέ-

1099 2217 1149 2243 ραν
1162 2207 1212 2243 τῆς
1224 2207 1352 2242 γνώσεως
1370 2207 1512 2234 ἀσθένειαν
1525 2214 1532 2221 ⁶
1545 2207 1627 2238 αὐτὸς
1646 2206 1674 2233 δὲ
1689 2206 1703 2232 ό
1731 2205 1885 2241 σαρκωθεὶς

1097 2254 1241 2281 inlatum
1256 2254 1320 2286 τοὺς
1330 2253 1449 2285 οἰκείους
1460 2253 1576 2288 τρόπους
1590 2253 1639 2288 τῆς
1650 2251 1816 2288 πληρώσεως
1837 2252 1886 2278 καὶ

1097 2303 1147 2337 τῆς
1161 2302 1301 2333 κενώσεως
1312 2309 1319 2317 ·
1333 2300 1424 2332 καθὼς
1434 2298 1488 2328 οἵδε
1505 2300 1553 2327 καὶ
1567 2300 1612 2327 τὸν
1628 2300 1728 2335 τρόπον
1740 2300 1789 2334 τῆς
1802 2299 1885 2334 ἀπορ-

261 2345 406 2373 incﬂabilis
419 2345 534 2373 duarum
555 2350 715 2374 naturarum
731 2346 840 2375 unionis
850 2350 879 2375 et
891 2346 1046 2375 distinctio-

1100 2347 1183 2382 ῥήτου
1196 2347 1250 2373 τῶν
1265 2346 1312 2374 δύο
1324 2346 1431 2382 φύσεων
1444 2344 1545 2381 μίξεώς
1559 2353 1589 2373 τι
1600 2345 1648 2373 καὶ
1658 2345 1783 2381 κράσεως
1797 2345 1826 2371 ἐν
1842 2344 1884 2370 ἑνὶ

260 2391 304 2418 nis
323 2391 350 2418 in
362 2399 416 2418 una
429 2398 559 2427 persona.

1099 2393 1250 2429 προσώπῳ.
