2082 3157
260 161 324 194 1031

255 263 336 291 idolis

291 311 353 339 105.
371 310 471 338 Foedus
482 308 567 336 Iacob
581 313 608 336 et
622 307 726 336 Laban.

292 356 352 383 104.
368 357 405 383 De
419 355 546 382 columna
559 359 586 381 et
603 354 707 381 tumqu
721 353 882 381 testimonii.

291 401 352 429 105.
370 400 407 428 De
423 400 526 435 angelis
546 400 592 435 qui
609 399 718 427 obviam
733 399 802 426 fiunt
815 398 910 427 Iacob.

291 491 350 519 106.
368 490 406 520 De
422 491 495 519 Esau
513 491 640 519 veniente
649 491 758 519 obviam
771 489 866 518 Iacob.

289 585 347 612 107.
363 585 401 612 De
417 584 537 612 luctante
552 592 613 612 cum
626 583 721 612 Iacob.

289 630 350 657 108.
366 630 402 657 De
417 629 574 657 occurentia
589 629 660 656 Esau
676 634 703 656 et
714 628 810 656 Iacob.

291 677 352 703 l09.
367 676 433 709 Quae
443 676 477 703 ad
495 675 592 703 Dinam
609 675 725 703 attinent
745 675 827 702 filiam
841 674 925 702 Iacob
937 679 963 702 ct
975 674 1041 705 Lim.

290 767 351 794 110.
364 766 453 794 Tertia
472 766 601 794 revelatio
619 766 651 794 ad
667 765 751 794 Iacob
770 766 795 793 in
818 766 926 793 Sichem
939 767 973 794 de
991 766 1038 794 Be-

255 813 320 846 lhel,
336 818 363 841 et
375 812 432 840 Deo
451 813 498 848 qui
525 813 563 841 illi
590 814 724 848 apparuit,
747 813 856 848 quando
881 812 945 840 fodit
976 813 1042 841 deos

254 857 358 885 alienos
373 859 424 886 sub
437 858 598 885 terebintho.

610 159 807 191 OPUSCULA
828 158 1143 190 SCRIPTURISTICA
1162 159 1337 190 INCERT/E
1356 159 1511 191 lETATlS.

296 217 355 246 102.
377 217 415 245 De
440 216 605 246 revelatione
626 216 659 243 ad
678 215 771 243 Laban
798 215 832 244 de
855 214 939 243 Iacob
960 219 988 243 et
1009 214 1041 242 de

1132 215 1182 250 ρβ’.
1200 215 1268 250 Περὶ
1283 215 1330 242 τοῦ
1346 214 1540 251 χρηματισμοῦ
1556 213 1604 241 τοῦ
1619 214 1687 250 πρὸς
1704 213 1797 242 Λάδαν
1815 216 1881 252 περὶ

1816 158 1881 191 1032

1093 262 1142 289 τοῦ
1156 261 1264 292 Ἰακὼϐ.
1283 262 1330 288 καὶ
1345 262 1410 297 περὶ
1423 262 1479 288 τῶν
1495 261 1622 288 εἰδώλων.

1131 311 1183 344 ργ¹.
1199 308 1320 343 Διαθήκη
1332 307 1378 334 τοῦ
1395 307 1491 334 Ἰακὼϐ
1503 309 1550 335 καὶ
1563 308 1610 334 τοῦ
1624 308 1727 337 Δάσαν.

1130 353 1250 389 ρδ¹.ῐ1ερὶ
1261 355 1310 388 τῆς
1321 354 1431 390 στήλης,
1446 354 1493 381 καὶ
1505 354 1552 381 τοῦ
1565 354 1660 389 βουνοῦ
1670 354 1718 381 τοῦ
1730 355 1878 390 μάρτυρος.

1131 403 1179 435 ρε¹.
1198 400 1267 436 Περὶ
1282 401 1330 435 τῆς
1343 400 1531 436 συναντήσεως
1543 399 1598 427 τῶν
1609 400 1733 434 ἀγγέλων
1749 400 1800 436 τῆς
1811 401 1879 437 πρὸς

1095 446 1204 474 Ἰακώϐ.

1132 496 1187 528 ρξ’.
1205 492 1272 529 Περὶ
1286 491 1333 519 τοῦ
1353 491 1439 519 Ἠσαῦ
1453 492 1602 528 ἐρχομένου
1616 492 1657 526 εἰς
1669 493 1829 530 συνάντησιν
1839 493 1879 528 τῷ

1094 538 1204 566 Ἰακώϐ.

1130 583 1181 620 ρξ’.
1198 585 1267 619 Περὶ
1285 585 1332 612 τοῦ
1350 584 1533 617 παλαίσαντος
1551 585 1621 620 μετὰ
1634 585 1742 612 Ἰακώϐ.

1131 628 1183 665 οη¹.
1201 630 1269 664 Περὶ
1287 629 1337 664 τῆς
1349 624 1538 665 συναντῆσεως
1555 630 1640 657 Ἦσαῦ
1655 632 1702 656 καὶ
1715 630 1825 657 Ἰακώϐ.

1130 675 1180 709 ριν.
1198 675 1240 702 Τὰ
1256 675 1326 703 κατὰ
1338 676 1387 710 τὴν
1402 676 1482 703 Δείνα
1497 677 1547 712 τὴν
1561 677 1698 712 θυγατέρα
1709 676 1817 709 Ἰακὼσ,
1832 676 1878 703 καὶ

1093 722 1185 754 Λείας.

1128 771 1172 804 ρι’.
1186 768 1283 803 Τρίτος
1299 768 1491 804 χρηματισμὸς
1513 768 1581 803 πρὸς
1593 768 1689 795 Ἰακὼῦ
1705 769 1733 794 ὲν
1745 768 1878 804 Σικήμοις

1093 803 1157 850 περὶ
1172 814 1223 849 τῆς
1239 813 1351 849 natent,
1374 814 1421 840 καὶ
1441 813 1488 841 τοῦ
1509 813 1637 848 ὀφθέντος
1653 813 1727 849 αὺτῷ
1740 803 1819 845 ὖέοὖ,
1832 813 1876 839 ὅτε

1093 858 1249 894 κατέκρυψε
1261 859 1324 890 τοὺς
1335 858 1491 894 ἀλλοτρίους
1502 858 1579 891 θεοὺς
1588 859 1641 885 ὺπδ
1649 858 1698 894 τὴν
1710 857 1877 894 τερέϐινθον.

290 905 351 932 111.
366 904 469 938 Quarta
488 904 618 932 revelatio
634 905 661 932 in
678 904 850 940 apparitione
862 904 896 932 ad
912 903 1007 933 Iacob.

1129 908 1193 940 ρια¹.
1224 904 1360 941 Τέταρτος
1389 904 1581 941 χρηματισμὸς
1610 905 1639 932 ὲν
1665 904 1783 940 ὀπτασίᾳ
1808 904 1878 940 πρὸς

289 999 301 1025 1
311 998 348 1025 l2.
367 998 456 1026 Deest.

290 1046 352 1073 115.
365 1046 431 1079 Quae
447 1045 480 1073 ad
497 1045 592 1074 Ruben
612 1049 639 1074 et
651 1045 743 1072 Balam
762 1049 896 1080 spectant.

290 1092 352 1120 111.
368 1091 406 1120 De
420 1092 577 1126 genealogia
592 1091 677 1119 Iacob
692 1095 719 1119 et
735 1096 822 1119 morte
837 1091 923 1118 Isaae.

290 1183 351 1211 115.
378 1184 415 1212 De
438 1183 595 1219 genealogia
618 1182 703 1216 Esait,
718 1183 828 1218 quando
848 1182 915 1210 abiit
931 1189 946 1210 e
969 1186 1040 1210 terra

252 1229 383 1257 Chanaan
400 1233 463 1256 ante
480 1228 576 1256 faciem
588 1227 683 1256 Iacob.

289 1275 352 1303 116.
370 1275 408 1303 De
425 1276 467 1303 his
483 1275 530 1311 qui
545 1278 727 1311 regnaverunt
740 1275 767 1301 in
785 1274 881 1302 Edam.

288 1322 350 1350 11⁵1.
367 1321 432 1356 Quae
451 1322 485 1349 ad
499 1321 598 1356 Ioseph
617 1326 644 1348 et
661 1320 759 1348 fratres
772 1320 831 1355 ejus
842 1320 968 1348 attinent.

288 1367 350 1395 118.
365 1367 402 1395 De
416 1366 531 1395 somniis
550 1366 661 1402 Ioseph.

289 1414 351 1440 H9.
368 1412 407 1441 De
425 1412 524 1448 Ioseph
536 1412 638 1440 emisso
651 1411 684 1439 ad
696 1411 796 1439 fratres
811 1418 887 1440 suos.

289 1504 350 1532 120.
365 1504 431 1538 Quae
445 1504 479 1531 ad
497 1503 595 1531 Iudam
611 1507 639 1531 et
653 1509 766 1530 uxorem
780 1501 841 1538 ejus
861 1500 959 1529 Savam
975 1501 1040 1529 atti-

254 1554 329 1577 nent.

288 1598 349 1625 121.
367 1597 433 1631 Quae
442 1597 475 1625 ad
488 1596 608 1625 Thamar
621 1600 743 1632 spectant
761 1599 789 1624 et
804 1595 873 1624 ﬁlios
890 1594 971 1623 Iuda.

289 1643 351 1670 I22.
367 1642 433 1676 Quae
447 1642 481 1670 ad
496 1641 600 1670 Phares
615 1646 642 1670 et
655 1641 753 1669 laram
766 1641 892 1668 attinent.

289 1688 350 1715 125.
367 1687 435 1721 Quae
453 1688 487 1715 ad
502 1687 602 1722 Ioseph
621 1691 738 1716 attinent
753 1685 896 1715 venditum
911 1685 939 1713 in
955 1684 1042 1720 Egy-

252 1738 351 1805 puilgi.
367 1778 406 1806 De
419 1778 520 1814 Ioseph
535 1782 563 1806 et
575 1777 713 1814 Egyptia.

288 1823 349 1851 125.
364 1823 401 1850 De
412 1823 541 1859 pincerna
556 1828 584 1851 et
603 1824 716 1858 pistore.

289 1868 351 1895 126.
368 1867 406 1895 De
419 1867 563 1901 natalitiis,
577 1872 604 1895 et
618 1868 734 1896 somniis
746 1874 807 1902 qua
827 1866 895 1895 vidit
917 1866 1040 1900 Pharao;

253 1919 281 1942 et
294 1914 327 1942 de
343 1914 387 1941 his
402 1920 464 1950 quae
473 1913 631 1942 recordatus
646 1918 688 1942 est
703 1914 844 1949 pincerna.

291 2007 353 2035 127.
367 2006 433 2040 Quae
449 2006 482 2050 ad
495 2005 663 2034 Pharaonem
681 2011 804 2042 spectant
818 2012 846 2035 et
855 2007 955 2043 Ioseph
969 2007 1041 2035 circa

253 2053 358 2082 somnia
370 2052 532 2080 Pharaonis.

305 2099 351 2127 28.
370 2097 409 2125 De
423 2097 506 2133 spicis
519 2102 622 2131 septem
639 2104 775 2125 annorum
788 2097 973 2126 abundantiae.

289 2192 351 2219 H9.
369 2191 407 2219 De
434 2190 569 2223 Manasse,
595 2194 622 2218 et
647 2189 790 2225 Ephraim,
815 2190 863 2226 qui
891 2189 947 2218 nati
976 2194 1041 2218 sunt

252 2237 353 2273 Ioseph
368 2242 432 2265 ante
445 2237 577 2272 inopiam.

290 2283 352 2311 150.
367 2282 406 2310 De
421 2282 616 2318 incipientibus
631 2285 734 2316 septem
748 2282 829 2310 annis
842 2281 951 2316 inopire.

234 2343 242 2353 -.
290 2328 351 2355 151.
366 2327 432 2360 Quae
445 2327 479 2355 ad
492 2327 590 2356 fratres
604 2326 704 2362 Ioseph
715 2327 831 2355 attinent
847 2326 1042 2355 descendentes

253 2373 280 2400 in
294 2371 452 2408 Egyptum.

291 2419 354 2446 152.
373 2418 409 2446 De
423 2425 549 2454 regressu
563 2417 681 2446 fratrum
697 2417 800 2454 Ioseph
817 2422 929 2454 propter
941 2418 1041 2453 Benja-

289 2511 351 2539 155.
367 2509 435 2543 Qua
447 2509 482 2538 ad
497 2509 596 2537 fratres
609 2507 710 2543 Ioseph
737 2511 860 2543 spectant
871 2507 1040 2536 descenden-

252 2563 294 2586 tes
309 2557 336 2584 in
353 2557 502 2592 [Egyptum
516 2563 578 2584 cum
594 2554 746 2590 Beniamin.

289 2603 427 2637 1?».th
451 2602 484 2630 ad
513 2602 646 2638 scyphum
671 2605 832 2636 argenteum
861 2605 995 2636 spectant,
1014 2604 1042 2628 et

252 2649 392 2684 quomodo
406 2647 509 2683 Ioseph
521 2655 551 2676 se
567 2647 615 2675 dat
628 2646 848 2682 agnoscendum.

289 2694 351 2722 155.
369 2693 406 2722 De
428 2694 516 2722 reditu
541 2692 655 2720 fratrum
680 2691 780 2728 Ioseph
801 2692 835 2720 ad
855 2692 964 2720 illorum
991 2700 1040 2728 pa-

253 2746 334 2769 trem.

290 2785 353 2813 156.
369 2784 407 2813 De
434 2785 568 2813 descensu
594 2783 679 2812 Iacob
708 2786 736 2812 in
759 2783 925 2820 Egyptum:
942 2783 970 2811 in
987 2791 1042 2819 quo

253 2831 350 2867 quinta
362 2831 491 2860 revelatio
503 2831 574 2860 facta
591 2836 634 2860 est
652 2831 685 2860 ad
700 2838 762 2859 eum
785 2831 812 2858 in
831 2830 934 2859 visione
952 2830 1041 2858 noctis

253 2876 288 2905 ad
303 2879 415 2911 puteum
429 2877 593 2906 Iuramenti.

1054 1566 1076 1595 ο
1092 1551 1193 1578 Σαυάν.

1092 950 1199 978 Ἰακώδ.

1127 996 1192 1034 ριβ¹.
1208 998 1293 1025 Asia.

1127 1043 1189 1080 ριγ¹.
1208 1044 1247 1070 Τὰ
1260 1044 1330 1071 κατὰ
1351 1042 1464 1079 Ῥουΰὶμ
1476 1044 1523 1071 καὶ
1542 1043 1590 1079 τὴν
1605 1043 1720 1071 Βάλλαν.

1127 1091 1186 1126 ριδν.
1206 1091 1274 1127 Περὶ
1287 1091 1334 1127 τῆς
1349 1091 1524 1126 γενεαλογίας
1538 1089 1646 1122 Ἰακὼϐ,
1660 1089 1707 1116 καὶ
1725 1088 1775 1124 τῆς
1785 1087 1876 1114 τελευ-

1089 1137 1138 1173 τῆς
1152 1137 1256 1164 Ἰσαάκ.

1127 1183 1186 1220 ριε’.
1203 1184 1270 1219 Περὶ
1293 1184 1345 1218 τῆς
1368 1183 1544 1218 γενεαλογίας
1559 1182 1659 1214 Ἡσαῦ,
1683 1181 1720 1214 ὡς
1740 1179 1875 1216 ἐπορεύθη

1090 1230 1122 1257 ὲκ
1139 1230 1190 1265 γῆς
1202 1229 1314 1256 Χαναὰν
1334 1229 1389 1256 ἀπὸ
1405 1228 1554 1264 προσώπου
1565 1227 1675 1255 Ἰακώϐ.

1127 1273 1193 1310 ρις’.
1208 1275 1275 1310 Περὶ
1293 1275 1347 1303 τῶν
1364 1274 1581 1310 βασιλευσάντων
1593 1275 1621 1301 ἐν
1635 1273 1736 1308 Ἐδώμ.

1127 1319 1190 1356 ρις’.
1205 1321 1246 1348 Τὰ
1260 1321 1331 1348 κατὰ
1350 1321 1460 1356 Ἰωσὴφ,
1476 1320 1524 1347 καὶ
1536 1319 1600 1351 τοὺς
1611 1319 1740 1353 ἀδελφοὺς
1754 1318 1847 1345 αὐτοῦ.

1128 1370 1192 1402 ριη’.
1208 1367 1277 1402 Περὶ
1295 1367 1350 1394 τῶν
1363 1367 1497 1394 ἐνυπνίων
1516 1366 1627 1401 Ἰωσήφ.

1128 1412 1189 1449 ριΘ’.
1204 1413 1272 1448 Περὶ
1286 1412 1334 1439 τοῦ
1349 1412 1449 1449 Ἰωσὴφ
1470 1411 1703 1447 ἀποστελλομένου
1725 1411 1793 1448 πρὸς
1815 1411 1876 1443 τοὺς

1091 1459 1222 1494 ἀδελφοὺς
1239 1458 1332 1487 αὐτοῦ.

1128 1504 1179 1541 ρκ’.
1196 1505 1236 1532 Τὰ
1251 1504 1322 1532 κατὰ
1341 1503 1388 1531 τὸν
1400 1503 1514 1537 Ἰούδαν,
1529 1503 1577 1530 καὶ
1591 1502 1641 1538 τὴν
1656 1503 1775 1538 γυναῖκα
1794 1501 1876 1528 αὐτοῦ

1130 1595 1199 1632 ρκα’.
1216 1595 1257 1623 Τὰ
1267 1595 1340 1622 κατὰ
1353 1595 1402 1630 τὴν
1412 1595 1523 1631 Θάμαρ,
1539 1595 1588 1622 καὶ
1607 1595 1670 1627 τοὺς
1693 1594 1768 1625 υῑοῦς
1779 1592 1875 1620 Ἰούδα.

1129 1642 1198 1679 ρκβ¹.
1215 1642 1256 1670 Τὰ
1271 1642 1344 1669 κατὰ
1356 1642 1403 1668 τὸν
1417 1641 1516 1676 Φαρὲς.
1528 1641 1575 1669 καὶ
1591 1640 1637 1667 τὸν
1651 1641 1736 1676 Ζαρά.

1129 1688 1198 1725 ρκῖ.
1211 1689 1252 1716 Τὰ
1264 1688 1336 1716 κατὰ
1350 1688 1396 1715 τὸν
1407 1687 1506 1724 Ἰωσὴφ
1521 1687 1659 1723 πραθέντα
1674 1687 1714 1718 εἰς
1727 1687 1875 1720 Αἴγυπτον.

1128 1780 1194 1818 ρκδ.
1214 1780 1283 1815 Περὶ
1297 1779 1344 1807 τοῦ
1360 1779 1460 1814 Ἰωσὴφ
1473 1780 1520 1806 καὶ
1535 1779 1582 1814 τῆς
1595 1778 1756 1812 Αἰγυπτίας.

1128 1826 1195 1863 ρκε¹.
1214 1826 1281 1861 Περὶ
1293 1825 1339 1852 τοῦ
1353 1824 1550 1860 ἀρχιοινοχόον,
1566 1824 1613 1851 καὶ
1631 1823 1678 1850 τοῦ
1692 1823 1842 1850 σιτοποιοῦ.

1128 1875 1204 1908 ρκς¹.
1217 1872 1286 1907 Περὶ
1306 1871 1360 1898 τῶν
1378 1869 1532 1905 γενεθλίων,
1554 1869 1669 1896 καὶτῶν
1691 1869 1825 1896 ἐνυπνίων
1839 1866 1877 1895 ὧν

1092 1915 1146 1945 εῐδε
1161 1917 1260 1952 Φαραώ
1271 1925 1278 1932 ·
1299 1917 1346 1944 καὶ
1360 1916 1425 1952 περὶ
1444 1912 1482 1943 ὧν
1499 1915 1595 1942 ἑλαὸεν
1616 1914 1699 1943 αὑτοῦ
1717 1915 1732 1941 ὁ
1743 1915 1877 1950 ἀρχιοινο-

1110 1964 1164 1996 όος.

1092 1974 1198 2045 χοῒκξ,
1210 2008 1252 2036 Τὰ
1277 2008 1347 2035 κατὰ
1373 2007 1483 2043 Φαραὼ,
1508 2007 1556 2034 καὶ
1586 2006 1633 2034 τδν
1648 2006 1748 2042 Ἰωσὴφ
1777 2005 1821 2032 διὰ
1843 2005 1877 2032 τὰ

1092 2057 1208 2084 ἐνύπνια
1222 2055 1257 2082 τὰ
1268 2054 1378 2090 Φαραώ.

1131 2101 1201 2138 ρκη’.
1220 2101 1288 2137 Περὶ
1303 2101 1358 2128 τῶν
1378 2100 1543 2136 δραγμάτων
1563 2100 1618 2127 τῶν
1631 2099 1654 2133 ζ’
1675 2100 1744 2127 ἑτῶν
1763 2100 1814 2135 τῆς
1833 2099 1878 2126 εὑ-

1093 2147 1198 2184 θηνίας.

1130 2193 1201 2229 ρκθ¹.
1222 2192 1289 2228 Περὶ
1306 2193 1440 2228 Μανασσῆ
1455 2194 1503 2219 καὶ
1517 2191 1648 2228 Ἐφρατμ,
1663 2193 1688 2219 οἶ
1701 2191 1825 2226 ἐγένοντο
1839 2191 1878 2226 τῷ

1056 2233 1078 2260 Ι)
1093 2239 1194 2275 Ἰωσὴφ
1209 2239 1262 2274 πρὸ
1277 2239 1325 2265 τοῦ
1337 2238 1429 2274 λιμοῦ.

1131 2284 1180 2320 pl’.
1195 2284 1263 2319 Περὶ
1277 2284 1330 2310 τῶν
1345 2283 1506 2319 ἀρξαμένων
1520 2283 1543 2316 ζ’
1559 2284 1628 2310 ἑτῶν
1642 2283 1689 2311 τοῦ
1704 2283 1793 2319 λιμοῦ.

1130 2329 1198 2364 pla}.
1211 2330 1252 2356 Τὰ
1267 2328 1338 2356 κατὰ
1360 2329 1423 2361 τοὺς
1439 2329 1571 2364 ἀδελφοὺς
1585 2330 1685 2365 Ἰωσὴφ
1705 2329 1879 2360 καταϐάντας

1093 2375 1135 2407 εἰς
1149 2374 1298 2409 Αἴγυπτον.

1130 2419 1199 2455 ρλβ’.
1217 2420 1286 2455 Περὶ
1301 2420 1352 2455 τῆς
1369 2420 1500 2447 ἐπανόδου
1514 2420 1570 2448 τῶν
1585 2420 1708 2455 ἀδελφῶν
1723 2420 1822 2456 Ἰωσὴφ
1836 2421 1881 2448 διὰ

1092 2465 1140 2491 τὸν
1153 2465 1292 2500 Βενιαμίν.

1130 2509 1198 2545 ρλγ¹.
1214 2510 1256 2537 Τὰ
1270 2510 1342 2537 κατὰ
1355 2511 1419 2542 τοὺς
1440 2511 1570 2546 ἀδελφοὺς
1585 2511 1684 2547 Ἰωσὴφ
1707 2511 1880 2543 καταϐάντας

1092 2555 1132 2586 εἰς
1144 2555 1283 2589 Αἴγυπτον
1297 2556 1367 2590 μετὰ
1385 2556 1434 2583 τοῦ
1450 2556 1593 2592 Βενιαμίν,

1129 2598 1195 2634 ρλδ¹,
1210 2600 1251 2627 Τὰ
1278 2601 1348 2628 κατὰ
1369 2602 1400 2628 τδ
1421 2602 1501 2629 κόνδυ
1524 2602 1556 2629 τδ
1582 2603 1731 2639 ἀργυροῦν,
1759 2604 1808 2631 καὶ
1835 2604 1882 2630 τὸν

1093 2645 1303 2681 ἀναγνωρισμδν
1317 2646 1364 2674 τοῦ
1380 2646 1491 2683 Ἰωσήφ.

1131 2689 1194 2725 ple’.
1216 2691 1284 2726 Περὶ
1298 2692 1347 2726 τῆς
1367 2692 1499 2719 ἐπανόδου
1514 2693 1568 2720 τῶν
1579 2693 1703 2728 ἀδελφῶν
1717 2693 1765 2720 τοῦ
1779 2694 1879 2730 Ὶωςὴφ

1093 2736 1143 2771 τῆς
1161 2736 1206 2764 διὰ
1217 2737 1262 2764 τὸν
1276 2737 1382 2773 πατέρα
1398 2738 1500 2767 αὐτῶν.

1129 2782 1202 2818 ρλς¹.
1218 2783 1286 2818 Περὶ
1302 2784 1351 2819 τῆς
1367 2785 1407 2815 είς
1425 2784 1564 2819 Αἴγυπτον
1579 2785 1758 2817 κατασάσεως
1769 2785 1817 2812 τοῦ
1831 2786 1883 2813 Ἰα⁴

1093 2827 1152 2854 κὰδ
1163 2829 1193 2854 ὲν
1206 2825 1224 2864 ᾗ
1240 2829 1365 2864 πέμπτος
1386 2830 1579 2865 χρηματισμὸς
1593 2831 1700 2864 ἐγένετο
1713 2832 1782 2866 πρὸς
1801 2831 1882 2858 αὑτὸν

1094 2875 1123 2901 ὲν
1133 2875 1254 2910 ὁράματι
1263 2876 1314 2911 τῆς
1328 2877 1425 2909 νυκτὸς
1435 2877 1463 2904 ἑν
1474 2876 1513 2912 τῷ
1525 2877 1624 2912 φρέατι
1635 2877 1680 2904 τοῦ
1693 2877 1809 2912 Ὃρκου.
