2082 3157
214 196 282 229 1049

706 200 944 231 OCTATEUCIII
967 201 1110 232 DIVISIO
1131 203 1172 232 IN
1188 202 1334 232 CAPITA.

1769 201 1836 234 1050

211 251 342 279 Λευῖτῶν.
359 252 426 288 Περὶ
454 253 499 280 τοῦ
524 254 683 289 γογγυσμοῦ
706 255 761 282 τῶν
785 253 852 282 υἱῶν
879 255 992 292 Ἰσραήλ.

1051 258 1266 286 murmuratione
1296 258 1414 286 tiliorum
1439 257 1532 285 Israel.
1549 257 1586 285 De
1613 257 1835 292 concupiscentia

211 297 280 331 Περὶ
293 298 343 332 τῆς
355 297 502 332 ἐπιθυμίας
520 298 575 326 τῶν
590 299 690 335 κρεῶν.
702 300 771 335 Περὶ
784 302 832 335 τῆς
842 302 998 337 ὀρτυγομή-

209 351 289 378 τρας.
304 343 371 377 Περὶ
392 343 502 379 Μαρίας
516 344 564 371 καὶ
584 345 689 380 Ἀαρὼν
711 345 902 380 γογγυζόντων
927 347 998 374 κατὰ

210 387 326 423 Μωῡσῆ.
343 388 403 415 Ὀτι
417 389 508 424 Αὑσῆς
523 391 624 425 ἤκουεν
647 392 744 427 πρώην
761 392 864 427 Ἰησοῦς
879 394 892 419 ὁ
906 393 997 428 Ναυή.

210 434 279 469 Περὶ
298 434 345 461 τοῦ
375 435 534 470 εὑρεθέντος
558 437 732 471 συλλέγοντος
753 438 830 471 ξύλα.
856 438 924 474 Περὶ
943 438 998 466 τῶν

210 480 384 515 κρασπέδων.
404 482 472 516 Περὶ
493 483 581 508 Δαθὰν
596 483 642 509 καὶ
655 483 797 519 ,Ἀ6ηρὼν.
816 485 883 519 Περὶ
913 485 998 511 ἁπτο-

211 527 300 561 μένων
315 527 424 562 νεκροῦ.
442 528 560 564 Τελευτὴ
583 529 709 565 Μαριάμ.
725 530 793 564 Περὶ
810 530 860 565 τῆς
881 531 997 566 πέτρας,

210 571 328 607 Τελευτὴ
349 571 465 608 ’Δαρών.
492 573 559 608 Περὶ
582 573 629 600 τοῦ
650 573 749 609 χαλκοῦ
774 574 872 609 ὄφεως.
901 573 998 610 ’ᾼσμα

209 616 332 652 Ἰσραήλ.
353 617 421 652 Περὶ
437 617 484 644 τοῦ
501 618 624 652 μάντεως
642 619 767 654 Βαλαάμ.
783 620 852 654 Περὶ
871 620 920 654 τῆς
935 620 997 647 ὄνου

209 663 258 697 τῆς
271 662 436 697 λαλησάσης.
460 663 527 698 Περὶ
545 663 591 690 τοῦ
616 664 697 700 ζήλου
721 665 825 697 Φινεές.
843 666 998 701 Παράταξις

210 707 319 743 Ἰσραὴλ
339 708 406 743 πρὸς
421 708 534 743 Μαδιάμ
551 710 598 736 καὶ
611 710 724 746 ἐκλογή.
742 711 810 746 Περὶ
831 711 879 746 τῆς
893 712 998 748 ’Λαρὼν

208 752 337 789 τελευτῆς
353 754 382 780 ὲν
397 754 447 789 μιᾷ
459 754 504 780 τοῦ
516 754 687 789 Αὐγούστου.

438 817 739 847 ΔΕΥΤΕΡΟΝΟΜΙΟΝ.

244 868 284 895 Τὰ
298 869 396 904 οιμιτὰ
406 871 504 906 κτήνη.
520 871 560 898 Τὰ
575 872 706 906 ἀθέμιτα.
721 873 788 910 Περὶ
803 874 912 909 ἰχθύων.
931 876 999 912 Περὶ

1048 302 1182 329 carnium.
1199 302 1235 329 De
1250 302 1400 330 coturnice.
1413 301 1452 329 De
1466 301 1551 329 Maria
1567 306 1594 328 et
1607 301 1699 329 Aaron
1710 309 1835 329 murmu-

1049 348 1174 376 ranlibus
1189 352 1286 375 contra
1298 347 1417 383 Moysen.
1431 347 1509 380 Quod
1521 346 1574 375 0se
1592 347 1741 375 vocabatur
1749 355 1836 381 nuper

1038 393 1130 422 'Josue
1149 394 1222 421 ﬁlius
1237 393 1320 420 Nave.
1347 393 1384 421 De
1411 394 1521 421 invento
1554 394 1665 421 homine
1691 394 1836 429 colligente

1048 438 1131 474 ligno.
1151 438 1188 466 De
1212 439 1339 466 ﬁmbriis.
1354 438 1391 466 De
1416 438 1521 466 Dathan
1547 443 1574 466 et
1585 439 1698 467 Abiron.
1727 439 1765 467 De
1776 443 1836 467 tan-

1047 484 1173 518 gentibus
1191 490 1339 512 mortuum.
1364 484 1436 511 Mors
1466 484 1565 511 Mariae.
1585 484 1622 512 De
1651 489 1735 519 petra.
1762 484 1836 513 Mors

1049 531 1152 558 Aaron.
1169 529 1206 557 De
1216 536 1342 564 serpente
1353 537 1439 558 aeneo.
1449 530 1590 557 Canticum
1600 529 1691 558 Israel.
1702 530 1739 558 De
1749 531 1836 558 ariolo

1048 575 1167 603 Balaam.
1186 576 1222 603 De
1237 576 1314 603 asina
1330 576 1431 603 locuta.
1450 576 1486 602 De
1501 576 1559 603 zelo
1573 575 1699 608 Phinees,
1711 576 1835 603 recensio

1047 621 1130 649 Israel
1149 621 1226 656 juxta
1249 621 1368 656 Madian,
1382 625 1410 649 et
1433 622 1555 650 selectio.
1580 621 1618 650 De
1633 626 1723 650 morte
1741 622 1832 650 Aaron

1049 668 1135 702 prima
1151 667 1195 696 die
1206 666 1332 702 Augusti.

1297 820 1606 850 DEUTERONOMIUM.

1084 875 1192 910 Legalia
1205 882 1313 910 pecora.
1326 874 1455 910 Illegalia.
1474 875 1510 902 De
1518 875 1650 910 piscibus.
1663 875 1700 902 De
1714 875 1834 902 volucri-

209 915 351 961 τιετέινῷν.
369 916 418 942 Διὰ
431 917 457 943 τι
474 916 566 952 ἄζυμα
582 917 709 953 ὥρισται.
726 920 851 954 Εὐλογία.
867 921 992 956 Κατάρα.

1048 921 1108 948 bus.
1138 921 1194 947 Cur
1230 927 1325 955 azyma
1362 921 1521 955 praescripta
1565 926 1639 949 sunt.
1666 921 1832 948 Benedictio.

214 960 276 995 ᾮδὴ
288 960 311 995 β’
321 962 472 994 Μωῡσέως.
489 962 606 998 Εὐλογεα
615 964 768 997 Μωῡσέως.
779 965 845 1001 Ἐτη
858 967 992 1000 Μωῡσέως

1049 966 1209 993 Maledictio.
1221 965 1365 993 Canticum
1381 967 1530 993 secundum
1548 966 1659 1000 Moysis.
1678 967 1834 994 Benedictio

208 1005 232 1041 ρ’
247 1006 294 1033 καὶ
308 1005 344 1033 κ’.
1046 1011 1158 1047 Moysis.
1174 1011 1244 1038 Anni
1261 1010 1361 1046 Moysis
1376 1017 1484 1039 centum
1496 1016 1523 1038 et
1539 1011 1645 1046 viginti.

466 1063 592 1091 ΙΗΣΟΥΣ
606 1065 626 1091 Ο
642 1065 750 1093 ΝΑΥΗ.

1264 1065 1371 1094 IOSUE
1385 1065 1495 1093 FILIUS
1519 1065 1623 1093 NAVE.

241 1124 311 1159 Περὶ
331 1124 416 1152 Ῥαὰὸ
428 1127 478 1161 τῆς
497 1127 610 1163 πόρνης.
630 1129 697 1164 Περὶ
716 1129 764 1164 τῆς
778 1130 930 1162 διαϐάσεως
946 1130 992 1166 τῆς

1083 1130 1121 1158 De
1133 1130 1210 1157 Raab
1228 1129 1382 1156 meretrice.
1399 1129 1438 1156 De
1453 1129 1567 1156 transitu
1579 1136 1648 1156 arcze
1656 1135 1704 1163 per
1721 1127 1832 1155 ﬂuvium

207 1170 324 1196 κιϐωτοῦ
340 1171 370 1197 ὲν
379 1170 418 1206 τῷ
436 1171 556 1208 Ἰορδάνῃ
570 1173 694 1209 ποταμῷ.
713 1174 781 1209 Περὶ
793 1174 846 1201 τῶν
858 1176 992 1210 πετρινων

1045 1176 1204 1203 Jordanem.
1223 1175 1260 1202 De
1277 1175 1392 1209 lapideis
1402 1174 1509 1202 cultris.
1534 1173 1570 1200 De
1581 1177 1728 1208 apparente
1751 1172 1834 1200 Josuc

208 1216 361 1251 μαχαιρῶν.
389 1216 456 1251 Περὶ
469 1217 516 1244 τοῦ
533 1217 663 1252 ὀφθέντος
676 1219 715 1253 τῷ
738 1219 825 1254 Ἰησοῦ
839 1221 867 1246 ἐν
887 1220 992 1256 Ἰεριχὼ

1045 1222 1209 1258 archangelo
1245 1221 1270 1248 in
1293 1220 1412 1249 Iericho.
1449 1220 1486 1247 De
1508 1220 1594 1248 muris
1617 1219 1736 1252 Iericho,
1761 1224 1787 1246 et
1799 1220 1832 1247 de

205 1261 390 1295 ἀρχαγγέλου.
416 1262 486 1298 Περὶ
511 1263 565 1289 τῶν
587 1263 685 1298 τειχῶν
715 1264 837 1299 Ἰεριχὼ,
860 1266 908 1292 καὶ
930 1266 992 1301 περὶ

1046 1268 1121 1295 Ilaah
1137 1267 1292 1295 meretrice.
1311 1267 1348 1294 De
1361 1266 1434 1293 l'urto
1445 1266 1543 1293 Achar.
1557 1266 1594 1292 De
1609 1265 1670 1293 Gai.
1687 1265 1724 1292 De
1738 1265 1834 1292 fraudo

212 1305 296 1332 Ῥαὰὸ
312 1306 363 1341 τῆς
376 1307 489 1343 πόρνης.
506 1308 574 1343 Περὶ
586 1309 633 1335 τοῦ
644 1310 794 1345 νοσφισμοῦ
811 1311 908 1346 Ἀχαρ.
927 1312 995 1347 Περὶ

205 1352 254 1386 τῆς
272 1351 332 1379 Γαϊ.
363 1352 432 1387 Περὶ
456 1353 506 1387 τῆς
531 1354 699 1389 πανουργίας
721 1355 777 1382 τῶν
800 1356 991 1384 Γαϐαωνιτῶν.

205 1397 273 1432 Περὶ
294 1397 349 1424 τῶν
378 1398 459 1424 πέντε
485 1399 618 1433 βασιλέων
642 1400 697 1427 τῶν
727 1401 906 1429 Ἰεϐουσαίων.
928 1403 992 1430 Ὀτε

205 1443 271 1478 ἔστη
287 1444 301 1470 ὁ
314 1443 389 1479 ἥλιος
413 1444 459 1471 καὶ
474 1445 490 1479 ή
507 1445 607 1481 σελήνη
625 1447 672 1473 ἐπὶ
693 1447 792 1482 Ἰησοῦ.
811 1449 878 1483 Περὶ
897 1448 989 1474 Ἰαὸιν.

1042 1313 1269 1342 Gabaonitarum.
1293 1313 1329 1340 De
1346 1313 1467 1347 quinque
1495 1312 1604 1345 regibus
1628 1311 1831 1339 Jebuszeorum.

1042 1359 1158 1392 Quando
1176 1358 1253 1385 stetit
1281 1358 1361 1385 solet
1385 1357 1447 1384 luna
1468 1357 1546 1392 jussu
1573 1356 1665 1384 Iosue.
1679 1355 1715 1383 De
1741 1355 1831 1383 .Iuhin.

1041 1402 1118 1435 Quod
1137 1401 1245 1429 Balaam
1265 1402 1365 1428 occidit.
1379 1401 1471 1429 Israel.
1505 1401 1542 1428 De
1569 1401 1659 1434 altari,
1699 1401 1772 1437 quod
1785 1408 1832 1428 ex-

1040 1451 1200 1475 struxerunt
1216 1446 1262 1474 lilii
1274 1446 1330 1474 Gud
1346 1451 1374 1474 et
1394 1447 1439 1473 lilii
1460 1446 1566 1474 Ruben.

206 1491 267 1518 Ὀτι
286 1491 332 1518 τδν
352 1492 467 1528 Βαλαὰμ
497 1494 659 1520 ἀπέκτεινεν
694 1494 815 1530 Ἰσραήλ.
851 1495 922 1531 Περὶ
945 1495 992 1522 τοῦ
1010 1494 1103 1531 βωμοῦ
1125 1489 1156 1520 οῦ
1171 1493 1303 1528 ἐποίησαν
1325 1493 1350 1519 οἱ
1383 1492 1436 1518 υἱοὶ
1463 1492 1532 1524 Γὰδ,
1550 1491 1598 1519 καὶ
1620 1492 1645 1518 oi
1673 1491 1727 1518 υἱοὶ
1756 1491 1832 1517 Ῥου-

205 1537 258 1564 ὃὶν.

532 1594 662 1622 ΚΡΙΤΔῐ.

240 1657 308 1693 Περὶ
324 1657 370 1685 τοῦ
396 1657 584 1693 κλαυθμῶνος.
602 1658 669 1693 Περὶ
685 1657 806 1690 δουλείας
828 1658 936 1694 Ἰσραὴλ
952 1658 991 1694 τῷ

204 1703 418 1738 Χουσαρσαθών.
436 1705 503 1739 Περλ¹
524 1704 644 1735 δουλείας
672 1703 780 1739 Ἰσραὴλ
803 1703 842 1739 τῷ
870 1705 989 1738 Αιγλών.

205 1750 272 1785 Περὶ
294 1749 372 1777 ’Δώδ.
395 1750 462 1786 Περὶ
477 1750 632 1785 Δεὸδώρας.
648 1750 716 1786 Περὶ
734 1750 781 1776 τοῦ
795 1750 945 1783 πασσάλου,
962 1751 991 1777 ἐν

203 1790 226 1827 ᾧ
242 1793 404 1828 πιφόνευται
425 1794 540 1829 Σισάρα.
564 1793 627 1829 ᾪδὴ
647 1793 856 1829 εύχαριστήριος
884 1791 992 1820 A5666-

205 1848 255 1875 ρας
269 1839 317 1866 καὶ
334 1839 439 1875 Βαράκ.
466 1840 533 1875 Περὶ
555 1839 678 1874 Μαδιάμ.
703 1839 771 1874 Περὶ
793 1837 907 1865 Γεδεών.
923 1837 991 1873 Περὶ.

203 1885 251 1912 τοῦ
274 1885 358 1911 πόκου
382 1884 497 1912 Γεδεών.
518 1885 581 1911 Ὅτι
603 1885 651 1911 καὶ
682 1883 823 1919 Ἰεροὸάαλ
847 1884 991 1919 ἢκουσενὸ

203 1931 317 1959 Γεδεών.
335 1931 458 1967 ὐραμα.
480 1931 574 1963 Λύσις.
590 1932 658 1967 Περὶ
680 1931 764 1958 Ζεὸεὲ
779 1931 828 1958 καὶ
849 1931 990 1965 Σαλμανά.

203 1975 323 2010 Τελευτὴ
339 1975 451 2002 Γεδεών.
463 1975 530 2010 Περὶ
550 1975 706 2009 Ἀϐιμέλεχ.
721 1974 879 2009 Παραϐολή.
896 1975 992 2006 Ὅπως

204 2021 356 2055 πεφόνευκε
364 2020 434 2056 γυνὴ
449 2020 572 2055 κόμματι
587 2019 672 2055 μύλου
687 2020 733 2046 τὸν
752 2019 908 2054 Ἀϐιμέλεχ.
923 2019 991 2054 Περὶ

203 2067 293 2094 Θωλά.
310 2067 379 2101 Περὶ
394 2066 473 2101 Ἰαῒρ.
486 2067 553 2101 Περὶ
569 2066 684 2100 Ἰεφθάε.
697 2065 765 2100 Περὶ
781 2065 908 2092 “Εσε6ών.
923 2064 992 2099 Περὶ

210 2111 308 2147 Ἐδώμ.
333 2112 401 2147 Περὶ
424 2111 546 2139 Δαὸδών.
564 2111 632 2147 Περὶ
646 2111 755 2138 Μανωέ.
773 2111 840 2146 Περὶ
860 2109 990 2145 Σαμψών.

204 2158 274 2193 Περὶ
289 2158 336 2184 τοῦ
359 2157 477 2189 λέοντος.
496 2157 565 2193 Περὶ
588 2157 644 2184 τῶν
667 2157 825 2189 ἀλωπέκων,
843 2156 872 2183 ὲν
886 2154 931 2187 αἷς
950 2155 992 2182 ἐν·

204 2204 309 2240 ἐπρησε
322 2204 356 2231 τὰ
371 2204 517 2239 δράγματα
534 2203 588 2230 τῶν
604 2203 760 2238 ἀλλοφύλων
774 2203 904 2238 Σαμψών.
923 2204 991 2238 Περὶ

203 2252 252 2285 τῆς
279 2251 403 2284 σιαγόνος
424 2251 453 2276 ὲν
475 2247 491 2287 ᾖ
525 2249 659 2280 ἐπάταξεν
689 2258 714 2282 ,α
737 2249 846 2284 ἄνδρας.
872 2247 992 2283 Τελευτὴ

205 2295 333 2330 Σαμψών.
353 2297 422 2332 Περὶ
438 2296 577 2332 Σεμέγαρ.
595 2295 662 2330 Περὶ
676 2294 763 2330 Μιχά.

1370 1591 1520 1620 .IUDICES.

1078 1659 1116 1687 De
1132 1658 1194 1686 loco
1219 1657 1310 1685 ﬂetus.
1328 1656 1364 1684 De
1376 1656 1507 1684 servitute
1523 1654 1606 1682 Israel
1629 1655 1681 1682 sub
1702 1654 1834 1682 Cusarsa-

1041 1706 1118 1733 thon.
1136 1705 1174 1732 De
1204 1704 1334 1732 servitute
1349 1702 1433 1729 israel
1451 1702 1502 1729 sub
1519 1701 1628 1736 digitm.
1652 1701 1689 1727 De
1704 1700 1772 1727 Aod.
1796 1699 1834 1727 De

1042 1751 1158 1779 Debora.
1173 1749 1221 1784 :De
1236 1750 1314 1777 clavo
1333 1756 1450 1783 quocum
1464 1747 1573 1775 occisus
1586 1750 1628 1773 est
1640 1746 1743 1773 Sisara.
1759 1745 1833 1772 Cau-

1041 1797 1126 1824 ticum
1149 1795 1297 1831 gratiarum
1328 1795 1441 1821 Deborie
1469 1799 1496 1820 et
1520 1792 1635 1820 Barach.
1656 1792 1692 1818 De
1716 1791 1833 1818 Madian.

1044 1841 1080 1869 De
1107 1841 1228 1869 (iedeou.
1257 1840 1294 1867 De
1325 1840 1426 1867 vellere
1458 1838 1578 1866 Gedeou.
1601 1837 1678 1871 Quod
1707 1836 1834 1864 Jerobaal

1045 1887 1127 1915 etiam
1147 1887 1295 1914 vocabatur
1314 1885 1435 1913 Gedeon.
1461 1884 1544 1912 Visio.
1563 1882 1763 1917 Iuterpretatio.
1796 1882 1834 1909 De

1041 1932 1128 1960 Zehee
1155 1936 1182 1959 et
1195 1932 1332 1958 Salmana.
1350 1930 1423 1957 Mors
1451 1930 1570 1957 Gedeon.
1599 1928 1635 1955 De
1661 1927 1829 1954 Abimelech.

1042 1977 1184 2004 Parabola.
1201 1976 1344 2008 Quomodo
1363 1975 1464 2002 occidit
1485 1974 1584 2001 mulier
1604 1972 1760 2000 Abimelech
1776 1971 1833 1999 fra—

1042 2025 1154 2056 gmento
1170 2021 1258 2047 molae.
1280 2020 1317 2046 De
1330 2018 1427 2046 Thola.
1447 2018 1484 2045 De
1514 2017 1581 2045 Jair.
1613 2016 1650 2043 De
1662 2016 1767 2050 Iephte.
1796 2014 1833 2042 De

1042 2066 1159 2093 Esebon.
1176 2065 1214 2093 De
1249 2065 1345 2092 Edom.
1372 2064 1408 2091 De
1441 2063 1566 2090 Labdon.
1598 2062 1635 2089 De
1658 2061 1766 2089 Manoe.
1794 2060 1834 2087 De

1044 2112 1172 2139 Samson.
1193 2111 1228 2138 De
1241 2111 1330 2137 leone.
1343 2109 1379 2136 De
1393 2110 1519 2144 vulpibus
1539 2108 1702 2144 quibuscum
1725 2113 1833 2133 erunta-

1042 2157 1082 2184 vit
1095 2156 1213 2185 Samson
1230 2157 1321 2191 spicas
1334 2155 1560 2190 alienigenarum.
1580 2154 1616 2181 De
1630 2153 1739 2180 maxilla
1767 2159 1834 2187 qna-

1043 2211 1104 2231 cum
1119 2204 1248 2230 mactavit
1260 2203 1334 2230 mille
1348 2203 1433 2230 viros.
1450 2200 1524 2230 Mors
1542 2201 1668 2229 Samson.
1699 2198 1736 2226 De
1753 2197 1832 2225 Sem-

1008 2276 1031 2304 Β
1045 2257 1103 2285 gar.
1120 2249 1158 2277 De
1172 2249 1271 2277 Micha.

964 2340 1066 2368 PUTG.

809 2399 907 2436 (Nulla
934 2401 1096 2428 adnotantur
1110 2400 1222 2434 capita.)

473 2468 654 2496 ΒΛΣΙΛΕΙΩΝ
673 2468 714 2496 A'.

239 2531 380 2568 Προστυχὴ
406 2531 515 2567 ’Δννης.
542 2532 604 2567 ᾮδὴ
620 2533 732 2566 Ἀννης.
755 2531 825 2566 Περὶ
849 2531 904 2558 τῶν
924 2530 991 2558 υἱῶν

210 2579 280 2605 Ἠλὶ.
296 2578 363 2614 Περὶ
377 2578 428 2613 τῆς
446 2578 587 2610 νουθεσίας
604 2578 673 2606 Ἦλι.
694 2578 762 2613 Περὶ
777 2577 828 2612 τῆς
843 2577 992 2612 γενομένης

203 2625 271 2661 πρὸς
288 2624 415 2660 Σαμουὴλ
432 2625 536 2659 φωνῆς.
553 2625 622 2659 Περὶ
646 2625 695 2659 τῆς
719 2623 854 2655 κιϐωτοῦ,
877 2624 926 2649 καὶ
943 2622 990 2649 τοῦ

204 2670 318 2697 θανάτου
335 2669 389 2696 τῶν
413 2669 435 2704 β’
457 2670 523 2696 υἱῶν
547 2669 616 2696 Ἦλί.
638 2669 708 2704 Περὶ
722 2669 770 2696 τοῦ
795 2669 889 2700 τέλους
918 2667 989 2695 Ἦλί.

203 2716 272 2750 Περὶ
283 2716 332 2750 τῆς
346 2716 431 2751 ἣττης
448 2716 502 2743 τῶν
520 2715 685 2751 ἀλλοφύλων.
704 2715 771 2750 Περὶ
786 2714 841 2742 τῶν
858 2714 924 2741 υιῶν
937 2715 990 2741 Σα-

205 2762 302 2796 μουήλ.
327 2761 394 2797 Περὶ
407 2762 455 2788 τοῦ
476 2761 583 2797 Ἰσραὴλ
605 2761 752 2788 αἰτούντων
781 2760 902 2796 βασιλέα.
921 2760 991 2796 Περὶ

202 2803 240 2833 ὧν
254 2807 454 2843 διεμαρτύρατο
461 2807 588 2842 Σαμουὴλ
601 2808 658 2839 τοῖς
668 2807 736 2838 υἱοῖς
744 2806 864 2842 Ἰσραὴλ,
877 2805 990 2841 ζητοῦσι

204 2853 269 2887 παρ’
280 2853 362 2880 αὑτοῦ
375 2853 498 2888 βασιλέα.
510 2854 577 2888 Περὶ
589 2853 674 2880 Σαοὺλ
685 2852 708 2879 α’
717 2852 849 2888 βασιλέως
869 2851 988 2887 Ἰσραήλ.

203 2900 272 2933 Περὶ
293 2901 342 2935 τῆς
366 2901 436 2935 ἀρᾶς
465 2898 498 2936 ἧς
516 2900 639 2936 ἠράσατο
662 2900 748 2927 Σαοὺλ
774 2900 813 2935 τῷ
828 2899 896 2935 λαῷ.
923 2899 987 2926 "Ore

1336 2464 1528 2494 REGNORUM
1543 2464 1565 2494 I.

1074 2532 1168 2561 Oratio
1182 2531 1279 2559 Annae.
1292 2530 1435 2559 Canticum
1459 2531 1556 2558 Annae.
1580 2529 1618 2557 De
1635 2528 1697 2556 ﬁliis
1712 2527 1782 2556 IIeli.
1797 2527 1833 2555 De

1042 2578 1228 2606 admonitione
1241 2577 1312 2604 Heli.
1322 2576 1360 2604 De
1369 2576 1438 2604 facta
1449 2583 1514 2603 voce
1528 2576 1561 2603 ad
1573 2574 1693 2603 Samuel.
1709 2573 1745 2600 De
1756 2581 1831 2604 arca.

1041 2629 1069 2652 et
1084 2628 1171 2651 morte
1191 2623 1307 2650 duorum
1337 2622 1455 2650 ﬁliorum
1471 2621 1541 2649 Heli.
1562 2621 1600 2648 De
1630 2621 1682 2647 line
1708 2619 1778 2646 Ileii.
1795 2618 1832 2646 De

1047 2668 1233 2697 humiliatione
1249 2667 1472 2702 alienigenarum.
1502 2666 1539 2694 De
1566 2665 1628 2693 llliis
1656 2664 1777 2692 Samuel.
1795 2663 1832 2690 De

1047 2716 1110 2743 ﬁliis
1124 2715 1207 2742 ISrael
1219 2714 1374 2749 petentibus
1392 2720 1493 2748 regem.
1512 2712 1548 2739 De
1562 2712 1605 2739 his
1620 2719 1680 2746 quae
1694 2714 1831 2738 contesta-

1046 2766 1091 2788 tus
1102 2765 1143 2788 cst
1157 2760 1268 2788 Samuel
1282 2759 1345 2787 (iliis
1370 2758 1453 2786 Israel
1469 2758 1504 2785 ab
1516 2765 1550 2785 eo
1562 2764 1651 2792 regem
1666 2756 1830 2791 petentibus.

1045 2806 1084 2834 De
1096 2805 1161 2833 Saul
1178 2805 1266 2841 primo
1283 2812 1345 2839 rege
1369 2803 1463 2831 Israel.
1472 2803 1509 2831 De
1532 2802 1720 2830 maledictione
1733 2808 1786 2836 qua
1802 2808 1831 2828 se

1045 2852 1193 2880 obstrinxit
1209 2851 1274 2879 Saul
1297 2857 1390 2878 coram
1415 2848 1524 2884 populo.
1553 2848 1668 2881 Quando
1695 2846 1830 2874 recensuit

1044 2899 1108 2928 Saul
1116 2899 1150 2928 ad
1161 2891 1280 2927 Ainalec.
1290 2897 1327 2926 De
1339 2896 1419 2925 David
1427 2895 1482 2924 lilio
1496 2894 1581 2923 Jcsm.
1598 2895 1634 2923 De
1644 2893 1750 2922 Goliath
1763 2893 1829 2921 alie-
