2082 3157
243 151 309 184 1‘51

595 155 789 186 OPUSCULA
806 155 1121 188 SCRII’TURISTICA
1144 159 1317 189 INCERTrE
1335 159 1493 190 ETATIS.

1797 161 1866 194 1052

242 208 349 243 nigcna.
365 208 401 236 De
413 208 508 236 Nabal.
528 209 564 237 Dc
577 211 682 246 Ahigai.
696 212 731 238 Dc
743 211 842 238 Saulct
858 212 1026 246 pythonissa.

1083 214 1253 249 παρετάξατο
1269 215 1356 241 Σαοὺλ
1372 215 1443 249 πρὸς
1463 215 1600 251 Ἀμαλήκ.
1627 216 1695 251 Περὶ
1711 217 1793 243 Δαόὶδ
1805 217 1865 244 υἱοῦ

243 253 280 280 De
299 254 467 281 Amalecitis.
485 256 520 282 Dc
535 255 599 282 Sani
615 261 641 283 ct
660 261 752 283 monte
773 256 883 284 Gclboe.

1088 259 1197 287 Ἰεσσαί.
1216 261 1283 296 Περὶ
1306 261 1402 288 Γολιὰο
1428 260 1475 287 τοῦ
1489 261 1649 295 ἀλλοφύλου.
1666 262 1733 297 Περὶ
1759 263 1864 290 Νὰἧαλ.

243 298 310 332 Περὶ
329 299 481 333 ’Λσιγαίας.
496 301 563 335 Περὶ
574 301 660 328 Σαοὺλ
671 302 718 328 καὶ
729 302 780 336 τῆς
793 303 1024 338 ὲγγαστριμύϐου.
1046 305 1114 340 Περὶ
1130 306 1185 332 τῶν
1214 306 1414 342 Ἀμαληκιτῶν.
1445 307 1512 342 Περὶ
1544 307 1632 333 Σαοὺλ
1655 307 1703 334 καὶ
1717 308 1764 335 τοῦ
1784 308 1866 339 ὃοους

244 345 368 372 Γελϐουὲ.

516 401 705 430 DEGNOBUM
722 403 754 431 Il.

278 455 404 484 Planctus
421 457 502 484 David
519 466 601 492 super
616 458 679 485 Saul
693 464 719 485 ct
741 459 897 489 Ionatham.
916 462 981 494 Qua:
997 463 1029 490 ad

242 501 311 527 Jnab
337 505 363 528 ct
389 502 480 528 Ahncr
506 508 641 536 spectant.
672 504 801 533 Planctus
842 507 924 534 David
949 516 1032 542 super

242 547 342 574 Ahncr.
357 548 393 575 De
405 549 595 577 occidentibus
619 551 740 578 Ishoscth
767 552 793 578 in
815 552 884 579 lecto
909 554 977 588 cjns.
996 554 1031 581 De

243 600 305 619 arca
334 592 450 624 Domini.
467 599 494 621 et
511 595 544 622 de
561 594 657 623 Ozath.
673 596 710 623 De
731 597 854 625 Melchol.
881 599 917 625 De
943 600 1027 626 verbo

244 637 349 665 Domini
366 639 397 665 ad
417 639 533 668 Nathan.
558 641 652 668 Oratio
667 642 759 669 David.
778 643 815 669 De
843 643 974 672 Adrazar.
992 645 1029 673 De

243 682 434 717 Miphibozeth.
477 686 513 712 De
536 685 646 713 Annon.
685 688 749 720 Quae
782 688 815 714 ad
845 688 980 717 Bersabee
1002 696 1029 717 ct

246 726 337 755 Uriam
357 735 491 764 spcclant.
517 730 553 757 De
568 730 674 758 Nathan
691 738 838 760 accusante
853 733 945 764 David.
960 736 1030 762 etde

245 773 327 800 minis
347 772 393 800 Dui
418 775 557 808 parabola.
582 774 649 808 Qua:
675 776 708 803 ad
723 777 830 803 Amnon
856 783 882 804 et
912 777 1031 806 Thamar

244 823 376 852 spectant.
392 820 456 852 Quae
471 820 505 847 ad
519 820 645 848 Absalom
657 826 684 849 et
695 823 800 850 Amnon
816 829 949 857 spectant.
964 825 1031 857 Qua:

243 864 278 891 ad
295 865 436 892 mulierem
453 866 640 894 Thecuitidcm
660 871 796 902 spectant.
819 869 855 896 De
876 870 1030 904 pulchritu-

1351 409 1533 436 ΒΑΣΙΛΕΙΩΝ
1548 409 1585 437 Β’.

1115 465 1221 500 Θρῆνος
1237 464 1319 491 Δαὸἶδ
1342 465 1387 491 ἐπὶ
1405 465 1491 492 Σαοὺλ
1518 467 1564 492 καὶ
1592 465 1728 493 Ἰωνὰοαν.
1745 466 1784 492 Τὰ
1801 467 1866 501 περὶ

1088 510 1166 537 ’Ῑωὰϐ
1182 511 1229 536 καὶ
1260 511 1402 546 ’Ᾱὸεννήρ.
1421 511 1525 546 Θρῆνο;
1546 511 1628 538 Δαϐὶδ
1649 511 1695 538 ἐπὶ
1722 512 1866 548 Ἀϐεννήρ.

1083 556 1148 591 Περὶ
1160 555 1214 582 τῶν
1229 557 1450 584 ἀποκτεινάντων
1469 557 1584 584 Ἰεϐοσθὲ
1600 558 1646 584 ἐπὶ
1660 557 1754 592 κλίνης
1771 558 1865 586 αὐτοῦ.

1082 602 1150 635 Περὶ
1168 601 1217 635 τῆς
1238 601 1356 628 κιϐωτοῦ
1383 602 1498 636 Κυρίου,
1524 602 1650 638 καὶπερὶ
1677 603 1768 634 Ὀζσὶο.
1797 604 1866 638 Περὶ

1082 645 1198 680 Μελχόλ.
1218 646 1286 681 Περὶ
1301 645 1347 673 τοῦ
1360 647 1482 682 ῥήματος
1499 647 1602 682 Κυρίου
1618 647 1666 675 τοῦ
1680 648 1748 683 πρὸς
1763 649 1867 676 Ναϐὰν.

1084 692 1224 726 Προσευχὴ
1237 691 1327 718 Δαῦίδ.
1343 691 1412 727 Περὶ
1431 692 1576 728 Ἀδραζάρ.
1594 693 1662 728 Περὶ
1679 694 1867 728 Μεμφιῦοσθέ.

1086 738 1152 772 Περὶ
1176 738 1286 764 ⁹Ᾱννών.
1308 738 1349 764 Τὰ
1378 739 1442 773 περὶ
1457 739 1592 774 Βερσαὸεὲ
1608 740 1654 766 καὶ
1669 740 1781 774 Οὐρίαν.
1800 740 1869 775 Περὶ

1085 782 1179 808 Ναϐὰν
1195 782 1353 816 ἐλέγχοντος
1367 782 1413 808 τὸν
1426 782 1518 812 Δασὶδ,
1540 783 1588 809 καὶ
1603 783 1667 818 περὶ
1681 783 1729 817 τῆς
1741 783 1786 808 τοῦ
1802 782 1870 809 Θεοῦ

1083 828 1197 863 ἀπειλῆς
1214 829 1367 864 παραϐολή.
1383 830 1424 856 Τὰ
1439 830 1504 864 περὶ
1521 829 1627 864 Ἀμνὼν
1640 829 1687 855 καὶ
1703 829 1813 865 Θάμαρ.
1829 826 1878 856 TE

1086 874 1149 908 περὶ
1182 873 1342 909 Ἀὃεσαλὼμ
1358 874 1406 901 καὶ
1421 874 1537 908 Ἀμνὼν.
1547 875 1588 901 Τὰ
1603 875 1729 910 περὶτῆς
1741 875 1871 909 γυναικὸς

242 910 306 937 dine
320 911 461 938 Absalom.
476 912 513 939 De
528 917 619 947 segete
632 921 713 948 quam
729 914 881 942 combussit
894 917 1031 945 Absalom.

1085 920 1134 953 τῆς
1145 919 1318 951 Θεκωῖτιδος,
1333 920 1401 956 Περὶ
1417 920 1463 947 τοῦ
1477 920 1591 952 κάλλους
1614 920 1784 955 ’Δ6εσαλώμ.
1802 921 1871 956 Περὶ

243 957 280 983 De
296 957 377 983 David
397 957 516 992 fugiente
531 966 546 984 a
563 958 634 986 facie
643 959 781 986 Absalom.
803 960 841 987 De
860 960 961 989 Semci.
977 962 1034 990 Ma-

242 1002 362 1029 lcdictio.
378 1003 415 1030 De
433 1003 556 1032 consiliis
578 1004 739 1040 Achitophel
753 1005 785 1033 ad
804 1006 946 1034 Absalnm.
960 1007 1034 1035 Con-

243 1048 333 1075 silium
349 1048 446 1076 Chnsi.
461 1049 538 1076 Finis
555 1051 728 1086 Achitophel.
751 1050 788 1078 De
802 1051 873 1079 bello
893 1053 1032 1085 Ahsalom,

241 1099 269 1122 et
289 1099 373 1122 morte
387 1095 532 1129 cjus,ctdc
545 1097 673 1124 columna
700 1105 783 1132 quam
814 1098 866 1125 sibi
896 1105 1031 1126 erexerat.

242 1140 370 1168 Planctus
380 1141 473 1170 David.
483 1142 519 1169 Dc
532 1142 621 1170 Semei
637 1144 768 1171 secundo.
781 1143 818 1171 De
832 1143 1031 1178 Miphiboseth.

243 1186 281 1214 De
298 1187 391 1216 decem
408 1189 581 1216 concubinis.
603 1188 641 1216 De
656 1189 767 1217 Amasa.
789 1189 826 1217 De
859 1190 974 1217 muliere
988 1198 1033 1217 sa-

241 1233 344 1268 piente,
362 1238 389 1261 ct
423 1235 455 1262 de
474 1234 571 1262 Sabee.
600 1235 638 1263 De
666 1235 749 1263 fame.
769 1236 805 1264 De
820 1237 952 1272 petitione
979 1236 1033 1264 Ga-

241 1279 424 1308 baonitarnm.
445 1281 482 1309 De
495 1281 581 1309 Jcsbi.
597 1282 742 1310 Canticum
760 1283 853 1310 David.
871 1283 947 1311 Finis
966 1291 1033 1311 can-

243 1326 299 1354 tici.
320 1326 356 1354 Dc
377 1327 459 1355 David
475 1336 572 1363 aquam
591 1329 728 1364 cupiente.
742 1329 779 1356 De
793 1328 952 1358 fortitudine
980 1329 1031 1357 Ba-

241 1372 317 1399 naia.
336 1372 371 1400 De
397 1374 605 1402 enumeratione
632 1374 752 1402 ﬁliorum
783 1373 866 1402 Israel
907 1379 934 1402 et
950 1375 1030 1402 Juda.

242 1415 280 1443 Ex
300 1417 382 1444 Israel
398 1417 461 1450 800,
474 1418 538 1450 000,
551 1426 582 1445 ex
598 1417 667 1446 Juda
689 1418 825 1452 500,000.
850 1419 887 1446 De
899 1418 943 1447 his
971 1426 1033 1454 qua:

241 1463 310 1490 dixit
339 1462 396 1491 Gad
422 1465 515 1492 David.
549 1464 720 1500 Responsum
756 1464 850 1491 David.
881 1464 918 1492 De
946 1470 1032 1492 morte

242 1509 286 1540 70.
302 1510 354 1537 000
372 1511 503 1538 virorum.
533 1511 569 1539 De
598 1512 760 1540 Jerusalem.
779 1511 816 1539 De
840 1510 921 1538 altari
958 1511 1031 1545 quod

240 1556 375 1583 exstruxit
391 1556 484 1584 David.

1084 965 1134 1000 τῆς
1161 965 1268 1000 μερίδος
1283 963 1317 1001 ἧς
1336 966 1492 1001 ἐνέπρησεν
1515 965 1686 1001 ’Ᾱὸεσαλὼμ.
1704 967 1772 1002 Περὶ
1788 966 1872 993 Δαϐὶδ

1084 1010 1328 1045 ἀποδιδράσκοντας
1356 1010 1411 1037 ἀπὸ
1438 1010 1586 1044 προσώπου
1613 1010 1786 1046 Ἀὃεσαλώμ.
1802 1011 1870 1046 Περὶ

1085 1056 1177 1090 Σεμεῒ.
1199 1056 1275 1092 Ἆρά.
1299 1056 1366 1092 Περὶ
1382 1056 1438 1083 τῶν
1456 1057 1558 1092 βουλῶν
1581 1057 1724 1093 Ἀχιτόφελ
1736 1057 1775 1092 τῷ
1795 1057 1871 1083 ’Λόε-

1085 1101 1190 1137 σαλώμ.
1222 1102 1374 1137 Συμϐουλία
1400 1103 1495 1131 Χουσί.
1521 1104 1605 1136 Τέλος
1630 1103 1678 1130 τοῦ
1716 1104 1869 1139 Ἀχιτόφελ.

1085 1147 1152 1183 Περὶ
1168 1147 1215 1175 τοῦ
1231 1148 1349 1183 πολέμου
1371 1148 1541 1183 ’Λὸεσαλὼμ,
1557 1149 1605 1175 καὶ
1621 1149 1667 1175 τοῦ
1689 1149 1806 1176 θανάτου
1819 1149 1872 1176 αὺ-

1081 1192 1141 1223 τοῦ.
1157 1193 1204 1220 καὶ
1223 1193 1286 1227 περὶ
1304 1193 1353 1227 τῆς
1364 1194 1465 1228 στήλης
1480 1193 1562 1220 αὑτοῦ
1576 1191 1610 1229 ἧς
1626 1193 1749 1228 ἔστησεν.
1767 1194 1870 1229 Θρῆνος

1083 1238 1165 1264 Δαῆὶδ
1185 1239 1249 1273 περὶ
1273 1237 1355 1272 Σεμεϊ
1368 1239 1398 1264 τὸ
1418 1238 1555 1273 δεύτερον.
1584 1238 1653 1272 Περὶ
1677 1239 1868 1273 Μεμφιϐοσθέ.

1083 1284 1151 1318 Περὶ
1175 1283 1230 1310 τῶν
1250 1287 1265 1309 ι’
1280 1283 1436 1310 παλλακῶν.
1464 1283 1530 1318 Περὶ
1558 1284 1699 1319 Ἀμεσταί.
1731 1285 1798 1320 Περὶ
1820 1285 1869 1320 τῆς

1082 1328 1212 1363 γυναικὸς
1226 1328 1276 1363 τῆς
1290 1329 1385 1363 σοφῆς,
1395 1329 1442 1354 καὶ
1460 1337 1492 1354 πε
1498 1329 1523 1363 pl.
1535 1329 1629 1355 Σαδεέ.
1640 1329 1707 1364 Περὶ
1717 1328 1764 1356 τοῦ
1775 1329 1867 1365 λιμοῦ.

1083 1375 1151 1409 Περὶ
1166 1373 1214 1400 τοῦ
1231 1374 1383 1408 αἱτήματος
1407 1373 1462 1399 τῶν
1480 1373 1670 1400 Γαϐαωνιτῶν.
1687 1374 1754 1409 Περὶ
1776 1374 1867 1402 Ἰεσσί.

1089 1419 1152 1455 ᾩδὴ
1165 1419 1211 1446 τοῦ
1225 1419 1318 1446 Δαΰίδ.
1332 1419 1415 1449 Τέλος
1433 1419 1482 1454 τῆς
1495 1418 1577 1453 ᾠδῆς.
1594 1419 1660 1454 Περὶ
1672 1418 1723 1453 τῆς
1737 1419 1785 1445 τοῦ
1802 1418 1868 1446 ὕδα-

1081 1473 1128 1496 τος
1146 1463 1184 1499 τῷ
1197 1464 1280 1491 Δαὸὶδ
1292 1464 1450 1498 ἐπιθυμίας.
1466 1464 1534 1498 Περὶ
1548 1464 1597 1499 τῆς
1612 1465 1739 1500 ἀνδρείας
1754 1465 1868 1493 Βαναία.

1083 1510 1151 1546 Περὶ
1165 1509 1213 1544 τῆς
1238 1508 1415 1544 ἀριθμήσεως
1431 1509 1485 1535 τῶν
1499 1510 1564 1536 υἱῶν
1586 1510 1694 1545 Ἰσραὴλ
1708 1511 1754 1537 καὶ
1772 1511 1867 1539 Ἰούδα.

1088 1554 1196 1590 Ἰσραὴλ
1211 1557 1257 1586 ,ω⁷.
1277 1553 1361 1580 Ἰούδα
1381 1557 1425 1589 ςφκ
1442 1554 1510 1589 Περὶ
1519 1551 1557 1581 ὧν
1571 1551 1648 1581 εἶπεν
1657 1555 1710 1581 Γὰδ
1724 1555 1763 1590 τῷ
1775 1556 1869 1584 Δαὸἰδ.

245 1600 405 1636 ’Δπόκρισις
429 1601 520 1629 Δαϐίδ.
541 1602 609 1637 Περὶ
623 1602 670 1631 τοῦ
686 1603 804 1632 θανάτου
827 1605 884 1633 τῶν
898 1613 929 1639 ¹ο.
958 1602 1027 1638 [lupi
1051 1600 1242 1638 Ἰερουσαλήμ.
1259 1600 1328 1635 Περὶ
1358 1599 1406 1627 τοῦ
1428 1600 1634 1636 θυσιαστηρίου,
1655 1597 1686 1629 οὗ
1709 1601 1870 1638 ᾠκοδόμησε

241 1649 333 1676 Δαϐίδ.

534 1705 675 1734 REGNOR
681 1706 728 1734 ΗΜ
744 1707 787 1734 IIl.

283 1756 321 1783 De
336 1757 450 1784 Adonia.
475 1757 633 1784 Consilium
658 1757 764 1785 Nathan
777 1759 810 1787 ad
831 1759 976 1787 Bersabee.
993 1760 1030 1787 De

243 1802 390 1830 Salomone
405 1808 504 1837 quarto
523 1810 584 1838 rege
601 1803 695 1831 Israel.
717 1803 854 1839 Praecepta
879 1805 962 1832 David
997 1805 1030 1832 ad

242 1848 427 1876 Salomonan
449 1848 486 1875 De
502 1848 554 1875 fine
567 1849 660 1876 David.
682 1849 751 1876 Anni
769 1851 843 1885 regni
872 1851 965 1878 David.
993 1851 1031 1878 De

242 1894 373 1930 petitione
398 1902 479 1930 quam
494 1895 697 1930 petiitAdonias
712 1903 727 1923 a
740 1895 883 1924 Bersabee.
891 1897 934 1929 ,De
943 1901 1031 1925 morte

241 1941 365 1974 Adonim,
382 1946 409 1968 et
422 1941 456 1970 de
470 1941 612 1975 Aliiathar,
624 1947 650 1969 et
665 1941 727 1978 fuga
736 1941 814 1975 Joab,
826 1948 852 1970 rt
863 1943 922 1978 ejus
933 1949 1030 1971 morte.

242 1986 281 2013 De
293 1985 473 2015 aediﬁcatione
490 1986 615 2018 'domus,
641 1993 722 2020 quam
748 1987 894 2015 mditicavit
917 1986 1031 2014 Domino

242 2032 383 2059 Salomon.
402 2033 437 2059 De
454 2032 555 2059 Semei.
576 2032 614 2060 De
631 2032 724 2067 regina
751 2033 833 2061 Saba.
849 2033 886 2060 De
899 2033 1030 2068 prawari-

241 2080 349 2106 catione
363 2078 526 2107 Salomonis.
546 2077 583 2106 De
604 2079 690 2107 Achia
706 2079 830 2106 Silonite.
859 2080 929 2106 Anni
955 2079 1031 2114 regni

243 2125 409 2153 Salomonis.
427 2124 465 2152 De
483 2124 617 2158 Rohoam,
636 2126 731 2160 quinto
747 2133 807 2160 rege
821 2125 912 2153 lsrael.
934 2125 971 2152 De
987 2133 1032 2153 re-

242 2179 297 2206 gno
315 2170 457 2198 Jeroboam
471 2171 565 2198 famuli
586 2171 751 2202 Salomonis,
763 2171 832 2198 sexti
848 2172 919 2206 regis
937 2171 1030 2199 Israel.

241 2217 281 2244 De
297 2216 388 2245 aureis
403 2216 504 2243 vitulis.
520 2216 586 2249 Qua:
600 2217 634 2243 ad
648 2216 717 2244 duos
732 2217 877 2251 prophetas
897 2221 1030 2251 spectant.

245 2263 281 2289 De
297 2269 383 2296 puero
421 2261 578 2289 Jeroboam.
609 2261 680 2288 Anni
711 2261 786 2296 regni
808 2261 964 2289 Jcroboam.
994 2261 1032 2289 De

243 2308 342 2335 Susac.
355 2308 392 2335 De
406 2315 489 2342 regno
504 2308 567 2334 Asa.
581 2306 620 2334 De
638 2307 727 2334 Nabat
743 2312 840 2335 octavo
859 2315 921 2342 rege
934 2307 1030 2335 lsrael.

243 2353 282 2381 Dc
298 2354 383 2381 Daasa
399 2361 472 2381 nono
492 2362 555 2389 rege
574 2354 668 2382 Israel.
692 2354 730 2381 De
759 2353 806 2380 Eia
834 2353 941 2381 decimo
968 2361 1030 2389 rege
1047 2371 1068 2398 ο

243 2401 337 2428 lsrael.
351 2400 389 2427 De
400 2401 521 2433 Zambri,
537 2401 681 2428 undecimo
692 2408 754 2436 rege
766 2399 859 2428 lsrael.
876 2401 913 2427 De
924 2400 1028 2433 Achab,

243 2446 406 2474 duodecimo
421 2454 486 2481 rege
497 2446 590 2474 Israel.
602 2446 638 2474 De
652 2446 710 2473 Elia
729 2446 869 2481 propheta.
885 2445 922 2473 De
936 2446 1027 2473 vidua.

243 2493 281 2521 Dc
290 2493 344 2520 filio
359 2493 455 2520 vidum.
470 2492 506 2520 De
518 2493 659 2528 prophetis
668 2492 848 2520 confusionis.
862 2491 899 2519 De
910 2490 1029 2518 Jezabcl.

245 2537 281 2565 De
295 2537 403 2565 Eliszco.
424 2536 461 2565 De
477 2536 602 2565 Nabutha
617 2542 643 2565 et
670 2537 771 2564 Achab.
803 2536 869 2570 Qua:
891 2536 924 2564 ad
945 2537 1029 2564 tilium

243 2584 314 2612 Adcr
329 2589 355 2611 et
372 2584 465 2612 Achab
487 2588 620 2618 spectant.
646 2582 683 2610 De
707 2582 803 2611 ferreis
828 2582 968 2610 cornibus.
993 2582 1030 2609 De

244 2630 355 2658 interitu
371 2630 475 2657 Achab.
489 2629 581 2656 .loram
598 2629 762 2657 tredecimus
781 2636 828 2656 rex
845 2627 938 2656 Israel.

1360 1701 1541 1730 BAEIAEIQN
1557 1703 1594 1730 I".

1117 1757 1186 1793 Περὶ
1213 1757 1350 1784 ’Δδωνίου.
1375 1756 1531 1791 Συμσουλία
1559 1756 1699 1792 Ναθὰντῇ
1715 1757 1868 1792 Βηρσαὸεέ.

1082 1804 1151 1839 Περὶ
1167 1803 1339 1838 Σολομῶντος
1351 1803 1372 1829 δ’
1396 1802 1529 1837 βασιλέως
1552 1802 1671 1837 Ἰσραήλ.
1693 1802 1803 1838 Ἐντολὴ
1816 1803 1871 1829 Δα-

1082 1850 1125 1877 6ἶδ
1138 1850 1176 1885 τῷ
1190 1850 1353 1883 Σολομῶντι.
1371 1849 1438 1884 Περὶ
1453 1847 1500 1874 τοῦ
1517 1847 1609 1880 τέλους
1627 1847 1720 1874 Δαὸίδ.
1737 1849 1805 1882 Ἐτη
1821 1849 1871 1883 τῆς

1083 1896 1222 1931 βασιλείας
1245 1895 1338 1921 Δαϐίδ.
1363 1893 1431 1929 Περὶ
1447 1893 1494 1920 τοῦ
1521 1893 1674 1928 αὶτήματος
1702 1890 1733 1920 οὗ
1751 1894 1873 1929 ᾐτήσατο

1088 1942 1217 1974 Ἀδωνίας
1229 1942 1263 1976 τῇ
1279 1940 1430 1976 Βηρσαὸεέ.
1447 1940 1515 1976 Περὶ
1527 1940 1574 1966 τοῦ
1591 1939 1708 1967 θανάτου
1730 1941 1869 1974 Ἀδωνίαν,

1082 1989 1130 2015 καὶ
1146 1988 1210 2024 περὶ
1239 1988 1383 2023 ’Δϐιάοαρ,
1399 1988 1447 2014 καὶ
1460 1987 1525 2022 περὶ
1540 1987 1590 2022 τῆς
1605 1988 1695 2023 φυγῆς
1716 1988 1805 2020 Ὶωᾶϐ,
1823 1989 1872 2015 καὶ

1083 2033 1211 2069 περὶτοῦ
1227 2033 1345 2060 θανάτου
1370 2033 1466 2061 αὐτοῦ.
1492 2033 1560 2068 Περὶ
1586 2033 1637 2068 τῆς
1652 2033 1799 2068 οἰκοδομῆς
1822 2034 1872 2061 τοῦ

1082 2079 1169 2112 οίκου,
1183 2075 1213 2105 οὗ
1228 2079 1388 2115 ᾠκοδόμησε
1412 2079 1508 2114 Κυρίῳ
1527 2079 1663 2113 Σολομῶν.
1680 2079 1750 2114 Περὶ
1772 2079 1869 2114 Σημεῖ.

1082 2125 1152 2161 Περὶ
1176 2125 1227 2160 τῆς
1254 2125 1412 2160 βασιλίσσης
1433 2124 1516 2151 Σαδά.
1535 2124 1604 2158 Περὶ
1626 2124 1675 2159 τῆς
1698 2124 1871 2159 παρανομίας

1082 2172 1264 2207 Σολομῶντος.
1281 2173 1349 2206 Περὶ
1369 2171 1447 2206 Ἀχία
1458 2170 1506 2198 τοῦ
1522 2170 1685 2204 Σηλωνίτου.
1706 2170 1773 2206 Ἐτη
1793 2170 1871 2204 βασι-

1082 2218 1157 2250 λείας
1191 2218 1376 2252 Σολομῶντος.
1407 2218 1473 2251 Περὶ
1512 2216 1651 2251 Ῥοϐοὰμ,
1680 2215 1700 2242 ε’
1737 2215 1870 2250 βασιλέως

1089 2262 1208 2297 Ἰσραήλ.
1224 2262 1292 2297 Περὶ
1305 2263 1355 2297 τῆς
1370 2261 1509 2296 βατιλείας
1526 2261 1671 2296 Ὶεροϐοὰμ
1684 2260 1777 2287 δούλου
1791 2260 1872 2287 Σολο-

1084 2308 1199 2343 μῶντος,
1218 2307 1245 2339 ς’
1268 2307 1400 2342 βασιλέως
1421 2306 1539 2342 Ἰσραήλ.
1556 2307 1624 2342 Περὶ
1638 2308 1689 2341 τῆς
1704 2307 1809 2342 χρυσῆς
1821 2306 1871 2333 δα-

1085 2353 1202 2387 μάλεως.
1219 2351 1260 2379 Τὰ
1270 2352 1336 2388 περὶ
1350 2352 1404 2378 τῶν
1418 2351 1440 2386 β’
1455 2351 1613 2386 προφητῶν.
1631 2351 1699 2386 Περὶ
1716 2351 1763 2378 τοῦ
1775 2350 1871 2381 παιδὸς

1088 2398 1241 2434 Ἱεροϐοάμ.
1258 2398 1324 2432 Ἔτη
1351 2397 1490 2432 βασιλείας
1513 2397 1665 2432 Ἱεροὸοᾱμ.
1683 2397 1750 2432 Περὶ
1766 2397 1871 2423 Σουσα-

1081 2443 1142 2478 κίμ.
1156 2445 1223 2479 Περὶ
1239 2444 1290 2478 τῆς
1303 2443 1441 2478 βασιλείας
1463 2442 1538 2470 Ἀσά.
1557 2444 1624 2478 Περὶ
1640 2442 1735 2469 Ναῦὰτ
1752 2445 1777 2478 η’
1791 2442 1870 2477 βασι-

1081 2490 1150 2521 λέως
1169 2490 1287 2526 Ἰσραήλ.
1302 2490 1370 2525 Περὶ
1381 2489 1475 2517 Βαασὰ
1485 2489 1507 2517 θ’
1516 2488 1650 2524 βασιλέως
1671 2487 1788 2524 Ἰσραήλ.
1803 2487 1873 2523 Περὶ

1087 2537 1155 2563 Ἦλᾶ
1172 2540 1187 2563 ι’
1204 2537 1335 2571 βασιλέως
1370 2537 1488 2572 Ἰσραήλ.
1515 2536 1583 2571 Περὶ
1607 2536 1726 2571 Ζαμῦρὶ,
1744 2539 1778 2562 ια’
1794 2534 1871 2570 βασι-

1081 2582 1151 2614 λέως
1178 2582 1294 2618 Ἰσραήλ.
1318 2584 1384 2618 Περὶ
1404 2583 1516 2618 ’Λχαὲι6,
1532 2582 1567 2617 ιβ’
1585 2582 1718 2617 βασιλέως
1750 2580 1871 2616 Ἰσραήλ.

1083 2628 1151 2663 Περὶ
1173 2628 1264 2654 Ἤλιοῦ
1285 2627 1332 2654 τοῦ
1348 2630 1500 2663 προφήτου.
1525 2627 1591 2663 Περὶ
1615 2627 1665 2661 τῆς
1685 2627 1783 2661 χήρας.
1802 2625 1871 2659 Περὶ

244 2676 291 2703 τοῦ
309 2675 368 2703 υἱοῦ
383 2675 433 2711 τῆς
448 2675 546 2711 χήρας.
566 2675 635 2711 Περὶ
647 2674 701 2701 τῶν
730 2674 878 2709 προφητῶν
912 2674 961 2708 τῆς
986 2674 1130 2709 αἰσχύνης.
1151 2674 1219 2708 Περὶ
1239 2673 1367 2705 Ἰεζάϐελ.
1388 2673 1456 2708 Περὶ
1479 2673 1627 2700 Ἑλιποαιέ.
1645 2672 1713 2707 Περὶ
1728 2671 1872 2698 Ναϐουοαὶ

245 2723 292 2750 καὶ
309 2722 422 2757 Ἀχαά6.
438 2721 478 2748 Τὰ
490 2722 554 2757 περὶ
564 2721 611 2747 τοῦ
625 2720 685 2747 υἱοῦ
699 2721 780 2756 Ἄδερ
792 2719 898 2747 καὶτοῦ
917 2720 1029 2755 ’Δχαάά
1050 2721 1116 2756 Περὶ
1132 2720 1186 2747 τῶν
1212 2720 1329 2755 σιδηρῶν
1355 2720 1489 2754 κεράτων.
1504 2719 1573 2754 Περὶ
1583 2718 1631 2746 τοῦ
1645 2719 1738 2751 τέλους
1755 2717 1871 2753 Ἀχαίό.

251 2769 354 2804 Ἰωρὰμ
371 2768 403 2803 ιγ’
422 2766 548 2803 βασιλεὺς
569 2766 690 2802 Ἰσραήλ.

523 2820 716 2850 REGNORUM
731 2820 774 2848 IV.

282 2867 320 2897 De
330 2867 422 2896 Joram
443 2867 666 2903 quatuordcciuio
681 2874 743 2902 rege
761 2866 851 2896 lsrael.
870 2866 906 2895 Do
917 2874 1024 2895 assum-

1351 2819 1534 2846 ΒΛΣΙΛΕΙΩΝ
1550 2820 1585 2846 Δ’.

1119 2867 1186 2902 Περὶ
1203 2866 1305 2902 Ἰωρὰμ
1321 2866 1350 2893 ιδ’
1367 2865 1501 2901 βασιλέως
1522 2866 1638 2901 Ἰσραήλ.
1659 2866 1725 2901 Περὶ
1740 2865 1789 2900 τῆς
1803 2865 1872 2892 ἁνα-
