2075 3157
264 198 333 231 Ιῦὖῠ

613 201 809 232 OPUSCULA
828 200 1145 231 SCRIPTURISTICA
1169 199 1343 230 INCER’I‘x’E
1362 199 1516 231 ASTATIS.

1820 198 1891 232 1056

733 274 1880 289 —_—_————__—___—_

587 353 716 395 ΠΕΡΙ
752 351 1031 394 ΤΕΣΣΑΡΩΝ
1067 350 1182 393 ΤΟΥ
1221 350 1572 394 ΠΑΡΛΔΕΙΣΟΥ

931 445 1225 488 ΠΟΤΑΜΩΝ.

510 618 582 661 DE
621 617 907 670 QUATUOR
945 618 1319 663 FLUMINIBUS
1355 618 1652 664 PARADISI.

852 724 935 755 (Auct.
950 729 1081 755 anonymo.
1098 723 1199 748 Bumuu
1211 723 1230 754 Ι,
1243 723 1310 754 I66.)

304 877 374 904 Ister
404 876 514 908 ﬂumen,
542 875 644 902 dictum
682 875 784 903 Phison
821 874 891 910 apud
932 875 1092 906 divinamA

271 922 438 956 Scripturam
449 942 456 954 ,
469 927 495 948 ct
511 929 525 948 c
540 921 670 948 Paradiso
682 922 786 954 exiens,
803 927 832 948 ut
842 926 939 948 caetera
953 921 1054 955 Tigris.

270 967 419 1000 Euphrates
445 972 471 993 et
487 966 559 993 Geon
582 967 703 999 ﬂumina,
724 971 750 993 ct
770 971 914 1001 penetrans
931 966 958 993 in
980 971 1059 993 terrae

270 1012 396 1046 abyssos.
412 1016 438 1038 ct
454 1011 479 1038 in
498 1012 669 1039 occidentem
682 1012 806 1043 tondens,
820 1011 906 1038 currit
924 1019 956 1037 ex
968 1010 1059 1045 Apen-

271 1055 333 1082 niuo
349 1060 440 1082 nioutc
454 1056 499 1090 qui
517 1065 532 1083 a
548 1056 614 1083 mari
632 1056 725 1083 Siculo
752 1055 880 1090 dirigitur
911 1063 999 1090 usque
1025 1054 1058 1082 ad

270 1101 419 1128 Grrmanos
435 1101 480 1136 qui
497 1107 562 1128 sunt
584 1102 662 1137 juxta
690 1101 828 1129 Borealem
862 1109 1013 1134 oceanum;
1033 1105 1059 1128 et

271 1146 334 1173 inde
350 1147 462 1173 vertitur
472 1147 505 1174 ad
518 1148 664 1178 Orientem.
682 1151 709 1174 et
723 1146 782 1174 ﬂuit
797 1147 824 1174 in
844 1146 959 1174 Pontum
976 1147 1059 1173 Euxi-

273 1199 339 1217 num
371 1199 420 1226 pcr
450 1199 497 1218 ora
513 1196 641 1226 quatuor.
667 1191 741 1220 Istud
772 1192 871 1218 ﬂumen
897 1191 924 1218 in
949 1191 1060 1219 Oriente

272 1241 383 1264 vocatur
402 1237 506 1269 Galles;
527 1242 614 1265 mutat
629 1242 722 1264 autem
742 1245 841 1264 nomen
859 1238 885 1264 in
902 1237 1059 1269 Occidente.

275 1282 344 1310 Ister
365 1283 543 1318 appellatum,
572 1289 600 1311 et
614 1292 628 1310 a
642 1283 795 1311 Thracibus
812 1283 953 1311 Danubius
977 1284 1059 1310 etiam

275 1333 412 1356 meatum.
438 1328 471 1355 Et
500 1329 651 1356 maximum
692 1329 803 1363 quidem
827 1334 868 1356 est
894 1328 1056 1363 ﬂuminum;

273 1383 320 1409 per
330 1383 358 1401 se
372 1375 480 1408 quidem
510 1375 571 1401 Nilo
587 1375 686 1407 minus,
710 1376 756 1402 sed
765 1375 900 1409 recipiens
917 1375 1061 1403 inﬂucutcs

273 1419 306 1446 ad
324 1427 353 1447 se
371 1420 478 1451 ﬂuvios,
489 1419 549 1446 Nilo
565 1419 654 1453 majus
667 1420 792 1447 eﬂicilur.
808 1420 904 1447 Decem
919 1425 945 1447 et
958 1425 1060 1454 septem

274 1466 347 1492 ﬂuvii
367 1466 395 1492 in
409 1466 474 1492 illud
496 1465 623 1492 inﬂuunt.
642 1465 711 1492 Sunt
725 1471 815 1493 autem
831 1465 874 1492 isti
895 1475 901 1493 2
915 1465 936 1492 Ε
951 1466 1061 1501 Scythia

273 1513 414 1547 quinque,
442 1512 554 1539 Paratas
576 1512 646 1539 idem
680 1520 711 1539 ac
737 1511 868 1548 Pyretus,
895 1511 1060 1544 'I‘iarantus,

1143 875 1204 902 Ὅτι
1218 876 1232 902 ὀ
1249 875 1355 910 Ἴστρος
1368 875 1383 902 δ
1397 875 1529 911 ποταμὸς,
1540 876 1687 911 λεγόμενος
1709 877 1798 905 Φισὼν
1823 880 1897 915 παρᾶ

1108 922 1143 955 τῇ
1163 920 1222 955 Θείᾳ
1237 921 1343 956 Γραφῇ,
1360 920 1469 947 καὶτοῦ
1491 921 1662 956 Παραδείσου
1680 922 1770 955 ἐξιὼν,
1797 923 1897 960 ὥσπερ

1110 966 1157 992 καὶ
1178 967 1203 992 οἱ
1223 966 1312 992 λοιποὶ
1338 965 1445 1002 Τίγρις,
1474 967 1631 1003 Εὐφράτης.
1661 969 1708 995 καὶ
1735 964 1824 1004 Γηὼν,
1849 971 1898 996 καὶ

1110 1011 1209 1043 ὑποδὺς
1225 1012 1289 1043 τοὺς
1311 1011 1413 1046 μυχοὺς
1424 1012 1473 1046 τῆς
1489 1012 1551 1047 γῆς,
1569 1013 1616 1040 καὶ
1631 1013 1670 1044 εἰς
1684 1013 1761 1041 δύσιν
1776 1015 1897 1050 ἀπερχό-

1112 1066 1203 1092 μενος,
1220 1057 1318 1083 ὲκδιδοῖ
1338 1056 1385 1083 τοῦ
1415 1057 1571 1084 ’Δπεννίνου
1590 1058 1670 1093 ὅρους
1693 1059 1740 1086 τοῦ
1757 1059 1899 1095 διήκοντος

1109 1101 1164 1128 ἀπὸ
1185 1101 1235 1136 τῆς
1257 1100 1402 1134 Σικελικῆς
1429 1101 1569 1137 θαλάσσης
1592 1102 1645 1134 ἕως
1671 1102 1725 1129 τῶν
1749 1103 1901 1139 Γερμανῶν

1109 1146 1164 1171 τῶν
1186 1145 1255 1180 πρὸς
1274 1144 1313 1180 τῷ
1330 1144 1448 1180 βορῤείῳ
1467 1145 1581 1180 ὠκεανῷ
1593 1154 1600 1162 ·
1627 1146 1754 1172 κάκεῖθεν
1783 1147 1902 1182 σύρεται

1111 1191 1179 1226 πρὸς
1196 1190 1338 1226 ἀνατολὴν,
1353 1191 1401 1217 καὶ
1418 1191 1475 1225 χέει
1492 1191 1532 1222 εἰς
1546 1191 1593 1217 τὸν
1608 1190 1733 1223 Εὔξεινον
1745 1192 1845 1219 Πόντον
1854 1193 1900 1220 διὰ

1113 1239 1132 1263 ε’
1148 1236 1299 1271 στομάτων.
1309 1232 1393 1267 Οὗτος
1411 1237 1440 1262 ὲν
1453 1237 1486 1271 τῇ
1508 1236 1637 1272 Ἀνατολῇ
1653 1237 1816 1272 ὀνομάζεται
1831 1237 1898 1265 Γάλ-

1111 1280 1178 1315 λης·
1205 1279 1332 1307 ἀλλάσσει
1356 1280 1385 1307 δὲ
1405 1280 1436 1306 τὺ
1458 1281 1544 1315 δνομα
1564 1281 1592 1307 έν
1615 1282 1648 1316 τῇ
1664 1281 1761 1315 Δύσει,
1792 1283 1899 1318 Ἴστρος

1111 1325 1357 1361 προσαγορευθεὶς,
1375 1326 1422 1352 καὶ
1446 1325 1497 1352 ὑπὸ
1513 1326 1630 1362 Θρᾳκῶν
1653 1328 1800 1361 Δανούϐιος
1818 1330 1899 1357 πάλιν

1111 1370 1289 1406 καλούμενος.
1308 1371 1364 1398 Καὶ
1383 1368 1458 1403 οὗτος
1476 1372 1525 1406 μὲν
1543 1373 1672 1408 μέγιστός
1688 1374 1746 1401 ἐστι
1759 1376 1899 1409 ποταμῶν,

1111 1417 1179 1444 ἀλλὰ
1202 1416 1264 1444 καθ’
1281 1416 1363 1444 αὑτὸν
1386 1417 1435 1452 μὲν
1454 1418 1543 1453 ἥττων
1562 1418 1610 1444 τοῦ
1634 1419 1743 1452 Νείλου,
1770 1420 1900 1456 ὑποδεχὸ-

1114 1471 1194 1498 μενος
1209 1463 1237 1489 δὲ
1259 1463 1323 1494 τοὺς
1344 1463 1499 1498 είσρέοντας
1516 1464 1544 1490 ἐν
1564 1464 1656 1500 αὐτῷ,
1673 1465 1719 1492 καὶ
1739 1465 1787 1492 τοῦ
1802 1466 1905 1494 Νείλου

1115 1507 1215 1543 μείζων
1241 1508 1356 1542 γίνεται.
1383 1507 1417 1540 Ιζ¹
1439 1509 1493 1544 γὰρ
1517 1510 1636 1544 ποταμοὶ
1665 1511 1854 1540 εἰσϐάλλουσιν
1871 1513 1903 1540 ὲν

274 1559 388 1590 Ararus,
415 1557 698 1593 Naparis,0rdessus.
723 1557 760 1584 Ex
787 1557 945 1593 Agathyrsis
972 1562 1061 1584 autem

1115 1553 1206 1588 αὐτῷ.¹
1232 1553 1292 1579 Εἰσὶ
1307 1554 1334 1580 δὲ
1356 1550 1448 1580 οὗτοι·
1463 1554 1496 1581 ὲκ
1512 1555 1562 1590 μὲν
1581 1555 1699 1588 Σκυθίας
1713 1559 1743 1589 ε’,
1761 1558 1904 1593 Παράτας,

275 1604 356 1631 Maris
451 1609 515 1636 tres,
533 1603 724 1635 Atlas,Auras,
738 1603 858 1630 Timisis.
876 1602 895 1629 E
911 1602 1063 1630 Thracibus

274 1649 406 1683 Crobyzis
424 1652 482 1676 tres
493 1668 500 1681 ,
518 1649 599 1680 Atax,
611 1647 692 1680 Noes,
706 1652 733 1675 et
746 1648 871 1675 Artanes.
888 1648 907 1674 E
922 1647 1026 1675 Psranis
1038 1652 1064 1675 et

275 1699 366 1721 monte
377 1693 596 1728 Rhodope-Chius
608 1693 704 1720 ﬂuvius
715 1694 820 1721 medius
828 1693 951 1720 dividitut
960 1693 1062 1720 Haemo.

276 1740 314 1766 Ex
335 1739 433 1774 Illyriis
456 1739 596 1766 montibus
610 1739 643 1766 ad
658 1739 767 1766 boream
782 1744 893 1765 ventum
910 1746 1023 1773 vergens
1035 1739 1061 1765 in

276 1785 451 1812 Triballicum
483 1792 590 1819 agrum,
619 1786 728 1819 Augrus
766 1784 852 1811 ﬂuens
868 1784 895 1811 in
911 1784 1061 1818 Brongum,

278 1831 401 1865 Brnngus
420 1836 511 1858 autem
530 1831 556 1857 iu
572 1830 681 1857 Istrum.
700 1830 720 1856 E
736 1831 846 1864 regione
867 1830 1060 1858 Ombricorum

277 1876 368 1910 Calpis
382 1882 408 1903 ct
420 1877 507 1911 Alpis.
518 1876 638 1902 luﬂuunt
655 1880 746 1902 autem
763 1876 844 1903 etiam
860 1875 904 1902 alii
917 1875 944 1902 in
961 1875 1062 1909 ipsum.

276 1929 292 1949 υ
305 1921 403 1956 quibus
418 1922 446 1948 ﬂt
460 1922 582 1952 omnium
597 1921 739 1948 ﬂuminum
759 1921 925 1947 maximum:
945 1919 1063 1953 Equale

278 1973 366 1994 autem
380 1968 430 1995 sibi
443 1967 501 1994 ﬂuit
522 1967 549 1994 in
560 1971 654 1994 astate
666 1972 691 1994 et
704 1966 801 1999 hieme,
818 1965 882 2001 quia
895 1973 991 2000 parum
1004 1966 1062 2000 ipsa

278 2019 348 2041 terra
358 2015 500 2050 irrigatur;
511 2014 618 2041 nivibus
629 2018 718 2040 autem
729 2017 813 2040 totum
825 2013 917 2039 alitur.
932 2012 959 2039 In
970 2017 1064 2040 aestate

278 2067 341 2086 vero
364 2068 424 2094 quac
442 2060 469 2087 in
486 2060 576 2086 hieme
590 2059 690 2086 cecidit
714 2058 760 2086 nix
782 2058 925 2086 abundante
951 2058 1064 2085 omnino

277 2106 433 2141 liquefacta,
464 2105 490 2132 in
502 2106 600 2132 Istrum
615 2104 718 2132 deﬂuit.
729 2104 867 2137 Quantum
881 2109 972 2131 autem
986 2111 1063 2139 aqua;

277 2153 319 2180 sol
335 2152 452 2179 extrahit
469 2152 495 2178 iu
517 2157 610 2178 aestate
625 2152 664 2178 vel
677 2151 703 2177 iu
718 2151 815 2182 hieme,
829 2155 934 2178 tantum
951 2151 1062 2177 [lumina

1115 1599 1128 1624 ὸ
1142 1598 1188 1625 καὶ
1206 1599 1337 1634 Πυρετὺς,
1353 1599 1514 1633 Τιάραντος,
1534 1600 1664 1636 Ἄραρος,
1682 1601 1819 1637 Νάπαρις,
1839 1603 1902 1639 ὀρ-

1113 1644 1210 1678 δησσός
1223 1653 1230 1660 ·
1243 1646 1276 1671 ὲκ
1285 1645 1313 1671 δὲ
1330 1645 1506 1681 ’Δγαούρσων
1520 1646 1670 1682 Μάρις-ω.
1687 1649 1772 1683 τρεῖς,
1789 1649 1903 1682 Ἄτλας,

1113 1690 1216 1725 Δύρας,
1234 1691 1345 1725 Τίμισις
1356 1699 1363 1706 ο
1380 1692 1412 1718 ὲκ
1427 1692 1455 1719 δὲ
1470 1692 1524 1719 τῶν
1540 1693 1656 1728 Θρᾳκῶν
1673 1694 1727 1721 τῶν
1741 1693 1901 1729 Κρωϐύζων

1113 1737 1198 1770 τρςῖς,
1227 1735 1323 1768 Ἀταξι
1341 1736 1424 1769 Νόης,
1445 1737 1493 1763 καὶ
1522 1737 1673 1773 Ἀρτάνης·
1689 1739 1722 1765 ὲκ
1735 1738 1764 1765 δὲ
1779 1739 1901 1766 Παιόνων

1114 1783 1160 1808 καὶ
1177 1782 1258 1816 ὅρους
1289 1782 1420 1818 Ῥοδόπης
1444 1783 1509 1815 Κίος
1534 1784 1656 1819 ποταμὸς
1677 1785 1761 1819 μέσος
1779 1785 1901 1820 σχίζεται

1113 1828 1159 1854 τὴν
1175 1827 1261 1864 Αἷμον
1271 1837 1279 1844 ⁸
1301 1831 1332 1857 ὲκ
1345 1830 1374 1857 δὲ
1401 1831 1540 1866 Ἱλλυριῶν
1562 1830 1635 1866 όρῶν
1647 1832 1692 1858 τὸν
1712 1831 1781 1868 πρὸς
1797 1831 1902 1868 βορρᾶν

1114 1873 1213 1909 ἄνεμον
1229 1874 1333 1909 βάλλων
1349 1877 1389 1908 εἰς
1413 1876 1442 1902 τὸ
1458 1876 1638 1911 Τριϐαλλικὸν
1655 1877 1758 1909 πεδίον,
1781 1878 1902 1913 ’Δγγρος

1114 1920 1217 1955 ἐκχέων
1227 1921 1268 1952 είς
1281 1922 1326 1947 τὸν
1337 1922 1470 1957 Βρόγγον,
1480 1923 1494 1949 ό
1503 1922 1532 1949 δὲ
1541 1922 1663 1958 Βρόγγος
1673 1924 1713 1955 είς
1726 1924 1773 1950 τὸν
1783 1924 1902 1959 Ἴστρον

1114 1965 1147 1991 ἐκ
1160 1964 1188 1991 δὲ
1207 1965 1257 2001 τῆς
1274 1965 1365 2001 χώρας
1388 1967 1442 1993 τῶν
1462 1967 1617 2003 Ὀμϐρικῶν
1643 1968 1751 2000 Κάλπις
1766 1969 1813 1996 καὶ
1838 1969 1904 1995 Ἀλ-

1114 2019 1171 2042 πις.
1194 2011 1372 2038 Είσϐά),λουσι
1405 2012 1433 2038 δὲ
1457 2013 1504 2039 καὶ
1528 2013 1616 2047 ἕτεροι
1642 2014 1683 2045 είς
1704 2014 1796 2047 αὑτὸν,
1816 2014 1845 2047 ἐξ
1863 2011 1905 2041 ὧν

1114 2056 1218 2090 γίνεται
1236 2057 1345 2084 πάντων
1361 2058 1491 2093 ποταμῶν
1508 2059 1646 2094 μέγιστος.
1666 2059 1737 2091 Ἴσος
1751 2060 1779 2086 δὲ
1796 2061 1838 2095 ρεί
1851 2060 1903 2086 αὐ-

1114 2102 1159 2133 τὸς
1175 2103 1263 2138 ἑαυτῷ
1276 2104 1305 2129 ὲν
1322 2103 1396 2138 Θέρει
1412 2105 1459 2131 καὶ
1473 2104 1599 2140 χειμῶνι,
1614 2106 1656 2132 ὅτι
1672 2105 1762 2140 ὀλίγον
1777 2106 1904 2142 βρέχεται

1115 2149 1183 2184 αὕτη
1203 2149 1285 2184 ήγῆ’
1311 2149 1411 2184 νιφετῷ
1425 2150 1454 2176 δὲ
1474 2150 1564 2177 πάντα
1584 2152 1694 2186 χρᾶται.
1718 2152 1760 2178 Ἑν
1783 2152 1858 2187 θέρει
1874 2151 1907 2179 δὲ,

278 2207 338 2234 qua:
351 2199 377 2226 in
394 2199 494 2226 Istrum
520 2198 661 2225 conﬂuunt
681 2202 821 2232 prtestant,
853 2197 939 2224 multo
958 2197 1062 2230 majora

1115 2193 1132 2228 ἡ
1147 2194 1176 2219 ὲν
1188 2193 1227 2228 τῷ
1240 2194 1354 2228 χειμῶνι
1369 2194 1490 2221 πεσοῦσα
1504 2194 1571 2230 χιὼν
1587 2195 1671 2231 πολλὴ
1681 2196 1820 2231 τηκομένη
1833 2196 1904 2222 πάν-

278 2247 305 2273 in
319 2249 411 2272 testate
428 2251 509 2279 quam
527 2245 553 2270 in
569 2244 668 2270 hieme.
684 2243 844 2270 Substitutis
858 2243 894 2269 ita
915 2242 957 2269 his
971 2243 1061 2277 aquis,

279 2292 306 2318 Iit
320 2290 519 2325 compensatio,
537 2291 574 2316 ita
586 2293 614 2316 ut
632 2297 740 2323 semper
755 2288 820 2316 illud
836 2288 872 2316 sit
883 2288 934 2316 sibi
947 2288 1062 2322 aequale.

278 2336 346 2364 Ister
374 2337 513 2371 proprium
538 2343 637 2362 nomen
661 2339 752 2362 servat
775 2342 862 2369 usque
880 2334 913 2361 ad
932 2333 1063 2360 Sirmium

278 2383 420 2417 antiquam
446 2381 632 2408 Romanorum
666 2380 833 2408 fortunatam
865 2379 971 2410 urbem,
999 2379 1063 2406 ulti-

278 2435 324 2454 mo
350 2431 440 2455 autem
467 2427 518 2454 sub
536 2425 668 2461 Gepidum
694 2425 845 2459 regionem,
868 2424 969 2451 amittit
990 2424 1061 2459 apud

278 2473 420 2508 indigenas
441 2473 516 2507 prius
531 2480 640 2504 nomen,
666 2471 862 2505 Danubiusque
886 2475 1008 2497 vocatur.
1027 2470 1064 2497 Ita

279 2528 343 2548 vero
355 2519 405 2554 ipsi
418 2518 538 2546 Thraces
553 2523 729 2548 vocaverunt,
739 2517 803 2551 quia
814 2517 840 2543 in
855 2516 994 2543 montibus
1003 2523 1065 2543 ver-

279 2573 327 2593 sus
342 2569 448 2592 arctum
462 2569 489 2591 ct
499 2563 644 2590 Thraciam
661 2563 810 2590 nebulosus
825 2570 872 2589 aer
881 2566 989 2597 propter
998 2561 1065 2589 sub-

276 2612 409 2646 jaceutcm
423 2610 544 2637 humoris
555 2608 761 2640 abundantiam,
770 2609 823 2636 illis
834 2616 916 2636 causa
929 2612 1065 2643 perpetua)

277 2657 376 2692 pluviae
390 2656 507 2683 videtur.
532 2654 686 2682 Danubium
699 2658 791 2682 autem
808 2655 886 2689 quasi
902 2654 1064 2681 nebulosam

278 2702 412 2729 cervicem
428 2701 472 2729 isti
491 2701 577 2736 patria
596 2701 687 2736 lingua
700 2705 809 2728 vocant.
829 2700 892 2728 Inde
913 2699 1068 2727 immutavit

279 2748 427 2776 Islersuam
436 2747 656 2782 appellationem,
673 2746 868 2781 Dauubiusque
882 2751 997 2773 vocatus
1011 2749 1064 2772 est.

280 2792 392 2819 Minime
410 2797 501 2820 autem
519 2792 619 2818 mirum
633 2797 675 2819 est
699 2791 722 2818 si
741 2790 806 2818 Ister
820 2798 835 2817 e
851 2790 982 2817 Paradiso
998 2789 1066 2816 dila<

282 2836 359 2870 hens,
375 2841 402 2864 et
416 2837 487 2872 apud
505 2837 673 2872 Scripturam
693 2836 793 2864 Phison
809 2841 931 2868 vocatus,
946 2843 979 2862 ex
990 2835 1065 2862 occi-

282 2882 382 2912 deutali
389 2888 491 2917 monte,
510 2884 683 2919 Apenniuum
691 2881 889 2916 dico,videatur
898 2881 1064 2911 retroﬂucre.

1114 2239 1201 2272 τοθεν,
1223 2240 1359 2266 εἰσϐάλλει
1373 2240 1413 2275 τῷ
1434 2241 1544 2276 Ἴστρῳ.
1564 2241 1645 2268 Ὅσον
1672 2241 1700 2269 δὲ
1715 2241 1788 2277 ὕδωρ
1802 2242 1904 2277 δῆλιος

1114 2285 1257 2320 ἐφέλκεται
1273 2286 1301 2312 tv
1315 2285 1354 2321 τῷ
1369 2286 1453 2321 θέρει,
1465 2286 1481 2322 ἢ
1495 2287 1524 2314 ὲν
1535 2287 1575 2322 τῷ
1585 2286 1710 2322 χειμῶνι,
1725 2287 1852 2314 τοσοῦτον
1868 2287 1907 2314 τὰ

1116 2331 1309 2366 συμμιγόμενα
1329 2332 1368 2367 τῷ
1384 2333 1483 2369 Ἴστρῳ
1506 2333 1696 2361 πολλαπλάσια
1712 2333 1771 2360 ἐστι
1785 2333 1832 2360 τοῦ
1856 2333 1902 2360 θέα

1117 2385 1180 2412 ρους
1214 2377 1230 2411 ἢ
1247 2377 1293 2404 τοῦ
1310 2378 1461 2413 χειμῶνος·
1489 2379 1682 2414 ἀντιτιθέμενα
1695 2378 1724 2406 δὲ
1741 2379 1840 2412 ταῦτα,
1855 2379 1904 2405 ἀν-

1114 2424 1262 2459 τισήκωσις
1285 2424 1400 2459 γίνεται,
1415 2425 1456 2456 ὡς
1489 2425 1533 2451 ἀεὶ
1547 2425 1604 2451 ῐσον
1619 2424 1699 2451 αὑτὸν
1713 2421 1784 2451 εἶναι
1804 2424 1903 2459 ἑαυτῷ.

1116 2467 1199 2500 Οὗτος
1211 2470 1225 2495 ό
1242 2469 1346 2505 Ἴστρος
1358 2470 1406 2505 τὴν
1424 2470 1492 2496 ἰδίαν
1507 2470 1694 2506 προσηγορίαν
1708 2469 1840 2504 φυλάσσει
1850 2469 1904 2501 ἕως

1117 2513 1229 2548 Σιρμίου
1251 2514 1300 2549 τῆς
1328 2514 1411 2541 πάλαι
1432 2514 1575 2550 Ῥωμαίων
1610 2514 1769 2550 εὐδαίμονος
1789 2514 1902 2546 πόλεως.

1115 2559 1229 2594 ἔσχατον
1252 2559 1281 2586 δὲ
1307 2560 1359 2586 ὑπὸ
1385 2560 1515 2596 Γηπέδων
1545 2561 1728 2596 οἰκουμένης,
1755 2560 1904 2587 ἀποϐάλλει

1118 2605 1209 2640 μέντοι
1233 2606 1308 2640 παρὰ
1326 2607 1381 2637 τοϊς
1403 2606 1562 2641 ἐπιχωρίοις
1577 2607 1607 2633 τὸ
1625 2605 1780 2641 ἔμπροσθεν
1803 2605 1902 2639 δνομα,

1117 2650 1260 2684 Δανούϐιος
1287 2652 1477 2688 μετακληθεις.
1504 2652 1582 2679 Οὕτω
1603 2652 1632 2679 δὲ
1653 2651 1734 2678 αὑτὸν
1755 2651 1780 2678 oi
1797 2651 1904 2687 Θρᾷκες

1117 2697 1259 2730 ἐκάλεσαν,
1279 2697 1346 2724 διότι
1360 2699 1400 2729 εἰς
1425 2699 1460 2725 τὰ
1481 2698 1550 2733 πρὸς
1576 2698 1694 2734 Ἄρκτον
1711 2697 1760 2725 καὶ
1780 2697 1904 2732 Θρᾳκίαν

1117 2742 1169 2778 ὅρη
1186 2743 1319 2778 συννεφὴς
1332 2744 1346 2770 ὸ
1363 2743 1417 2779 ἀὴρ
1435 2744 1467 2770 ὲκ
1480 2744 1529 2779 τῆς
1543 2743 1729 2778 ὑποκειμένης
1745 2743 1800 2770 τῶν
1811 2742 1905 2778 ὑγριῖιν

1118 2788 1262 2823 ἀμετρίας,
1276 2789 1361 2820 αἴτιος
1375 2790 1467 2820 αὐτοῖς
1482 2789 1611 2824 συνεχοῦς
1630 2788 1784 2824 ἐπομϐρίας
1796 2788 1906 2823 νομίζε-

1118 2843 1173 2862 ται,
1202 2834 1346 2861 Λανούϐιον
1370 2835 1398 2861 δὲ
1418 2835 1464 2862 τὸν
1490 2835 1670 2870 νεφελοφόρον
1684 2835 1782 2861 ἐκεῖνοι
1793 2833 1907 2860 καλοῦσι

1121 2880 1252 2916 πατρίως.
1294 2880 1433 2908 Ἐντεῦθεν
1461 2880 1664 2916 μεταϐέϐληκεν
1685 2880 1700 2907 ὁ
1724 2880 1830 2916 Ἴστρος
1856 2879 1909 2912 τὴν
