2075 3157
175 207 246 242 1ὂ57

698 212 746 243 DE
762 212 801 244 ιν
828 213 1069 245 FLUMINIBUS
1096 191 1287 247 PABADISI.

1729 218 1798 251 1058

173 266 270 294 ἑαυτοῦ
284 265 445 302 ὀνομασίαν,
460 267 607 301 Δανούϐιος
626 270 818 304 μετακληθείς.
837 271 920 299 Οὐδὲν
930 271 958 299 δὲ

1010 272 1116 300 Etenim
1130 278 1157 301 et
1172 273 1250 301 Nilus
1257 274 1348 303 dictus
1358 274 1445 307 Geon,
1456 281 1470 302 ε
1481 274 1611 303 Paradiso
1622 274 1717 303 eodem
1731 283 1795 310 pro-

173 311 329 348 θαυμαστὸν
342 312 356 338 ὁ
375 313 482 349 Ἴστρος
508 313 701 350 ἐξορμώμενος
714 315 762 342 τοῦ
782 317 957 352 παραδείσου,

172 359 220 385 καὶ
241 358 317 394 παρά
337 359 370 394 τῇ
390 359 486 395 Γραφῇ
512 359 658 396 λεγόμενος
684 362 783 395 Φισὼν,
800 363 832 389 ὲκ
846 362 893 389 τοῦ
909 363 960 398 τῆς

172 403 275 434 δύσεως
301 403 392 439 ὅρους,
418 405 491 439 λέγω
514 405 546 440 δὴ
569 405 617 432 τοῦ
648 407 805 434 ’Δπεννίνου
831 408 959 442 φαίνεται

171 447 324 483 ἀναῤῥίων.
341 449 396 476 Καὶ
417 449 473 484 γὰρ
492 450 539 476 καὶ
551 451 565 477 ό
578 451 674 484 Νεῖλος
688 453 702 478 ὁ
719 452 867 487 λεγόμενος
879 453 959 488 Γηὼν

172 493 205 520 ὲκ
218 492 265 519 τοῦ
283 493 367 520 αὑτοῦ
399 495 564 531 παραδείσου
586 497 699 532 προῖὼν,
723 498 788 533 μίαν
808 499 856 533 μὲν
869 498 960 534 πηγὴν

172 538 229 574 εχει
242 539 282 571 είς
297 539 413 576 Λιϐύην,
438 542 535 578 ἐτέρας
559 542 593 569 δι
614 542 660 570 δύο
678 544 719 575 είς
732 544 781 579 τὴν
797 543 854 571 ἄνω
868 544 959 571 Λίϐιο-

172 585 239 612 πίαν
261 587 333 614 κατά
357 587 460 619 Νότον,
486 584 523 614 ὧν
551 588 726 623 μισγομένων
753 589 914 624 πλημμυρεῖ
928 589 960 616 τὸ

173 631 246 666 ὓδωρ
262 631 357 664 αὐτοῦ,
379 632 427 658 καὶ
450 632 555 665 ποτίζει
575 633 625 668 τὴν
643 633 782 667 Αἴγυπτον
800 635 958 668 Αὐγούστου

174 675 270 711 μηνός.
293 676 350 702 Καὶ
366 677 423 707 τοῖς
440 676 490 711 μὲν
504 676 614 710 πολλοῖς
630 678 705 704 δοκεῖ
726 679 844 714 ἀπορίας
859 679 960 711 πολλὰς

172 720 287 753 τίκτειν,
300 721 360 752 πῶς
377 721 406 747 ἐν
418 721 509 757 καιρῷ
531 722 672 758 αὑχμώδει
691 723 861 760 πλημμυρεῖ,
879 725 960 760 ἡνίκα

173 765 305 801 λιψυδρία
321 766 439 802 ὑπάρχει
453 767 492 803 τῷ
506 768 598 796 παντί.
614 768 676 801 Τοῖς
691 769 721 796 δὲ
731 771 766 797 τὰ
779 771 828 805 τῆς
846 771 960 806 Γραφῆς

172 810 304 838 ἀσκοῦσιν
334 812 464 847 οὐδεμίαν
487 813 574 841 τίκτει
601 815 779 850 ἀμφιὸολίαν.
805 816 888 844 Ὅθεν
912 818 959 844 καὶ

173 857 250 893 παρὰ
268 858 325 890 τοῖς
343 858 541 893 ίεροτελεσταῖς
561 860 616 887 τῶν
639 861 806 895 Αἰγυπτίων,
825 862 862 894 ὡς
883 863 960 898 ἐρευ-

172 903 239 930 νῶσι
257 904 292 931 τὰ
308 904 428 940 κρύφια,
462 906 632 938 ’Δστάσπους
657 906 831 943 ὀνομάζεται,
847 908 861 934 ὃ
873 909 959 944 ἑρμη-

1009 319 1098 352 diens,
1113 327 1197 346 unum
1217 320 1325 354 quidem
1343 320 1445 348 l'ontcm
1462 320 1542 348 habet
1555 321 1582 347 in
1608 320 1703 356 Libya,
1726 321 1796 348 alios

1009 369 1100 392 autem
1115 364 1185 392 duos
1210 364 1237 392 in
1253 366 1396 400 superiore
1412 366 1553 402 Ethiopia
1570 374 1668 394 versus
1682 366 1794 399 Notum,

1008 411 1108 445 quibus
1119 410 1247 439 immistis
1256 412 1421 448 crescitejus
1431 420 1512 448 aqua,
1525 417 1552 440 et
1568 413 1639 448 rigat
1647 412 1793 448 Egyptqu

1009 463 1102 483 mense
1115 457 1249 492 Angusto.
1266 457 1357 486 Multis
1368 459 1476 494 quidem
1494 459 1599 486 videtur
1612 459 1697 486 multa
1713 459 1794 486 dubia

1009 508 1116 534 parere,
1130 501 1203 535 quod
1221 503 1247 529 in
1263 507 1386 538 tempore
1406 504 1539 532 siccitatis
1556 509 1673 536 crescat,
1685 505 1794 539 quando

1008 546 1107 574 ardens
1120 546 1194 574 calor
1205 548 1296 575 omnia
1311 553 1436 584 occupat.
1446 548 1494 577 llis
1512 554 1601 577 autem
1615 550 1661 585 qui
1676 551 1795 585 scriptu-

1009 599 1068 618 ram
1085 592 1184 619 callent
1209 593 1311 620 nullam
1324 594 1396 621 istud
1413 595 1484 629 parit
1506 595 1712 623 haesitationem.
1731 595 1795 623 inde

1008 636 1089 663 etiam
1105 637 1176 675 apud
1198 645 1292 665 sacras
1313 637 1502 673 Egyptiorum
1521 639 1669 670 doctrinas,
1689 643 1719 665 ut
1749 646 1794 665 ar-

1010 689 1077 709 cana
1089 682 1242 717 inquirunt,
1253 683 1562 718 Astaspusnominalur,
1571 683 1645 718 quod
1661 684 1794 718 interpre-

1010 733 1102 757 tantur
1117 729 1236 766 IEgyptii
1252 737 1351 765 aquam
1366 738 1382 758 e
1399 730 1528 762 tenebris,
1543 730 1578 757 ob
1597 730 1795 757 obscuritatem

1008 774 1069 809 ejus
1083 782 1099 802 e
1115 779 1186 801 terra
1200 774 1370 802 cmersionis.
1385 773 1436 808 Qui
1453 774 1525 801 enim
1543 774 1606 801 talia
1623 774 1656 800 de
1664 773 1725 800 Nilo
1739 781 1793 800 non

1010 819 1158 848 sentientes
1176 820 1202 847 in
1214 820 1288 848 mille
1299 820 1381 847 dubia
1393 820 1504 850 cadunt,
1512 824 1623 846 manent.
1632 823 1765 854 perpetuo
1778 827 1792 845 a

1009 865 1123 893 veritate
1135 869 1269 893 errantes.
1283 865 1317 893 Et
1331 865 1440 901 quidem
1452 865 1485 892 de
1495 864 1605 899 Trigide
1617 869 1644 892 et
1655 864 1795 899 Euphrate

1010 910 1081 938 idem
1095 918 1203 945 quoque
1214 912 1338 938 sentitur.
1354 911 1373 938 Ε
1389 910 1519 938 Paradiso
1528 910 1600 938 enim
1613 916 1727 945 uterque
1740 910 1797 937 ori-

173 948 282 976 νεύεται
305 950 368 977 κατ’
382 950 549 984 Αἰγυπτίους
564 952 597 978 ὲκ
621 952 734 984 σκότους
758 952 845 988 ὕδωρ,
867 953 912 979 διὰ
928 953 958 980 τὸ

1012 955 1101 989 ginem
1112 955 1225 987 ducens,
1238 961 1338 982 terram
1359 955 1585 989 subpenetrantes
1599 959 1729 989 apparent
1741 955 1795 982 cir-

173 994 270 1029 ἇδηλον
294 995 345 1031 τῆς
360 996 512 1028 ἀναδόσεως
538 996 621 1024 αὑτοῦ
645 997 700 1024 ἀπὸ
714 998 764 1032 τῆς
779 998 842 1033 γῆς.
858 999 888 1025 οἱ
905 998 959 1033 γὰρ

175 1041 213 1075 μὴ
226 1039 312 1068 ταῦτα
335 1041 401 1077 περὶ
423 1042 505 1069 αὐτοῦ
528 1042 686 1076 δοξάζοντες
699 1043 740 1075 εἰς
755 1044 856 1078 μυρίας
878 1044 960 1070 ἐκπί-

174 1094 287 1118 πτοντες
301 1087 429 1123 ἀπορίας,
452 1087 579 1123 μένουσιν
595 1089 648 1120 ἕως
664 1089 757 1120 τέλους
770 1089 819 1124 τῆς
830 1089 960 1125 ἀληθείας

172 1130 408 1168 ἀποπλανώμενοι.
426 1133 482 1160 Καὶ
499 1132 591 1168 μέντοι
607 1133 654 1159 καὶ
679 1134 744 1169 περὶ
768 1134 895 1168 Τίγριδος
911 1134 960 1160 καὶ

172 1176 318 1215 Εόφρᾴεου
339 1178 370 1205 τὸ
384 1179 450 1206 αὐτὸ
468 1179 622 1212 δοξάζεται.
650 1180 698 1206 Ἐκ
716 1179 764 1206 τοῦ
795 1179 959 1215 παραδείσου

173 1219 231 1262 ‘f‘p
257 1224 384 1260 ἑκάτεροι
412 1225 462 1261 τὴν
479 1225 585 1259 γένεσιν
599 1225 722 1261 ἔχοντες,
745 1225 889 1257 ὑποδύντες
910 1226 960 1261 τὴν

171 1268 436 1306 γῆν-,ἀναφαίνονται
461 1270 533 1297 κατὰ
550 1270 596 1297 τὸν
616 1270 723 1305 Ταῦρον
752 1272 784 1297 τὸ
797 1271 869 1306 ὅρος,
885 1270 960 1298 καὶὸ

177 1311 231 1351 μιν
251 1315 398 1350 Εὐφράτης
419 1315 502 1351 δήλην
514 1316 570 1351 ἔχει
591 1315 641 1352 τὴν
655 1316 782 1344 ἀνάλυσιν
795 1324 801 1332 ·
817 1316 919 1344 κατιὼν
931 1316 960 1343 δὲ

173 1361 207 1388 ἐκ
222 1361 277 1388 τῶν
296 1361 411 1396 βορείων
435 1361 528 1396 μερῶν
555 1361 625 1398 πρὺς
642 1363 677 1389 τὰ
703 1362 779 1389 νότια
803 1362 960 1396 πλησιάζων

174 1407 213 1442 τῷ
226 1407 352 1443 Περσικῷ
375 1407 469 1443 κόλπῳ
491 1408 539 1443 ἕλη
553 1408 666 1443 ἐμποιεῖ
678 1409 726 1435 καὶ
739 1408 887 1444 καλαμώδη
902 1408 961 1435 τέλ-

176 1461 261 1487 ματα,
277 1452 323 1479 καὶ
336 1453 401 1488 περὶ
422 1453 492 1480 αὐτὰ
508 1453 558 1488 μὲν
583 1452 751 1488 εἱλούμενος,
773 1453 879 1488 ἀδήλως
891 1453 961 1487 ἀφα-

175 1498 288 1530 νίζεται.
297 1498 326 1524 '0
341 1498 431 1533 μέντοι
442 1497 539 1533 Τίγρις
552 1498 606 1525 ἀπό
615 1506 686 1530 τινος
700 1498 797 1533 λίμνης
811 1497 961 1533 λεγομένης

175 1543 319 1575 Θωνίτιδος
332 1542 439 1578 ἀδήλως
453 1542 544 1577 ἐξιὼν,
559 1543 608 1570 καὶ
623 1543 704 1576 αὐτὸς
723 1544 828 1578 οῐχεται
842 1543 912 1578 πρὸς
926 1544 961 1570 τὰ

175 1589 250 1617 νότια
277 1589 358 1624 μέρη,
376 1590 424 1617 καὶ
435 1589 588 1616 διακόπτων
599 1589 647 1616 τδν
661 1589 768 1625 Ταῦρον
781 1589 811 1616 τὸ
823 1589 885 1624 ὅρος
895 1590 960 1625 περὶ

175 1633 344 1666 Μασαϐάτας
361 1634 469 1661 ἑνοῦται
480 1633 520 1669 τῷ
535 1633 678 1669 Εὐφράτῃ,
692 1634 739 1660 καὶ
749 1633 895 1669 διασχίζων
910 1634 960 1669 τὴν

176 1680 334 1712 Βαϐυλῶνα,
349 1679 398 1706 καὶ
407 1679 508 1706 κατιὼν
522 1679 636 1715 πλησίον
644 1679 804 1715 Τερηδόνος,
821 1679 959 1707 εἰσόάλλει

175 1726 216 1757 είς
231 1726 277 1752 τὸν
299 1726 434 1761 Περσικὸν
450 1725 561 1753 κόλπον.
588 1725 644 1761 Πρὺ
657 1725 686 1752 δὲ
700 1725 748 1752 τοῦ
771 1725 904 1761 ὲνωοῆναι
918 1725 959 1760 τῷ

175 1771 317 1807 Εὐφράτῃ,
344 1771 497 1807 ἀμφότεροι
522 1770 649 1806 ἀλλήλων
663 1771 825 1808 διῃρημένοι
853 1771 960 1806 ῥέοντες

176 1817 284 1844 ποιοῦσι
295 1816 346 1853 τὴν
361 1817 512 1853 λεγομένην
526 1817 740 1851 Μεσοποταμίαν
764 1816 879 1852 ἔχουσαν
892 1815 960 1843 πλά-

146 1890 150 1895 ,
175 1870 221 1894 τος
248 1863 302 1890 ἀπὸ
317 1863 461 1898 Εὐφράτου
484 1863 564 1898 μεχρι
581 1862 705 1897 Τίγριδος
723 1862 799 1897 μίλια
823 1865 893 1898 υκη¹,
913 1862 961 1888 καὶ

177 1907 272 1934 στάδια.
288 1907 309 1939 ῥ
335 1907 405 1934 κατά
419 1907 467 1942 τὴν
480 1907 666 1942 ἀναμέτρησιν
690 1907 898 1942 Ἐραστοθένους
912 1907 959 1933 τοῦ

176 1952 360 1988 πολυμαθοῦς.
395 1952 511 1979 Ἐπεὶᾶ
535 1952 583 1987 τὴν
609 1952 696 1987 ἀρχὴν
722 1953 754 1978 ὲκ
777 1953 823 1979 τοῦ
851 1954 959 1988 ἰστρου

177 1998 357 2033 ποιησάμενοι
369 1997 471 2031 ὼλισθή
476 2005 561 2032 σαμεν
569 1998 616 2024 καὶ
626 1998 691 2032 περὶ
700 1997 748 2024 τοῦ
755 1998 852 2024 Νείλου
862 1999 960 2031 εἰπεῖν,

176 2043 226 2070 οὐκ
241 2044 355 2078 ἄκαιρον
381 2042 524 2077 ἡγούμεθα
539 2043 586 2068 καὶ
601 2042 694 2077 ἑτέρου
711 2042 862 2077 μνησθῆναι
877 2051 961 2077 κεφα-

177 2089 254 2115 λαίου
271 2088 439 2123 καταλλήλου
456 2088 626 2123 ὑπάρχοντος
643 2088 691 2114 τοῦ
709 2088 774 2123 περὶ
786 2087 834 2122 τῆς
851 2087 961 2122 ἑκροίας

177 2135 272 2162 αὑτοῦ.
288 2135 343 2162 Καὶ
360 2135 414 2170 γὰρ
431 2134 476 2161 τὸν
491 2135 587 2169 καιρὸν
610 2134 661 2168 τῆς
682 2133 776 2160 ἀνόδου
792 2133 839 2160 τοῦ
861 2133 959 2160 Νείλου

1010 1000 1361 1033 ca'l‘aurummontem;et
1380 1000 1529 1034 Euphrates
1553 1000 1663 1035 quidem
1690 1000 1795 1035 perspi-

1009 1053 1089 1073 cuum
1107 1046 1186 1073 habet
1202 1053 1322 1079 cursum;
1335 1046 1502 1074 descendens
1511 1050 1624 1073 anteme
1640 1045 1795 1073 borealibus

1008 1091 1141 1126 partibus,
1154 1091 1187 1118 ad
1198 1092 1304 1119 noticas
1316 1092 1430 1119 tendens
1440 1099 1537 1119 versus
1551 1091 1689 1118 Persicum
1703 1091 1794 1118 sinum

1010 1137 1121 1171 paludes
1147 1141 1174 1163 et
1199 1136 1314 1164 calamis
1330 1135 1428 1163 referta
1455 1142 1533 1163 coena
1564 1135 1656 1166 edicit.
1682 1139 1710 1162 et
1733 1135 1793 1162 haec

1009 1183 1083 1210 circa
1096 1182 1209 1214 etrusus,
1223 1182 1293 1209 clam
1307 1182 1480 1210 subducitur.
1494 1181 1584 1216 Tigris
1596 1185 1687 1208 autem
1699 1189 1714 1208 e
1728 1189 1797 1216 qua-

1009 1228 1071 1256 dam
1081 1228 1179 1263 palude
1188 1227 1334 1255 Thonitide
1343 1231 1450 1260 vocata,
1460 1226 1613 1261 incognitus
1624 1226 1728 1258 exiens,
1739 1226 1797 1260 ipse

1009 1282 1118 1311 quoque
1129 1278 1254 1302 movetur
1266 1274 1299 1301 ad
1317 1274 1419 1301 noticas
1431 1277 1532 1309 partes,
1541 1277 1568 1300 et
1583 1272 1702 1300 Taurum
1717 1279 1796 1299 mon-

1012 1325 1065 1348 tem
1101 1327 1199 1347 secaus
1217 1319 1294 1353 juxta
1317 1318 1470 1346 “iisabatas
1499 1319 1625 1353 jungitur
1650 1318 1794 1353 Euphrati,

1010 1364 1174 1400 Babylonem
1184 1363 1292 1396 dividit,
1309 1369 1336 1391 et
1351 1364 1475 1391 dilabens
1486 1363 1559 1390 circa
1574 1362 1753 1394 Teredonem,
1767 1363 1794 1390 in

1010 1410 1148 1437 Persicum
1171 1410 1262 1437 sinum
1279 1417 1309 1437 se
1323 1409 1444 1444 co'njicit.
1473 1409 1636 1443 Priusquam
1658 1413 1749 1436 autem
1766 1417 1795 1435 se

1011 1462 1075 1482 cum
1093 1454 1230 1489 Euphrate
1246 1454 1432 1488 coniunxerit.
1453 1454 1534 1480 ambo
1548 1454 1582 1480 ab
1604 1454 1719 1480 invicem
1737 1453 1795 1480 dis-

1011 1501 1094 1528 tincte
1111 1505 1253 1528 currentes
1273 1501 1393 1528 elliciunt
1419 1501 1555 1535 regionem
1572 1500 1794 1534 Mesopotamiam

1011 1546 1123 1579 dictam,
1140 1545 1219 1581 cujus
1239 1545 1364 1577 latitudo,
1388 1544 1423 1571 ab
1454 1543 1592 1579 Euphrate
1617 1545 1650 1571 ad
1679 1544 1794 1579 Tigrim,

1011 1592 1096 1620 millia
1115 1592 1195 1619 habet
1207 1591 1270 1622 428,
1281 1596 1309 1618 οι
1323 1591 1411 1618 stadia
1427 1590 1509 1624 4,000
1528 1590 1678 1618 secundum
1698 1590 1795 1617 Erato-

1013 1637 1120 1664 sthenis
1137 1635 1285 1671 polyinalhi
1303 1635 1544 1662 mensurationcm.
1554 1634 1622 1661 Cum
1635 1639 1725 1662 autem
1744 1635 1795 1662 ini-

1012 1683 1078 1710 tium
1092 1682 1126 1709 ab
1135 1682 1202 1709 Istro
1217 1681 1375 1713 fecerimus,
1391 1687 1418 1708 et
1427 1679 1618 1710 devene'rimus
1632 1681 1665 1708 ad
1681 1681 1796 1716 loquen-

1012 1728 1076 1756 dum
1087 1729 1120 1755 de
1134 1728 1204 1760 Nilo,
1219 1735 1271 1754 non
1285 1727 1496 1762 inopportunum
1510 1726 1667 1761 iudicamus
1680 1727 1793 1754 alterius

1013 1774 1172 1801 meminisse
1184 1773 1281 1807 capitis
1295 1773 1329 1800 ad
1345 1776 1494 1807 utrumque
1512 1771 1660 1806 spectantis
1671 1772 1704 1799 de
1717 1772 1796 1800 istius

1014 1826 1108 1846 cursu.
1132 1818 1198 1846 Nam
1227 1824 1349 1854 tempore
1369 1817 1538 1845 ascensionis
1561 1817 1613 1844 Nili
1632 1817 1793 1852 aperiebant

1013 1863 1128 1890 Romani
1144 1871 1239 1897 magna
1253 1863 1360 1898 publica
1377 1862 1484 1894 balnea,
1505 1866 1531 1889 et
1545 1862 1609 1897 quia
1626 1863 1699 1889 illius
1713 1863 1796 1890 inun-

1013 1910 1088 1937 datio
1108 1910 1136 1937 Iit
1148 1910 1258 1944 quando
1278 1909 1319 1937 sol
1335 1913 1376 1936 est
1393 1908 1420 1935 in
1433 1909 1533 1940 Leone,
1550 1915 1684 1943 aquarum
1697 1908 1796 1936 ﬁstulis

1014 1955 1101 1982 leonis
1117 1956 1221 1982 vultum
1240 1955 1352 1982 dabant.
1369 1954 1433 1981 Inde
1448 1961 1481 1980 ex
1497 1954 1548 1981 hoc
1572 1961 1642 1981 usus
1659 1954 1753 1988 viguit,
1767 1959 1797 1981 ut

1012 2000 1188 2027 torcularium
1203 2000 1300 2027 ﬁstulis
1310 2000 1396 2026 leonis
1407 1999 1510 2026 vultum
1519 1999 1599 2026 etiam
1611 2000 1796 2033 praestiterint,

1012 2045 1076 2079 quia
1089 2045 1243 2071 viniﬂuxus
1257 2044 1380 2071 imitatur
1395 2044 1448 2071 Nili
1463 2043 1611 2076 ﬂuentum,
1624 2043 1687 2078 quia
1702 2044 1729 2070 in
1738 2045 1797 2071 vin-

1012 2089 1109 2117 demia:
1123 2093 1244 2123 tempore
1264 2089 1305 2116 sol
1318 2096 1398 2116 suum
1411 2089 1438 2115 in
1451 2088 1542 2115 Leone
1554 2089 1699 2116 transitum
1715 2089 1797 2117 efﬁcit

1011 2134 1038 2162 in
1059 2135 1215 2170 temperatis
1236 2135 1313 2163 locis.

177 2181 355 2217 ἀνεῴγνυσαν
370 2182 396 2208 οι
416 2181 546 2217 Ῥωμαῖοι
561 2180 597 2207 τὰ
617 2180 722 2215 μεγάλα
747 2180 802 2207 τῶν
822 2179 959 2216 δημοσίων
973 2180 1106 2217 λουτρῶν,
1137 2182 1183 2208 καὶ
1200 2182 1266 2209 διότι
1291 2183 1308 2217 ἠ
1335 2183 1466 2217 ἀνάχυσις
1480 2183 1563 2210 αὐτοῦ
1587 2183 1695 2218 γίνεται
1719 2181 1796 2217 ἡλίου

177 2229 254 2260 ὄντος
270 2229 299 2255 ἐν
317 2228 497 2261 Δέοντι,τοίις
509 2226 640 2262 κρουνοὺς
651 2226 706 2253 τῶν
720 2225 824 2253 ὑδάτων
845 2226 1018 2258 λεοντοειδεῖς
1040 2226 1165 2253 ἐτιτοίουν⁸
1180 2226 1242 2253 ὄοεν
1270 2227 1300 2259 ἐξ
1327 2227 1431 2254 ἐκείνου
1465 2228 1647 2264 ἐπεκράτησε,
1676 2227 1723 2254 καὶ
1741 2227 1796 2253 τῶν

179 2275 331 2309 ὑποληνίων
351 2275 415 2306 τοὺς
438 2274 569 2309 κρουνοὺς
602 2272 861 2306 λεοντοπρσσώπους
892 2274 1138 2305 κατασκευάζουσι,
1166 2273 1236 2308 ὂτιή
1264 2272 1312 2300 τοῦ
1342 2274 1414 2300 οῑνου
1443 2273 1579 2310 ἁπόρῤοια
1603 2274 1727 2309 μιμεῖται
1746 2272 1796 2306 τὴν
1840 2293 1842 2296 ι

178 2319 227 2346 τοῦ
244 2319 341 2346 Νείλου
357 2320 447 2355 χύσιν,
463 2320 503 2347 ὅτι
518 2320 548 2347 ιν
560 2318 600 2354 τῷ
619 2318 709 2355 τρύγῃ
722 2319 736 2346 ό
747 2318 823 2355 ἥλιος
844 2318 894 2354 τὴν
920 2318 1038 2354 πάροδον
1063 2317 1147 2345 αὑτοῦ
1171 2319 1199 2346 ὲν
1210 2318 1249 2354 τῷ
1276 2319 1370 2346 Λέοντι
1398 2320 1514 2346 ποιεῖται
1530 2319 1600 2347 κατὰ
1615 2318 1679 2351 τοὺς
1697 2318 1797 2354 εὐκρά-

180 2372 243 2396 τους
259 2365 369 2397 τόπους.
