2075 3157
259 197 328 232 1063

610 199 808 230 GPUSCULA
829 198 1144 229 SCRIPTURISTICA
1165 197 1341 228 INCERTE
1361 197 1514 228 ETA'IIS.

1811 195 1879 228 1064

257 254 331 281 illam
354 253 414 281 ideo
439 253 612 289 septuaginta
636 254 752 280 duorum
780 254 959 288 interpretum
987 253 1040 279 im-

1101 253 1148 280 τῶν
1169 253 1373 288 Ἐϐδομήκοντα
1387 252 1433 279 δύο
1456 251 1653 288 προσκείμεθα,
1673 251 1791 287 μάλιστα
1816 253 1878 279 ιπεὶ

257 300 353 334 primis
370 299 521 334 sequimur,
539 300 612 334 quod
628 299 772 333 insigniter
786 298 926 326 Hebraica:
943 299 1041 332 linguae

256 346 448 380 proprietatem
470 350 566 372 nostro
585 352 715 372 seruiene
736 345 942 380 expresserim;
965 349 1042 371 tanto

258 391 367 424 quidem
382 390 482 423 studio,
498 394 528 416 ut
543 390 610 417 dum
629 390 692 417 huic
704 390 784 417 unice
799 391 837 417 rei
855 390 952 417 intenti
968 394 1040 420 sunt.

258 433 406 467 aliquando
421 440 471 460 nec
483 440 596 461 sensum
614 441 665 460 nec
681 433 828 461 dictionem
840 433 965 460 eamdem
980 434 1040 460 red-

257 479 333 506 dant.
351 478 446 510 lidem,
475 478 540 505 dum
562 478 684 507 Psalmos
700 483 850 514 exponunt,
864 479 982 514 primttm
1003 483 1043 505 at-

257 531 310 558 que
325 525 477 552 secundum
491 525 595 560 absque
618 525 698 552 titulo
712 525 844 552 exhibent
867 525 963 559 utique
989 523 1040 551 Es-

257 570 314 597 dra:
327 571 461 605 exemplo.
473 570 539 597 Nam
556 570 656 598 Esdras
670 571 804 606 imprimis
820 571 936 605 diligens
951 575 979 598 et
995 571 1044 597 ho-

259 619 354 643 nestus
384 616 436 648 vir,
456 616 556 650 illaque
579 617 752 651 septuaginta
777 616 894 644 duorum
917 616 1044 643 versione

259 666 369 689 centum
382 667 409 689 et
422 662 620 697 quinquaginta
629 663 709 690 annis
725 663 861 697 superior,
880 668 976 698 praeter
991 663 1043 690 alia

260 708 344 734 multa
359 708 532 735 oraculorum
542 715 682 735 sacrorum
690 709 778 735 lacera
791 713 817 736 et
829 709 972 743 dissipata,
983 716 1045 743 par-

261 753 310 780 tim
322 753 429 785 inertia,
440 753 538 787 partim
555 753 745 789 frequentibus
755 754 860 781 exsiliis
876 753 1043 786 Judmurnm,

260 797 342 824 etiam
359 801 401 824 ter
422 797 497 827 mille
517 797 637 832 psalmos
668 798 785 833 collegit,
808 798 907 833 quibus
932 799 1045 833 singulis

261 849 327 869 suos
339 842 436 870 titulos
445 844 537 878 posuit
548 862 555 874 ,
567 851 628 878 quae
642 843 791 871 etiamnum
814 844 971 884 pra-ferunt.
985 845 1045 872 Ca:-

262 893 350 916 terum
378 889 511 916 Ezechias
537 897 583 917 rex
605 890 751 925 religiosus
783 891 912 925 deinceps
935 895 1045 918 centum

261 934 344 960 modo
357 939 384 961 et
405 935 603 970 quinquaginta
617 935 711 962 electis
726 935 846 970 reliquos
861 936 1046 970 rejecit..ldem
1063 925 1082 952 Β

262 978 337 1006 circa
350 979 508 1008 Salomonis
522 981 606 1009 libros
629 981 760 1013 instituit,
780 989 899 1017 quorum
923 982 996 1009 omni
1013 990 1047 1009 ex

261 1031 377 1052 numero
394 1025 482 1053 tribtts
499 1026 595 1053 saltem
610 1026 699 1054 locum
723 1026 798 1053 dedit
818 1027 892 1054 inter
918 1027 1047 1060 oracula;

262 1069 423 1098 Proverbiis
437 1071 554 1104 scilicet,
572 1071 744 1099 Ecclesiastze
758 1076 786 1099 et
798 1072 930 1105 Cantico;
944 1073 1049 1100 cteteris

261 1116 397 1143 damnatis
410 1117 540 1144 omnibus
552 1125 724 1152 quacunque
746 1118 848 1145 nimius
880 1119 1048 1153 intelligendi

262 1162 353 1190 luctus
379 1161 509 1189 Salomon
527 1163 567 1189 Vel
579 1162 612 1189 de
630 1163 700 1189 cmlo
724 1167 750 1189 et
777 1163 928 1196 elementis,
947 1164 988 1190 vel
1016 1163 1050 1191 de

263 1207 365 1242 plantis
384 1215 533 1242 earumque
553 1208 701 1235 virtutibus
727 1214 930 1236 commentatus
947 1209 1047 1236 fuerat.

263 1254 338 1288 Quod
356 1258 446 1281 tatneu
465 1262 511 1281 rex
522 1254 653 1282 Ezechias
664 1255 786 1290 suscepit
802 1255 932 1291 religione
949 1262 1048 1288 motus,

262 1305 294 1328 ut
308 1300 435 1327 mortales
449 1307 544 1328 omnes
561 1301 595 1327 ad
609 1299 693 1328 Deum
709 1301 885 1336 confugerent
901 1302 1000 1334 solum.
1017 1302 1051 1329 ab

262 1352 295 1373 eo
316 1345 502 1380 cujuscunque
524 1345 694 1380 azgritudinis
712 1349 759 1373 aut
785 1345 874 1373 morbi
900 1346 1050 1374 remedium

263 1394 394 1425 peterent,
408 1398 495 1426 neque
504 1390 638 1425 lapidibus
649 1396 675 1418 et
685 1391 765 1426 lignis
776 1391 891 1418 salutem
901 1399 978 1419 suam
988 1400 1050 1419 cum

263 1439 419 1470 contemptu
454 1436 576 1463 numinis
614 1437 828 1464 committerent.
867 1436 900 1464 Et
935 1438 969 1464 de
1009 1437 1053 1465 his

264 1480 406 1508 hactenus.
425 1480 497 1508 Duas
511 1486 602 1508 autem
615 1481 793 1510 obscuritatis
809 1483 940 1510 librorum
957 1491 1052 1512 sacro-

263 1533 323 1552 rum
339 1526 462 1553 rationes
487 1527 611 1561 prol'erre
636 1535 799 1562 possumus;
831 1529 956 1563 alteram,
979 1531 1052 1565 quod

263 1579 296 1599 ex
314 1571 428 1599 Hebraeo
443 1573 469 1599 in
488 1573 575 1601 Graeci
599 1575 736 1602 sermonis
762 1576 885 1603 translati
900 1581 965 1604 sunt
988 1585 1052 1612 pro-
1064 1589 1086 1618 ο

263 1617 419 1651 prietatem.
436 1617 573 1651 Quantam
590 1627 654 1646 vero
667 1620 854 1648 dillicultatem
884 1622 983 1649 habeat
998 1623 1050 1650 ali-

263 1669 347 1697 quam
362 1662 482 1698 linguam
506 1665 540 1691 ad
560 1665 674 1693 alterius
688 1665 787 1701 linguae
812 1667 946 1695 rationem
966 1671 1052 1695 inter-

264 1708 376 1743 pretari,
403 1715 500 1736 omnes
535 1716 645 1742 norunt,
669 1715 804 1746 quotquot
832 1712 976 1740 multarum
999 1714 1052 1741 lin-

264 1761 377 1788 guarum
394 1754 518 1781 notitiam
526 1755 638 1783 habent.
648 1756 767 1784 Alteram
784 1765 860 1790 vero,
878 1759 950 1793 quod
967 1760 1051 1787 multa

264 1797 366 1825 Jmlaeis
377 1799 491 1826 adversa
505 1801 713 1829 vaticinationes
730 1802 893 1836 praedicunt,
915 1804 1052 1837 quomodo

266 1844 304 1871 illi
325 1845 541 1877 exterminandi.
555 1853 605 1873 nos
629 1847 778 1882 recipiendi
802 1848 899 1876 simus.
915 1848 954 1876 Ne
970 1849 1054 1885 igitur

265 1890 314 1917 sia
330 1890 419 1924 primo
436 1891 528 1917 statim
543 1891 639 1919 auditu
658 1900 714 1920 rem
739 1901 860 1926 omnem,
886 1899 914 1922 nt
926 1901 976 1928 est,
1005 1896 1053 1923 de-

265 1936 444 1971 prehendant,
459 1943 584 1965 auctores
599 1943 654 1965 tam
670 1940 756 1967 tristis
772 1941 894 1975 responsi
923 1947 997 1970 vates
1012 1942 1054 1969 in-

265 1981 411 2014 terllciant,
432 1982 572 2017 librosque
586 1984 691 2014 tollant.
706 1984 766 2012 ideo
777 1985 944 2014 obscuritate
969 1987 1053 2014 inter-

265 2027 426 2062 pretationis
446 2028 635 2062 praedictiones
649 2029 828 2057 involverunt.
844 2029 963 2058 Tertium
980 2031 1052 2066 quod

265 2072 506 2100 destinaveramus
533 2078 594 2101 erat
615 2075 776 2109 exquirere,
795 2076 859 2110 quid
882 2077 1051 2110 psalterium,

264 2121 292 2144 et
304 2122 412 2145 cetera.
427 2117 494 2146 Dico
508 2118 590 2153 igitur
604 2120 761 2154 psalterium
773 2121 983 2148 instrumentum
993 2129 1054 2148 mu-

265 2162 337 2190 sices
352 2170 414 2191 esse
426 2163 520 2191 decem
537 2164 716 2198 chordarum,
729 2173 919 2201 supremamm
933 2168 1053 2201 partium

264 2213 402 2236 structura
414 2213 442 2236 et
455 2213 670 2244 temperamento
685 2219 782 2239 sonum
798 2211 927 2244 eﬂiciens.
943 2221 1052 2241 V068")-

264 2262 318 2289 quc
333 2255 502 2282 modulalum
522 2256 554 2283 ad
570 2256 696 2284 humana}
711 2257 787 2284 vocis
810 2262 972 2285 concentum
1004 2267 1051 2287 ac-
1070 2250 1092 2278 D

263 2300 446 2328 commodam.
458 2300 579 2329 llebrazis
591 2302 701 2336 quidem
716 2303 837 2330 nablium
855 2303 966 2337 dicitur,
978 2304 1050 2332 Grae-

265 2344 305 2371 cis
319 2345 424 2373 cithara
451 2346 538 2373 audit.
570 2347 684 2374 Rectum
711 2348 750 2375 illi
768 2349 869 2383 lignum
898 2354 996 2385 parant
1025 2356 1053 2378 et

265 2390 424 2418 alterutram
440 2391 468 2419 in
488 2396 592 2427 partem
611 2393 740 2421 inﬂexum
753 2394 817 2422 huic
832 2395 949 2423 chordas
973 2396 1053 2423 indu-

266 2438 332 2461 cunt
345 2434 469 2463 iutensas
484 2436 589 2464 decem.
607 2437 729 2470 Quarum
746 2446 919 2474 unaquaque
944 2440 978 2468 ad
993 2447 1053 2467 ver-

266 2478 346 2506 ticem
371 2481 486 2508 seorsim
503 2481 605 2517 illigata
623 2488 675 2516 est,
690 2484 752 2512 inde
775 2487 862 2520 capita
886 2486 1051 2514 chordarum

264 2524 427 2559 dependent.
446 2525 545 2554 Decem
571 2527 643 2555 enim
661 2529 753 2563 paxilli
765 2535 813 2557 aut
837 2531 963 2559 verticilli
978 2532 1052 2559 circa

265 2571 385 2598 cubitum
406 2579 488 2607 quem
505 2573 599 2601 dicunt
622 2574 744 2608 citharae,
760 2579 933 2611 torquentur,
953 2577 1052 2612 quibus

265 2616 399 2644 chordtcis
416 2618 564 2653 aliquando
578 2619 765 2654 intenduntur,
779 2621 914 2649 interdum
927 2622 1053 2650 laxantur

265 2662 298 2690 ad
316 2663 426 2690 modum
442 2669 593 2693 concentus
611 2670 658 2692 aut
675 2665 780 2694 libitum
795 2667 954 2695 citharista.
965 2669 1052 2703 Atque

265 2707 317 2734 hoc
327 2712 369 2735 est
381 2709 453 2743 quod
467 2717 581 2745 magnus
591 2710 709 2739 Basilius
719 2712 794 2743 dicit,
803 2712 961 2746 psalterium
975 2713 1052 2742 initia

265 2760 362 2781 vocum
374 2754 473 2783 habere
485 2755 511 2782 in
523 2763 641 2784 summo.
650 2756 741 2791 Neque
754 2758 838 2791 enim,
848 2762 878 2785 ut
889 2758 915 2785 in
931 2759 992 2786 aliis
1005 2767 1052 2787 vo-

264 2806 326 2825 cum
356 2801 476 2836 organis,
500 2808 596 2830 catttor
618 2804 804 2838 attemperatis
835 2805 919 2832 semel
943 2806 1052 2834 chordis

266 2845 354 2872 otiose
367 2847 446 2881 quasi
463 2848 583 2875 abutitur
595 2848 719 2884 pulsibus
733 2857 741 2882 ;
758 2849 803 2876 sed
830 2854 891 2885 post
916 2855 1052 2886 tempera-

266 2896 388 2919 mentum
415 2900 514 2922 vocum
530 2894 626 2922 dextra
654 2895 766 2931 quidem
787 2896 923 2931 plectrum
952 2901 1052 2924 tractat

1091 299 1265 336 διῃρημένως
1283 299 1333 334 τὴν
1356 299 1407 333 τῆς
1433 298 1575 325 διαλέκτου
1597 297 1748 333 μεταϐολὴν
1762 297 1878 333 ποιησά-

1093 352 1179 379 μινοι,
1199 344 1266 379 μηδὲ
1288 344 1318 370 ὲν
1336 343 1461 375 ἑκάστοις
1487 343 1591 370 ἔννοιαν
1612 344 1659 370 καὶ
1679 343 1753 376 λέξιν
1779 344 1879 371 ἀποδεο

1092 386 1311 417 δώκασιν.οῧτοι
1335 390 1383 416 καὶ
1407 390 1469 421 τοὺς
1487 389 1610 424 ψαλμοὺς
1630 390 1811 424 μεταθέμενοι
1832 389 1879 416 τὺν

1093 433 1202 469 πρῶτον
1226 434 1275 460 καὶ
1294 433 1341 460 τὸν
1363 433 1490 469 δεύτερον
1511 434 1716 469 ἀνεπιγράφους
1741 434 1878 468 ἐξέθεντο*

1093 478 1132 514 τῷ
1151 479 1254 514 Ἐσδρᾳ
1276 479 1384 511 πάντως
1412 479 1656 514 ἀκολουθήσαντες.
1683 479 1802 514 Ἔσδρας
1814 480 1880 515 γὰρ,

1099 524 1225 556 Ἰουδαῖος
1244 524 1396 560 φιλομαθὴς
1411 525 1458 552 καὶ
1484 525 1626 556 σπουδαῖος
1649 525 1730 560 ἀνὴρ,
1746 525 1800 560 πρὸ
1815 526 1880 552 ἑκα-

1093 569 1140 596 τὸν
1173 570 1220 597 καὶ
1245 571 1414 605 πεντήκοντα
1441 570 1573 596 ἐνιαυτῶν
1588 569 1640 605 τῆς
1661 570 1716 596 τῶν
1744 569 1882 606 Ἐϐδομή-

1094 624 1176 642 κοντα
1190 616 1236 642 δύο
1246 616 1378 647 ἐκδόσεως
1391 616 1478 643 πολλά
1491 624 1521 642 τε
1543 616 1611 644 ἄλλα
1625 616 1680 643 τῶν
1703 616 1882 652 προφητικῶν

1096 661 1204 696 βιϐλίων
1218 662 1382 697 διαρῥυέντα
1398 662 1427 688 τὸ
1445 662 1495 697 μὲν
1517 661 1562 688 διὰ
1589 661 1725 697 ρᾳθυμίαν
1738 662 1793 688 τῶν
1817 663 1883 689 Ἰου-

1095 708 1189 740 δαίων,
1205 708 1236 735 τὸ
1251 709 1279 734 δὲ
1299 709 1347 735 καὶ
1359 708 1403 735 διὰ
1414 708 1464 740 τὰς
1477 708 1576 743 συχνὰς
1590 708 1780 743 αίχμαλωσίας
1797 708 1878 735 πάλιν

1097 754 1246 788 συνήγαγε,
1267 753 1315 780 καὶ
1333 753 1425 788 μέντοι
1436 753 1484 779 καὶ
1502 753 1626 788 ψαλμοὺς
1640 753 1822 789 τρισχιλίους·
1840 751 1881 784 οἷς

1096 799 1144 824 καὶ
1166 799 1364 834 ἐπιγράμματα
1396 798 1518 824 τέθεικεν
1543 799 1560 825 ἃ
1582 798 1631 824 νῦν
1656 798 1776 834 ἔχουσιν.
1808 799 1879 825 Ἀλλ’

1098 843 1212 879 ὓστερον
1234 844 1356 875 Ἐζεκίας
1371 845 1384 870 ὸ
1398 844 1528 878 θεοσεϐὴς
1551 843 1693 878 βασιλεὺς,
1706 844 1770 875 τοὺς
1785 844 1883 871 ἑκατὸν

1101 890 1198 925 μόνους
1219 890 1265 916 καὶ
1279 890 1448 925 πεντήκοντα
1463 889 1587 924 ψαλμοὺς
1603 888 1793 924 ἐκλεξάμενος,
1820 890 1884 920 τοὺς

1098 934 1194 966 ἄλλους
1219 934 1338 969 ὴθέτησε
1356 941 1365 949 ο
1384 934 1415 960 τὸ
1441 934 1463 960 δ’
1477 935 1544 961 αὐτὸ
1558 935 1606 961 καὶ
1632 935 1696 970 περὶ
1716 935 1751 961 τὰ
1763 933 1810 960 τοῦ
1832 935 1883 961 Σο-

1098 980 1237 1016 λομῶντος
1260 980 1464 1015 συγγράμματα
1490 980 1636 1014 πεποίηκε,
1652 979 1716 1015 τρία
1740 979 1808 1014 μόνα
1837 979 1884 1013 ἐγ-

1098 1026 1212 1061 κρίνας·
1228 1026 1276 1057 τὰς
1293 1025 1457 1061 Παροιμίας,
1475 1028 1521 1052 τὸν
1541 1025 1768 1060 Ἑκκλησιαστὴν,
1785 1025 1833 1051 καὶ
1853 1024 1886 1051 τὸ

1098 1070 1244 1106 ’ᾼσμα.Τὰ
1258 1070 1281 1097 δ’
1291 1071 1359 1098 ἄλλα
1369 1071 1456 1098 πάντα
1465 1071 1679 1106 ἀποδοκιμάσας,
1695 1071 1744 1097 ὃσα
1759 1070 1885 1106 περιττὸς

1100 1118 1148 1153 τὴν
1166 1118 1261 1152 σοφίαν
1273 1117 1444 1152 γενόμενοςὸ
1463 1117 1590 1152 Σολομῶν
1606 1118 1670 1152 περὶ
1694 1116 1822 1153 οὐρανοῦ,
1837 1117 1886 1143 καὶ

1101 1163 1254 1198 στοιχείων,
1267 1164 1315 1190 καὶ
1338 1163 1440 1198 φυτῶν,
1457 1165 1505 1190 καὶ
1526 1163 1575 1198 τῆς
1597 1163 1713 1189 ἕκαστον
1743 1162 1885 1197 δυνάμεως

1101 1208 1299 1244 συνεγράψατο.
1316 1209 1402 1235 Τοῦτο
1420 1209 1450 1235 δὲ
1471 1209 1543 1235 κατὰ
1558 1208 1672 1243 γνώμην
1692 1207 1791 1242 εὐσεϐῆ
1812 1207 1886 1239 Ἐξε-

1100 1254 1163 1285 κιας
1189 1253 1317 1289 ἐποίησε,
1343 1253 1505 1289 βουλόμενος
1532 1254 1634 1285 πάντας
1664 1253 1823 1288 ἀνθρώπιυς
1846 1254 1886 1284 εἰς

1100 1299 1167 1325 θεὸν
1191 1299 1271 1334 μόνον
1297 1300 1493 1334 καταφεύγειν,
1516 1300 1563 1326 καὶ
1588 1299 1653 1334 παρ’
1678 1298 1761 1325 αὑτοῦ
1791 1298 1886 1333 ζητεῖν

1101 1344 1200 1375 παντὸς
1213 1343 1317 1375 πάθους
1333 1344 1382 1371 καὶ
1395 1344 1549 1379 νοσήματος
1568 1344 1718 1379 θεραπείαν
1729 1352 1736 1359 ·
1754 1343 1822 1370 ἀλλὰ
1849 1343 1887 1379 μὴ

1102 1390 1190 1424 ξύλοις
1204 1391 1252 1417 καὶ¹
1270 1390 1354 1422 λίθοις
1370 1391 1483 1422 ἑαυτοὺς
1493 1390 1662 1423 ἀνατιθέναι,
1676 1389 1822 1417 κάντεῦθεν
1836 1398 1888 1416 κα‹

1100 1437 1244 1472 ταφρονεῖν
1255 1437 1305 1471 τῆς
1318 1436 1365 1463 τοῦ
1377 1436 1445 1463 Θεοῦ
1456 1437 1539 1471 τιμῆς
1555 1443 1562 1451 ·
1581 1436 1629 1462 καὶ
1643 1436 1707 1471 περὶ
1723 1435 1773 1470 μὲν
1784 1434 1887 1461 τούτων

1101 1481 1229 1508 τοσαῦτα.
1250 1481 1302 1508 Δύο
1319 1481 1347 1508 δὲ
1369 1481 1459 1513 αίτίας
1477 1481 1527 1516 τῆς
1546 1481 1600 1507 τῶν
1619 1480 1735 1515 Γραφῶν
1753 1480 1887 1512 ἀσαφείης

1102 1527 1188 1553 είπεῐν
1203 1526 1300 1561 ἔχομεν
1312 1533 1320 1541 ·
1331 1525 1396 1561 μίαν
1407 1525 1467 1560 μὲν,
1477 1526 1517 1552 ὃτι
1525 1525 1579 1551 ὰπδ
1591 1525 1641 1560 τῆς
1651 1525 1788 1560 Ἐϐραῖδος
1796 1525 1886 1551 διαλέ-

1102 1581 1166 1599 κτου
1176 1573 1214 1604 είς
1223 1571 1272 1607 τὴν
1280 1571 1418 1607 Ἑλληνίδα
1431 1571 1645 1607 μετεϐλήθησαν.
1655 1571 1738 1598 Ὅταν
1745 1571 1773 1597 δὶ
1781 1570 1888 1605 γλῶττα

1102 1619 1142 1650 είς
1151 1619 1247 1653 ἑτέραν
1255 1617 1422 1654 ἑρμηνευθῇ,
1432 1617 1532 1652 πολλὴν
1542 1617 1598 1652 ἔχει
1609 1616 1762 1648 δυσκολίαν,
1773 1616 1821 1642 καὶ
1832 1616 1890 1642 ἰσα-

1103 1673 1155 1697 σιν,
1166 1664 1223 1691 ὅσοι
1234 1664 1339 1691 πολλῶν
1354 1663 1485 1698 γλωσσῶν
1498 1663 1635 1699 ἔμπειροι.
1651 1662 1785 1697 Δευτέραν
1794 1662 1832 1694 δὲ,
1848 1662 1889 1688 ὁτι

1103 1711 1188 1738 πολλὰ
1198 1711 1377 1746 προλέγουσιν
1387 1711 1443 1742 τοῖς
1451 1710 1587 1741 Ἰουδαίοις
1596 1710 1625 1736 αἱ
1634 1710 1797 1744 προφητεῖαι
1805 1709 1887 1740 κακὰ,

1103 1758 1151 1783 καὶ
1167 1757 1203 1788 ὡς
1227 1757 1306 1783 αὐτοὶ
1330 1756 1380 1792 μὲν
1406 1756 1632 1791 ἐκϐληθήσονται,
1647 1756 1728 1790 ἡμεῖς
1752 1754 1780 1780 δὲ
1805 1753 1890 1780 είσδε-

1104 1801 1274 1837 χθησόμεθα.
1288 1801 1336 1828 'lv‘
1350 1800 1396 1827 οὖν
1414 1801 1451 1836 μὴ
1467 1801 1560 1834 σαφῶς
1573 1801 1738 1831 ἀκούσαντες
1754 1798 1830 1834 παρὰ
1841 1799 1890 1833 τὴν

1104 1847 1191 1883 ἀρχὴν
1207 1846 1426 1882 διαχειρίσωνται
1447 1846 1511 1877 τοὺς
1523 1845 1653 1877 λέγοντας
1672 1845 1759 1872 ταῦτα
1778 1845 1887 1879 προφή-

1104 1904 1162 1927 τας,
1177 1895 1224 1921 καὶ
1237 1895 1271 1921 τὰ
1282 1894 1371 1929 βιϐλία
1385 1893 1549 1928 ἀφανίσωσι,
1562 1892 1607 1920 διὰ
1619 1892 1699 1919 τοῦτο
1714 1893 1746 1927 τῇ
1760 1891 1890 1926 δυσκολίᾳ

1104 1943 1154 1976 τῆς
1166 1941 1313 1976 ἑρμηνείας
1339 1940 1389 1972 τὰς
1413 1939 1582 1976 προρρήσεις
1604 1938 1776 1972 ἀπέκρυψαν,
1793 1938 1890 1973 Τρίτον

1105 1986 1249 2021 προέκειτο
1271 1985 1399 2021 ζητῆσαι,
1412 1985 1440 2012 τί
1463 1984 1495 2010 τὺ
1513 1983 1672 2019 ψαλτήριον,
1693 1983 1740 2010 καὶ
1763 1982 1797 2009 τὰ
1814 1983 1889 2016 ιξῆς.

1106 2031 1184 2058 Ἔστι
1207 2030 1297 2058 τοίνυν
1314 2030 1345 2057 τὺ
1356 2029 1505 2065 ψαλτήριον
1527 2029 1643 2064 ὄργανον
1668 2028 1800 2064 μουσικὸν.
1809 2028 1891 2055 611d-

1105 2077 1210 2112 χορδον,
1228 2077 1260 2103 ὲκ
1275 2076 1329 2103 τῶν
1341 2075 1445 2103 ἄνωθεν
1464 2075 1557 2111 μερῶν
1568 2075 1619 2107 τῆς
1630 2074 1804 2109 κατασκευῆς
1820 2075 1890 2101 ἁπο-

1104 2121 1200 2148 τελοῦν
1221 2121 1267 2149 τὸν
1286 2119 1365 2156 ἦχον,
1377 2121 1556 2157 ἐναρμονίους
1577 2121 1640 2152 τοὺς
1665 2119 1803 2155 φθόγγους
1821 2120 1891 2156 πρὸς

1104 2167 1154 2201 τὴν
1180 2167 1213 2194 ἐκ
1238 2167 1287 2202 τῆς
1304 2167 1396 2202 φωνῆς
1421 2167 1555 2202 μελῳδίαν
1569 2165 1721 2193 ἀποδιδοῦν.
1741 2165 1818 2201 Παρὰ
1839 2166 1890 2199 μὲν

1112 2214 1249 2249 Ἑϐραίοις
1267 2213 1352 2240 ναύλα
1366 2212 1521 2248 λεγόμενον,
1539 2213 1604 2247 παρ’
1616 2212 1730 2247 Ἕλλησι
1744 2211 1772 2238 δὲ
1789 2211 1892 2246 κιθάρα

1106 2259 1316 2295 ὀνομαζόμενον.
1324 2258 1612 2294 Κατεσκευάσατογὰρ
1625 2258 1717 2289 αὐτοῖς
1725 2257 1805 2293 ὀρθὸν
1812 2257 1890 2290 ξύλον

1107 2305 1155 2333 καὶ
1177 2305 1388 2341 ἀπαρέγκλιτον,
1405 2304 1502 2340 χορδαὶ
1517 2305 1546 2331 δὲ
1565 2305 1594 2330 ὲν
1618 2303 1707 2339 τούτῳ
1725 2303 1792 2330 δέκα
1817 2303 1889 2329 ἐτεί-

1105 2358 1193 2378 νοντο.
1215 2350 1334 2385 Ἐκάστη
1356 2349 1385 2376 δὲ
1399 2349 1455 2376 τῶν
1469 2349 1572 2384 χορδῶν
1583 2349 1622 2380 είς
1634 2348 1665 2374 τὸ
1680 2347 1889 2383 ἀκροτελεύτιον

1104 2396 1152 2423 τοῦ
1176 2395 1326 2431 ψαλτηρίου
1350 2395 1524 2431 διῃρημένως
1549 2394 1765 2429 ἔναπεσφίγγετο
1781 2402 1789 2410 ·
1812 2395 1840 2421 αί
1861 2394 1890 2420 δὶ

1106 2442 1191 2477 ἀρχαὶ
1205 2442 1260 2468 τῶν
1274 2441 1377 2477 χορδῶν
1392 2441 1518 2468 καθίεντο
1540 2440 1655 2468 ἄνωθεν.
1672 2440 1744 2467 Δέκα
1767 2440 1823 2476 γὰρ
1842 2440 1889 2467 κό-

1105 2488 1192 2519 λαϐοι,
1219 2487 1268 2515 εῐτ¹
1297 2485 1344 2515 οὖν
1369 2487 1552 2514 πασσαλίσκοι
1576 2486 1640 2523 περὶ
1656 2486 1702 2513 τὸν
1728 2486 1817 2522 πῆχυν
1842 2486 1890 2513 τοῦ

1105 2532 1256 2568 ψαλτηρίου
1281 2531 1463 2567 στρεφόμενοι
1489 2531 1622 2557 ἔτείνοντο
1647 2530 1697 2566 τὴν
1719 2530 1819 2566 χορδὴν
1842 2531 1891 2557 καὶ

1105 2578 1219 2614 ὲχάλων,
1236 2577 1304 2613 πρὸς
1322 2577 1352 2604 δι
1366 2577 1413 2604 τὸν
1426 2576 1530 2613 ῥυθμὸν
1541 2576 1589 2612 τῆς
1601 2575 1746 2611 ἁρμονίας,
1759 2576 1807 2603 καὶ
1822 2576 1890 2611 πρὸς

1105 2623 1135 2650 τὸ
1149 2623 1195 2650 τοῦ
1211 2623 1356 2659 ψαλτῳδοῦ
1375 2623 1508 2658 βούλημα.
1518 2623 1573 2649 Καὶ
1587 2621 1666 2649 τοῦτό
1680 2623 1764 2655 ἐστιν,
1780 2622 1794 2648 ὃ
1808 2630 1891 2657 φησιν

1105 2671 1119 2697 ὁ
1133 2670 1221 2705 μέγας
1236 2669 1434 2701 Βασίλειος,ὃτι
1447 2668 1479 2695 τὸ
1488 2668 1636 2704 ψαλτήριον
1647 2667 1750 2694 ἄνωθεν
1764 2667 1821 2702 ἔχει
1836 2667 1892 2694 τῶν

1105 2715 1231 2750 φθόγγων
1243 2715 1291 2747 τὰς
1304 2714 1487 2750 ἀφορμάς.οὺ
1497 2714 1561 2749 γὰρ,
1572 2713 1667 2749 ὥσπερ
1678 2713 1726 2740 ἐπὶ
1739 2712 1793 2739 τῶν
1804 2713 1891 2740 ἄλλων

1105 2760 1318 2795 ὸργάνων,ᾶπαξ
1329 2761 1343 2787 ὁ
1353 2760 1481 2796 μουσικὸς
1494 2759 1716 2795 ἑναρμοσάμενος
1731 2759 1781 2790 τὰς
1792 2759 1891 2794 χορδὰς

1105 2806 1291 2841 ἀπραγμόνως
1317 2806 1416 2842 χρῆται
1435 2805 1474 2840 τῷ
1493 2805 1639 2841 κρούματι,
1653 2805 1721 2832 ἀλλὰ
1745 2805 1813 2840 μετὰ
1841 2805 1891 2839 τὴν

1106 2852 1239 2887 ἁρμονίαν
1266 2852 1283 2887 ἡ
1310 2852 1359 2887 μὲν
1385 2851 1459 2884 δεξιὰ
1483 2851 1514 2877 τὸ
1538 2850 1676 2887 πλῆκτρον
1701 2850 1890 2885 μεταχειρίζε-

1106 2905 1152 2924 ται
1167 2905 1174 2913 ·
1208 2898 1225 2932 ὴ
1253 2897 1281 2924 δὲ
1316 2897 1379 2926 λαιὰ
1399 2897 1501 2925 ἄνωθεν
1524 2896 1723 2932 ὲπιτενξαμὲνη
1746 2896 1802 2923 τῶν
1826 2904 1890 2931 χορ·
