2075 3157
182 203 253 235 1065

649 195 847 228 ΡΒΕῈΑΤῙΟ
865 195 916 225 AD
932 193 1106 224 CATENAM
1125 194 1164 225 IN
1180 193 1356 225 PSALMOS.

1728 193 1797 224 1066

173 260 227 286 δῶν
255 257 326 285 κατὰ
353 256 507 286 διαστάσεις
523 273 531 287 ,
559 253 607 280 καὶ
634 252 726 278 πυκνὰ
764 251 827 281 τοὺς
857 248 975 282 δακτὺτ

1027 249 1121 276 inislra
1138 256 1202 276 vero
1223 248 1249 275 in
1265 246 1498 276 snmmochordas
1509 247 1645 282 stringens
1659 248 1798 282 perium--

174 306 237 336 λους
267 303 450 338 μετατιθείσα,
464 301 549 336 βαρὺν
574 301 591 336 ἢ
616 299 678 332 ὀξὺν
700 298 746 325 τὸν
773 296 890 331 φθόγγον
914 295 960 330 ἐρ-

175 350 298 384 γάζεται.
320 348 428 376 Πολλῶν
444 348 472 374 δὲ
494 347 578 373 όντων
592 345 717 380 ὀργάνων
747 342 894 378 μουσικῶν,
910 341 959 376 τὴν

176 395 266 430 βίὃλον
279 395 334 420 τῶν
360 393 483 427 Ψαλμῶν
507 392 575 427 πρὸς
597 392 627 418 τὸ
648 390 794 424 λεγόμενον
813 387 961 422 ψαλτήριον

176 441 296 475 ἥρμοσεν
312 440 326 465 ό
339 439 491 474 προφήτης.
507 438 567 472 ὲμοῖ
583 437 683 466 δοκεῖν,
700 435 749 470 τὴν
763 433 866 461 ἄνωθεν
883 432 959 468 αὑτῷ

177 485 326 520 ἑνηχοῦσαν
346 484 424 520 χάριν
445 483 518 518 παρὰ
542 482 590 509 τοῦ
613 481 770 516 Πνεύματος
792 478 962 512 ἐνδεικνύμε-

179 540 222 562 νος
235 538 242 545 ·
255 531 323 557 διότι
342 530 420 557 τοῦτο
436 530 516 564 μόνον
533 528 588 555 τῶν
606 527 743 563 μουσικῶν
765 526 889 560 ὁργάνων
912 525 963 560 τὴν

180 576 270 603 αἰτίαν
279 576 332 603 τῶν
343 576 468 611 φθόγγων
485 575 517 601 ἐκ
532 574 586 601 τῶν
603 573 707 601 ἄνωθεν
718 573 784 607 ἔχει,
796 572 833 603 ὡς
845 571 963 606 είρηται.

180 622 219 656 Τῇ
234 622 334 656 κιθάρᾳ
353 621 402 656 μὲν
414 622 478 657 γὰρ,
491 621 536 648 καὶ
552 622 584 657 τῇ
605 621 676 656 λύρᾳ
690 619 813 646 κάτωθεν
828 619 843 645 ὁ
859 618 960 653 χαλκὸς

182 667 285 701 ὑπηχεῖ
305 665 372 699 πρὸς
387 665 417 692 τὸ
439 665 575 700 πλῆκτρον
590 674 597 681 ·
612 664 643 691 τὺ
661 664 810 699 ψαλτήριον
834 662 862 689 δὲ
884 661 962 688 τοῦτο

181 712 235 738 τῶν
254 710 410 746 ἁρμονικῶν
430 710 541 746 ῥυθμῶν
566 709 668 736 ἄνωθεν
689 709 745 744 ἔχει
759 708 807 740 τὰς
824 706 962 742 ἀφορμὰς,

182 757 226 783 ῐνα
240 757 286 782 καὶ
302 757 381 791 ἡμεῖς
400 756 435 782 τὰ
448 755 503 783 ἄνω
524 757 618 791 ζητεῖν
633 754 801 791 μελετῶμεν,
817 754 865 780 καὶ
881 753 918 789 μὴ
930 754 964 788 τῇ

181 802 262 838 ἡδονῇ
284 801 331 828 τοῦ
351 801 447 836 μέλους
459 801 506 828 ἐπὶ
526 801 560 828 τά
572 801 623 835 τῆς
643 800 743 836 σαρκὸς
755 799 828 834 πάθη
843 806 965 833 καταφε-

183 847 304 883 ρὼμεθα.
318 848 436 875 Κάκεϊνο
447 847 476 874 δὲ
487 845 563 882 οἶμαι
579 847 625 873 τδν
635 846 802 881 προφητικὸν
821 844 899 879 λόγον
916 843 964 879 βα-

183 894 251 925 θέως
272 893 338 928 ήμίν
364 893 410 919 καὶ
431 892 521 927 σοφῶς
541 892 585 919 διὰ
601 893 652 927 τῆς
674 890 720 917 τοῦ
744 890 858 925 ὀργάνου
880 897 966 916 κατα-

1014 294 1083 321 valla
1098 299 1124 321 ct
1141 294 1236 321 crebro
1250 294 1381 320 oberrans
1397 293 1498 327 digitis,
1514 301 1611 320 sonum
1629 299 1676 320 aut
1689 302 1798 329 gravem

1014 343 1061 366 aut
1072 344 1179 366 acutum
1190 338 1281 365 clIiciI.
1292 338 1422 371 Quamvis
1433 346 1497 365 vero
1509 347 1561 365 non
1575 346 1657 365 unum
1668 340 1704 366 sit
1717 347 1799 373 orga-

1015 392 1078 411 num
1106 384 1252 416 musicum,
1270 383 1438 410 Psalmorum
1457 388 1546 411 tamen
1570 384 1668 411 librum
1687 386 1719 411 ad
1732 385 1798 412 illud

1015 430 1086 464 quod
1098 429 1254 464 psalterium
1279 429 1377 456 dicitur
1388 429 1507 456 maxime
1526 430 1743 456 accommodavit
1755 438 1801 455 va-

1016 479 1106 506 tes,ut
1116 475 1180 502 mihi
1192 475 1306 506 videtur,
1321 475 1434 509 gratiam
1446 475 1518 502 illam
1533 475 1620 502 sancti
1633 476 1751 510 Spiritus
1766 476 1801 502 si-

1016 520 1192 555 gniﬁcaturus
1217 527 1277 553 qua:
1301 527 1333 546 ex
1350 519 1405 546 alto
1433 519 1543 554 profusa
1569 520 1748 548 suavissimos
1773 522 1801 547 in

1018 565 1079 600 ipso
1096 565 1191 592 modos
1208 565 1292 592 cieret
1310 574 1316 592 :
1335 565 1398 599 quia
1416 565 1468 592 hoc
1494 566 1583 592 solum
1601 565 1670 592 inter
1698 567 1801 592 musica

1016 610 1207 641 instrumenta,
1216 617 1325 643 vocum,
1335 614 1365 637 ut
1372 610 1503 644 diximus,
1512 618 1609 638 causas
1619 618 1633 637 a
1645 613 1803 638 summitate

1017 655 1107 683 habet.
1118 655 1236 683 Citharte
1246 656 1354 690 quidem
1363 661 1390 683 et
1399 656 1462 691 lyrae
1474 656 1506 683 ad
1522 656 1616 689 plectri
1635 657 1743 691 pulsum
1765 665 1803 683 aes

1016 702 1130 730 inferius
1146 702 1292 737 respondet
1319 711 1326 730 :
1351 702 1507 737 psalterium
1520 706 1609 729 autem
1626 710 1802 730 numerorum

1018 747 1184 774 musicorum
1210 747 1238 774 in
1264 754 1372 774 summo
1390 755 1486 775 causas
1502 747 1591 778 habet,
1606 752 1636 774 ut
1651 752 1679 775 et
1693 756 1744 775 nos
1769 749 1802 774 ad

1019 800 1138 828 superna
1152 793 1296 827 quaerenda
1312 800 1362 820 nos
1377 799 1645 827 comparemus.,nec
1662 793 1804 821 lenociniis

1019 842 1115 865 cantus
1134 838 1168 865 ad
1180 838 1268 865 studia
1283 839 1375 865 carnis
1389 838 1558 872 dejieiamur.
1577 838 1633 866 lloc
1646 839 1719 866 enim
1733 839 1802 865 divi-

1020 883 1047 910 ni
1058 883 1127 910 vatis
1137 883 1478 918 sermonenr,sapicntiain
1493 883 1588 918 primis
1603 885 1740 912 recondita
1757 892 1805 918 per

185 938 287 972 σκευῆς
312 937 486 972 ὲνδεδεῖχθαι,
499 937 539 964 ὅτι
561 937 586 963 oi
602 935 731 971 ἐμμελεῖς
744 936 792 962 καὶ
808 935 969 970 ὲνάρμοστοι

1027 929 1196 956 instrumenti
1212 929 1291 964 hujus
1306 934 1472 956 structuram
1490 930 1570 957 nobis
1580 930 1738 964 indigitasse
1750 932 1805 965 opi-

184 983 233 1013 τᾰς
258 981 346 1017 ψυχὰς
369 982 465 1018 ῥᾳδίαν
483 981 574 1016 ἔχουσι
592 981 642 1015 τὴν
658 981 697 1012 είς
719 980 753 1006 τὰ
776 979 832 1007 ἄνω
847 979 968 1015 πορείαν.

185 1027 221 1053 Τὸ
242 1027 270 1053 δὲ
283 1027 430 1062 ψαλτήριον
457 1026 618 1061 δεκάχορδον
631 1025 660 1053 ὃν
676 1024 886 1060 αίνιγματωδῶς
900 1032 972 1059 παρ-

185 1071 281 1106 εδήλου
313 1072 344 1098 τὸ
364 1072 454 1107 σῶμα,
482 1072 530 1099 ἆτε
553 1071 633 1098 πέντε
657 1070 797 1105 αἰσθήσεις
829 1069 901 1104 ἕχον,
925 1068 973 1095 καὶ

187 1119 268 1144 πέντε
284 1117 334 1152 τῆς
358 1118 446 1153 ψυχῆς
463 1117 613 1152 ἐνεργείας,
629 1117 662 1143 δι’
684 1116 803 1150 ἑκάστης
820 1115 973 1151 αἰσθήσεως

188 1164 337 1198 γινομένης
363 1163 503 1197 ἐνεργείας
528 1162 655 1197 ἑκάστης.
669 1161 754 1189 ὀταν
775 1161 829 1195 γὰρ
857 1160 973 1187 ἕκαστον

189 1208 364 1244 αἰσθητήριον
383 1209 485 1244 ἑκάστῃ
500 1208 614 1243 δυνάμει
627 1207 678 1238 τῆς
702 1206 790 1242 ψυχῆς
814 1206 973 1241 προσαρμό-

191 1262 294 1287 σωμεν,
310 1253 357 1280 καὶ
377 1253 445 1288 προς
466 1252 496 1278 τὸ
511 1253 584 1287 ἱερὸν
601 1252 680 1287 μέλος
709 1251 807 1282 αὐτοὺς
827 1250 974 1286 διοργανώ-

191 1306 293 1333 σωμεν,
302 1298 461 1332 δεκάχορδον
473 1298 603 1333 γινόμεθα
616 1298 766 1333 ψαλτήριον
777 1297 815 1332 τῷ
827 1297 897 1332 Θεῷ.
908 1298 974 1332 ἡμῖν

194 1343 242 1377 μὲν
263 1344 525 1379 μουσουργοὺμενον,
544 1343 618 1379 καλῴ
631 1343 659 1370 δὲ
678 1343 798 1380 τεχνίτῃ,
815 1343 853 1378 τῷ
883 1342 969 1370 Πνεύ-

195 1398 259 1423 ματι
275 1390 501 1425 ἀνακρουόμενον.
524 1390 603 1417 Ἀλλὰ
617 1389 739 1416 τοιοῦτον
757 1389 807 1424 μὲν
826 1389 856 1415 τδ
869 1388 972 1424 ψαλτή-

194 1444 251 1470 ριον
268 1443 275 1451 ·
290 1435 396 1471 ψαλμὸς
411 1436 439 1463 δέ
451 1437 508 1462 ἐστι
523 1435 601 1470 λόγος
619 1435 757 1470 μουσικὸς,
777 1435 823 1461 καὶ
840 1434 924 1469 ὕμνος
936 1433 975 1469 τῷ

193 1481 252 1516 Θεῷ
267 1481 480 1517 προσαγόμενος,
492 1482 546 1508 ἀπὸ
557 1481 603 1507 τοῦ
617 1480 766 1515 ψαλτηρίου
784 1480 899 1515 ὀργάνου
915 1480 976 1515 κλη-

194 1526 260 1558 θείς.
276 1527 321 1553 Διδ
333 1528 360 1554 αἱ
371 1527 449 1554 ἄλλαι
461 1527 580 1562 Γραφαὶ,
594 1527 654 1552 ἐπεὶ
672 1526 709 1561 μὴ
719 1525 788 1560 πρὸς
803 1525 883 1551 αὐλὸν
896 1525 977 1559 ὲψάλ-

194 1571 279 1603 λοντο,
296 1572 345 1606 τῆς
359 1571 405 1598 τοῦ
420 1571 527 1606 ψαλμοῦ
549 1571 709 1606 ἐστέρηνται
728 1571 859 1605 κλήσεως.
873 1570 933 1621 Χρὴ
948 1570 976 1596 δὲ
989 1591 1012 1621 C

198 1616 265 1652 μηδὲ
292 1616 432 1651 διάψαλμα
456 1617 644 1652 παραδραμείν
664 1616 831 1651 ἀθεώρητον.
848 1615 911 1642 Τισὶ
927 1616 977 1651 μὲν

197 1661 348 1698 μεταϐολὴν
362 1661 408 1688 τοῦ
424 1662 567 1697 νοήματος,
581 1661 597 1696 ἢ
616 1661 788 1696 πράγματος,
801 1660 816 1695 ἢ
829 1660 977 1696 προσώπου

196 1708 338 1743 σημαίνειν
361 1707 490 1742 ἐνομίσθη
510 1708 540 1733 τὸ
565 1707 725 1741 διάψαλμα·
739 1706 795 1733 τισὶ
823 1706 852 1732 δὲ
880 1706 978 1741 μέλους

196 1753 355 1790 ἐναλλαγὴν,
374 1753 438 1779 πότε
455 1753 504 1788 μὲν
521 1752 669 1788 βαρύτερον
688 1751 892 1787 ἀπηχουμὲνου,
909 1751 978 1778 πότε

196 1799 225 1825 δὲ
240 1799 377 1834 ὀξύτερον.
393 1799 499 1834 Ἔτεροι
523 1799 552 1825 δέ
571 1807 668 1833 φασιν,
685 1798 725 1825 ὅτι
742 1797 876 1829 συντιθεὶς
900 1798 913 1824 ὁ
927 1798 980 1823 Δα-

196 1845 240 1871 δὶδ
262 1845 377 1872 ἕκαστον
395 1845 448 1872 τῶν
462 1845 577 1880 ψαλμῶν
602 1843 745 1879 παρεδίδου
762 1843 804 1869 ὲν¹ι
835 1843 919 1878 χορῷ,
931 1843 979 1869 καὶ

198 1889 311 1924 ἔψαλλεν
325 1891 426 1917 ἐκεῖνον
442 1891 469 1916 ὲν
481 1890 577 1924 ἐκείνῳ
593 1889 632 1924 τῷ
655 1889 738 1924 χορῷ.
751 1889 782 1914 Εἰ
804 1888 832 1914 δέ
857 1897 908 1914 που
921 1888 979 1914 ἐδο-

199 1936 243 1968 ξεν
258 1936 329 1971 αὐτῷ
345 1936 415 1963 κατὰ
430 1936 512 1970 μέσον
535 1935 582 1961 τοῦ
598 1934 719 1970 ψαλμοῦ,
741 1934 789 1960 καὶ
808 1934 881 1969 ἄλλῳ
905 1933 980 1968 χορῷ

200 1982 365 2017 παραδοῦναι
379 1982 408 2007 τὺ
418 1980 509 2007 λοιπὸν
537 1980 584 2007 τοῦ
608 1979 725 2014 ψαλμοῦ,
740 1980 800 2005 τότε
817 1979 864 2005 καὶ
878 1980 895 2013 ἡ
920 1979 980 2005 δια-

198 2026 264 2061 δοχὴ
275 2025 321 2052 τοῦ
337 2025 440 2061 ῥυθμοῦ
457 2025 578 2051 ἐκαλεῖτο
598 2024 748 2060 διάψαλμσ..
779 2024 874 2058 Ἡμεῖς
887 2025 915 2050 δὲ
929 2024 981 2055 τὰς

199 2078 228 2096 τε
246 2071 300 2096 τῶν
326 2070 464 2105 προτέρων
481 2068 629 2104 ὑπολήψεις
657 2070 707 2095 οὐκ
721 2069 923 2103 ἀποὸάλλομεν-
940 2069 981 2095 ὲν-

202 2115 297 2150 νοῆσαι
312 2115 339 2142 δὲ
356 2124 393 2148 τι,
409 2116 455 2141 καὶ
478 2116 541 2150 παρ’
557 2115 660 2141 ἑαυτῶν
681 2115 749 2151 πρὸς
764 2114 812 2150 τὴν
835 2114 883 2141 τοῦ
899 2114 982 2150 ῥητοῦ

203 2160 339 2196 σημασίαν
355 2161 405 2187 οὐκ
422 2162 622 2196 ἀποκνήσομεν.
642 2160 776 2196 Τοιαύτην
791 2159 837 2187 οὖν
850 2169 911 2187 τινα
934 2159 982 2186 τοῦ

199 2206 385 2241 διαψάλματος
399 2207 583 2241 κατελάϐομεν
598 2207 647 2242 τήν
661 2207 791 2239 διάνοιαν,
805 2207 845 2233 ὅτι
872 2207 983 2242 προϊού-

1023 980 1081 1007 nor,
1100 975 1172 1009 quod
1189 975 1297 1002 animus
1314 975 1470 1002 moderatus
1485 981 1512 1002 et
1539 976 1706 1010 compositus
1723 984 1805 1011 cxpe-

1022 1019 1106 1046 ditum
1119 1020 1170 1047 iter
1187 1020 1284 1048 habeat
1298 1020 1331 1048 ad
1355 1021 1461 1048 altiora.
1478 1020 1638 1048 Psalterium
1651 1026 1740 1050 autem
1752 1024 1805 1056 de—

1023 1072 1082 1092 cem
1108 1066 1218 1093 chordis
1231 1073 1364 1094 resonans
1393 1074 1440 1101 per
1461 1067 1574 1102 ﬁguram
1591 1075 1692 1102 corpus
1711 1073 1806 1096 ostcih

1023 1109 1063 1137 dit
1083 1110 1207 1145 quinque
1229 1111 1365 1144 sensibus,
1382 1116 1409 1138 et
1425 1112 1544 1139 animum
1568 1113 1689 1149 quinque
1719 1114 1805 1141 facul-

1025 1156 1125 1183 tatibus
1149 1156 1302 1191 praeditum,
1330 1164 1446 1192 quarum
1474 1159 1589 1193 singulm
1612 1166 1659 1193 per
1683 1160 1807 1195 singulos

1024 1208 1120 1228 sensus
1142 1200 1231 1228 oﬂicio
1263 1209 1314 1229 suo
1345 1202 1504 1237 funguntur.
1524 1202 1575 1230 Ubi
1589 1204 1667 1240 enim
1683 1205 1807 1240 singulos

1025 1256 1123 1277 Sensus
1133 1249 1248 1284 singulis
1259 1249 1356 1276 anima:
1367 1249 1541 1278 facultatibus
1554 1252 1806 1284 accommodamus,

1025 1299 1052 1321 ct
1074 1294 1106 1321 ad
1136 1302 1214 1322 usum
1244 1302 1329 1322 sacrae
1358 1295 1553 1324 modulationis
1584 1301 1807 1332 attemperamus,

1025 1339 1183 1374 psalterium
1205 1339 1298 1368 decem
1310 1340 1474 1368 chordarum
1496 1341 1552 1369 Deo
1566 1342 1715 1376 efﬁcimur;
1734 1345 1808 1378 quod

1027 1395 1041 1413 ο
1053 1388 1132 1415 nobis
1148 1388 1256 1423 quidem
1272 1388 1402 1415 melodice
1417 1388 1613 1422 eouformatur,
1629 1390 1675 1417 sed
1691 1397 1706 1416 a
1722 1390 1809 1424 perito

1027 1433 1132 1460 artiﬁce
1158 1439 1253 1461 sancto
1271 1433 1372 1467 Spiritu
1389 1433 1522 1469 pulsatur.
1540 1434 1605 1462 Tale
1623 1439 1713 1462 autem
1736 1436 1809 1470 psal-

1029 1479 1137 1506 terium.
1157 1478 1283 1507 Psalmus
1311 1484 1456 1507 autemest
1478 1487 1569 1507 sermo
1600 1481 1770 1513 modulatus,
1783 1486 1811 1508 et

1028 1523 1145 1558 hymnus
1160 1525 1194 1551 ad
1211 1524 1296 1552 Deum
1310 1525 1440 1558 directus,
1453 1533 1468 1553 a
1485 1526 1613 1560 psalterio
1629 1526 1811 1553 instrumento

1028 1576 1127 1595 nomen
1150 1569 1270 1597 trahens.
1294 1570 1385 1603 Quare
1405 1570 1457 1597 alia
1475 1571 1584 1605 quidem
1603 1570 1748 1598 Librorum
1764 1578 1809 1598 sa-

1028 1621 1136 1642 crorum
1147 1615 1295 1648 volumina,
1311 1615 1374 1650 quia
1388 1615 1421 1643 ad
1438 1616 1530 1642 tibiam
1548 1623 1602 1643 non
1628 1616 1808 1648 canebantur,

1028 1659 1126 1694 psalmi
1148 1660 1259 1687 nomine
1291 1665 1397 1688 carent.
1422 1660 1507 1688 Porro
1536 1669 1624 1696 neque
1646 1662 1812 1697 diapsalma~

1030 1705 1066 1732 tis
1084 1705 1248 1733 mentionem
1281 1706 1406 1734 omittere
1438 1707 1511 1734 licet.
1539 1707 1707 1741 Quibusdam
1738 1707 1811 1735 enim

1030 1751 1270 1779 commutationem
1287 1759 1396 1785 sensus,
1410 1757 1458 1780 aut
1474 1753 1523 1786 rei,
1538 1759 1719 1788 antpersona:
1727 1754 1813 1789 signi-

1032 1796 1114 1823 ﬁcare
1127 1797 1261 1824 creditum
1275 1804 1317 1824 est
1329 1798 1502 1832 diaptalma;
1519 1799 1681 1833 quibusdam
1698 1807 1759 1826 vero
1771 1800 1814 1826 di-

1031 1842 1148 1869 scrimen
1163 1849 1261 1870 cantus
1275 1843 1422 1878 aliquando
1435 1845 1545 1879 gravius
1560 1845 1723 1872 autacutius
1738 1853 1815 1872 resn—

1033 1888 1134 1915 nantis.
1151 1888 1319 1921 Aliidicunt.
1343 1889 1472 1917 Davidem
1493 1890 1538 1917 ubi
1552 1890 1668 1925 aliquem
1685 1891 1815 1926 hymnum

1031 1935 1224 1969 composuerit,
1237 1935 1352 1970 aliquem
1363 1943 1378 1962 e
1387 1936 1478 1963 choris
1489 1940 1632 1963 cantorum
1646 1937 1814 1968 adhibuisse.

1032 1980 1214 2014 canitiemque
1227 1980 1296 2007 inter
1308 1981 1370 2007 illos
1381 1981 1549 2007 modulatum
1566 1989 1638 2008 esse.
1651 1981 1741 2008 Sir-ubi
1751 1990 1816 2009 vero

1033 2024 1119 2051 eidem
1132 2025 1220 2051 visum
1234 2024 1314 2051 fuerit
1325 2025 1464 2052 diilindere
1487 2026 1566 2059 quasi
1581 2026 1724 2060 psalmum,
1753 2035 1816 2061 par-

1036 2070 1149 2100 temque
1158 2067 1291 2101 reliquam
1306 2068 1384 2094 alteri
1396 2069 1502 2095 cuidam
1516 2069 1601 2097 choro
1617 2069 1734 2102 tradere,
1753 2076 1817 2098 tunc

1034 2111 1094 2138 illas
1102 2111 1228 2138 cantandi
1245 2111 1317 2139 vices
1332 2111 1417 2140 fuisse
1430 2113 1578 2148 diapsalma
1591 2114 1749 2148 appellatas.
1762 2115 1816 2142 Nos

1033 2164 1099 2184 vero
1110 2157 1182 2184 sicut
1201 2157 1322 2190 priorum
1349 2158 1520 2192 conjecturas
1533 2166 1587 2186 non
1604 2159 1744 2194 rejicimns
1755 2181 1761 2192 ,
1780 2161 1816 2187 ita

1034 2202 1151 2230 inventis
1194 2203 1296 2237 aliquid
1340 2203 1439 2231 addere
1472 2204 1545 2232 circa
1590 2205 1816 2240 signiﬁcationi-ni

202 2260 252 2286 σης
266 2253 337 2279 κατὰ
354 2253 384 2279 τὸ
399 2253 546 2279 ἀκόλουθον
558 2252 608 2287 τῆς
625 2252 796 2288 ψαλμῳδίας,
811 2253 858 2278 ἐάν
873 2261 914 2283 τις
926 2252 975 2286 ὲγέη

1036 2248 1111 2275 verbi
1140 2256 1194 2275 non
1226 2249 1390 2276 verebimur.
1417 2250 1501 2285 igitur
1532 2250 1667 2285 ejusmodi
1697 2252 1816 2286 aliquam

203 2305 262 2322 νετο
283 2297 383 2331 μεταξὺ
408 2297 623 2332 προφητεύοντος
653 2295 700 2323 τοῦ
723 2296 805 2323 Δαειδ
829 2296 911 2331 ἑτέρα
935 2295 982 2322 τοῦ

204 2341 280 2375 ἁγίου
293 2342 447 2376 Πνεύματος
473 2342 533 2369 θεία
551 2342 692 2377 ἐλλαμψις,
713 2343 761 2369 καὶ
778 2342 920 2377 προσθήκη
936 2341 982 2368 τοῦ

203 2387 272 2414 κατὰ
286 2387 334 2422 τὴν
348 2388 448 2421 γνῶσιν
459 2389 638 2423 χαρίσματος,
653 2389 696 2414 ἐπ’
710 2388 829 2424 ὠφελείᾳ
840 2388 897 2414 τῶν
910 2388 985 2422 δεχο-

205 2434 293 2468 μένων
309 2432 357 2468 τήν
382 2434 560 2469 προφητείαν,
579 2435 688 2469 ἐπέχων
701 2434 749 2469 τὴν
764 2433 868 2469 φωνὴν,
890 2433 985 2468 καιρὸν

203 2479 286 2505 ἐδίδου
299 2480 332 2514 τῇ
351 2479 464 2515 διανοίᾳ,
478 2480 605 2513 δέξασθαι
621 2480 674 2507 τῶν
689 2481 831 2516 νοημάτων
848 2480 897 2515 τὴν
915 2480 985 2514 γνῶ-

204 2532 246 2550 σιν
265 2524 319 2551 τῶν
343 2526 493 2560 γινομένων
522 2527 550 2552 ὲν
579 2526 652 2561 αὐτῷ
675 2527 749 2562 παρὰ
775 2526 826 2560 τῆς
848 2526 922 2557 θείας
943 2525 985 2552 ὲλ-

203 2569 341 2604 λάμψεως.
362 2571 417 2597 Καὶ
439 2570 534 2606 ὥσπερ
560 2572 689 2603 πολλάκις
704 2571 776 2603 τινὲς
790 2571 848 2606 μετ’
863 2571 985 2606 ἀλλήλων

201 2613 397 2649 διαλεγόμενοι,
415 2615 443 2642 εί
471 2617 553 2644 ποθεν
574 2617 662 2652 ἀθρόα
682 2617 780 2653 ήχησις
803 2618 863 2648 ταῖς
891 2617 986 2649 ἀκοαῖς

204 2660 362 2696 προσϐάλοι,
378 2662 545 2697 παυσάμενοι
565 2662 612 2689 τοῦ
639 2663 731 2697 λόγου,
752 2662 821 2698 πρὸς
842 2664 887 2689 τδν
920 2662 986 2698 ἦχον

203 2707 237 2739 τῇ
251 2706 355 2742 διανοίᾳ.
374 2707 565 2741 συντείνονται,
580 2708 678 2743 σχολὴν
692 2707 857 2744 παρέχοντες
872 2708 905 2735 δι’
920 2709 987 2743 ήσυ-

203 2751 264 2786 χίας
283 2754 317 2787 ’τῇ
342 2753 481 2788 ἀκοῇ.τοῦ
496 2753 598 2787 γνῶναι
622 2753 670 2780 τοῦ
698 2754 765 2789 ἤχου
791 2754 840 2790 τὴν
860 2753 984 2789 δύναμιν,

205 2795 264 2824 εἶτα
281 2800 457 2834 παυσαμένης
471 2799 521 2834 τῆς
534 2800 723 2836 προσηκούσης
739 2800 830 2834 φωνῆς
843 2800 923 2826 πάλιν
938 2801 986 2826 ἀλ-

206 2840 297 2876 λήλοις
312 2843 481 2878 διαλέγονται
503 2853 511 2861 ο
531 2844 603 2871 οὓτω
621 2846 667 2872 καὶ
685 2847 700 2872 ἡ
716 2845 802 2880 μέγας
819 2845 902 2872 Δαὸὶδ
922 2846 987 2872 ὐπο-

208 2886 334 2922 φητεύων
349 2889 387 2923 τῷ
400 2890 549 2925 Πνεῦματι,
562 2890 634 2926 ἅπερ
661 2900 690 2917 τε
708 2891 814 2927 φθάσας
833 2890 928 2927 ἔμαθε,
945 2892 984 2918 δι-

368 2936 503 2968 Ριῑιιοι..
526 2939 573 2969 Gn
606 2939 685 2970 (Νι,

1037 2293 1262 2329 significationem
1291 2295 1477 2330 diapsalmatis
1503 2296 1744 2331 deprehendimus,
1790 2304 1819 2326 ut

1037 2341 1202 2374 procedente
1234 2347 1267 2367 ex
1297 2341 1393 2368 ordine
1415 2345 1511 2374 cantu,
1539 2343 1561 2369 si
1592 2349 1644 2377 qua
1669 2351 1737 2370 nova
1753 2345 1821 2371 vali-

1036 2385 1139 2412 cinanti
1155 2386 1290 2414 accideret
1306 2387 1390 2414 divini
1407 2387 1526 2422 Spiritus
1538 2388 1705 2416 illuminatio
1719 2394 1745 2416 ct
1772 2397 1818 2416 ac-

1036 2432 1123 2459 cessio
1136 2433 1229 2467 gratia:
1244 2433 1418 2461 revelationis
1428 2454 1435 2465 .
1451 2434 1477 2461 in
1494 2442 1574 2461 usum
1586 2443 1680 2462 eorum
1696 2435 1743 2470 qui
1755 2444 1816 2462 aus-

1036 2478 1173 2505 cultarent
1185 2479 1366 2513 prophetiam,
1383 2479 1427 2507 ille
1440 2480 1555 2507 inhibita
1569 2488 1635 2508 voce
1650 2486 1757 2516 tempus
1773 2483 1820 2508 dc-

1036 2522 1107 2550 derit
1130 2523 1222 2551 animo
1251 2531 1317 2557 suo.
1354 2525 1388 2552 ad
1419 2526 1622 2560 percipiendum
1654 2526 1820 2554 intellectum

1037 2569 1230 2604 cogitationum
1239 2591 1246 2603 ,
1258 2578 1327 2605 quas
1341 2571 1504 2598 illuminatio
1518 2571 1610 2598 divina
1622 2572 1648 2598 in
1658 2573 1704 2599 illo
1716 2573 1804 2599 excita
1813 2587 1822 2593 -

1037 2615 1094 2642 hat.
1109 2615 1166 2643 Non
1185 2624 1266 2644 secus
1295 2621 1376 2652 atque
1392 2618 1482 2644 solent
1493 2618 1540 2652 qui
1560 2618 1632 2645 inter
1646 2625 1675 2645 sc
1689 2618 1822 2645 confabu-

1038 2661 1148 2694 lantur,
1167 2662 1189 2689 si
1213 2662 1275 2697 quis
1299 2670 1384 2690 sonus
1400 2663 1510 2698 gravior
1529 2671 1611 2691 aurcs
1632 2663 1800 2698 percusserit
1812 2683 1819 2695 ,

1037 2708 1140 2736 omisso
1158 2715 1302 2741 sermone,
1325 2710 1358 2736 ad
1376 2717 1473 2737 sonum
1494 2710 1615 2737 animum
1638 2714 1820 2742 convertunt,

1038 2754 1178 2788 otiumque
1190 2754 1302 2782 auribus
1318 2762 1367 2790 per
1381 2755 1519 2783 silentium
1534 2755 1666 2788 praebent,
1680 2756 1712 2783 ad
1740 2756 1820 2783 intel-

1038 2799 1174 2833 ligendam
1204 2805 1302 2828 cantus
1331 2801 1578 2836 signiﬁcationem;
1600 2809 1663 2829 mox
1681 2809 1746 2829 vero
1760 2810 1820 2830 ces-

1039 2852 1117 2874 sante
1130 2853 1239 2875 cantum
1256 2856 1321 2876 voce
1337 2856 1434 2876 rursus
1449 2848 1618 2883 colloquium
1631 2853 1761 2883 repetunt.
1780 2849 1824 2876 δερ

1040 2892 1152 2920 millimc
1168 2901 1282 2929 magnus
1299 2893 1382 2922 David
1398 2901 1490 2922 voccm
1505 2895 1712 2922 accommodant
1732 2894 1823 2930 Spiri-

1612 2941 1650 2972 34
