2075 3157
275 178 343 211 1061

629 177 826 208 OPUSCULA
845 176 1163 207 SCRIPTURISTICA
1183 177 1359 209 lNCERT/E
1373 179 1528 210 lETATIS.

1823 178 1892 211 1068

275 235 313 262 Ini
329 238 436 267 saneto,
453 241 569 269 quaque
583 233 726 266 didicerat,
743 233 809 261 dum
825 233 962 262 cantionis
977 241 1051 269 argu.

1112 234 1185 270 εξῄει
1197 236 1230 270 τῇ
1261 234 1380 271 μελῳδῖφ
1389 243 1396 250 ο
1409 234 1456 261 καὶ
1471 235 1498 261 εί
1509 243 1535 261 τι
1557 233 1658 269 μεταξὺ
1671 233 1757 269 λέγων
1770 234 1893 262 ἐπιδιδά-

273 284 395 306 mentum
410 279 503 306 animo
523 277 718 312 praecipiebat,
739 277 861 305 carmine
886 279 1012 312 exponit;
1030 282 1057 306 et

273 324 295 350 si
317 324 382 358 quid
401 324 471 355 inter
487 322 640 350 canendum
657 323 774 357 amplius
794 323 970 358 percipiebat,
986 323 1058 351 inhi—

273 369 342 396 bita-
357 368 498 396 harmonia
524 376 605 396 aures
630 369 788 396 advertebat
809 369 923 405 Spiritui
942 376 1055 404 sancto,

272 414 359 448 perite
373 413 542 446 succinenti,
566 417 597 440 ut
617 414 717 449 quibus
732 414 835 443 interea
857 415 1057 443 sensibus'im-

271 459 360 494 pictus
382 459 471 486 fuerat
484 475 492 492 ς
505 459 566 487 illos
580 459 670 487 denuo
678 460 836 494 explicaret.
847 460 894 488 Est
908 461 989 495 igitur
997 461 1058 488 dia-

270 505 457 541 psalmainter
464 506 629 537 canendum,
647 510 729 541 atque
744 506 771 533 in
788 507 847 541 ipso
857 506 989 534 orati0nis
1004 506 1055 533 ﬂu-

270 552 344 579 mine
360 551 451 580 subito
476 552 545 579 facta
570 559 654 586 pausa
672 551 706 578 ad
730 551 930 586 perceptionem
952 553 1055 587 cogita-

271 597 354 625 tionis
367 597 498 625 divinitus
514 597 691 631 interposita.
708 596 764 624 Aut
780 596 930 631 diapsalma
945 601 987 624 est
1005 598 1055 625 do-

269 642 359 670 ctrina
378 642 508 677 Spiritus,
526 641 634 669 occulte
645 641 843 677 superveniens
854 642 946 669 animo
957 662 965 674 ,
979 642 1054 677 ejus-

271 695 325 722 que
356 688 430 715 circa
462 687 655 722 cogitationem
678 687 802 715 eamdem
827 687 983 719 intentioni.
999 695 1054 722 qua

270 733 357 760 series
372 732 566 760 modulationis
585 732 766 766 abrumpitur.
788 731 826 759 Ne
840 737 930 760 tamen
955 734 1053 768 vulgus

271 782 395 806 autumet
410 778 548 806 silentium
569 778 635 806 illud
653 778 759 813 signum
780 785 857 810 esse,
881 779 955 813 quod
969 779 1054 806 virtus

271 823 391 859 Spiritus
400 825 487 851 sancti
510 824 701 851 vaticinantem
723 824 889 856 destituerit,
908 825 970 852 ideo
983 832 1054 852 non-

273 869 340 897 nulli
363 870 542 904 interpretum
571 876 623 904 pro
643 869 823 904 diapsalmate
841 870 1055 898 continuationis

270 919 363 941 notam
397 914 550 942 inscribunt
575 914 730 943 intervallis
759 923 767 948 ;
799 919 829 943 ut
849 915 902 944 hoc
930 917 1051 944 maxime

269 959 352 986 modo
378 959 518 987 discamus
538 960 625 987 sancti
665 960 775 996 quidem
799 960 917 996 Spiritus
938 962 1055 996 gratiam

269 1003 364 1030 nullibi
387 1003 521 1035 deiicere;
540 1008 670 1032 cmterum
687 1011 862 1038 sermonem,
882 1005 1055 1041 interpretem

268 1049 378 1076 illorum
390 1069 398 1083 ,
416 1056 477 1085 qua:
490 1049 622 1078 divinitus
638 1050 732 1078 animo
747 1051 885 1085 incidunt,
903 1051 1052 1087 aliquando

268 1094 396 1123 haesitare
422 1103 430 1122 :
449 1099 531 1130 atque
553 1095 607 1122 alia
630 1095 740 1130 quidem
770 1097 871 1124 mentis
887 1096 974 1128 eil'ari.
1000 1097 1054 1124 alia

267 1140 405 1176 excipere.
425 1139 513 1176 Atque
537 1139 624 1168 donec
650 1139 750 1168 eﬂ'atur
775 1148 893 1174 sensus,
909 1141 956 1176 qui
973 1141 1054 1168 intel-

267 1186 351 1213 lcctui
380 1185 588 1220 impritnuntur,
617 1185 714 1213 ordine
738 1186 860 1213 succedit
887 1185 1052 1221 modulatio;

266 1232 375 1267 quoties
396 1236 488 1259 autem
523 1231 669 1259 sublimius
692 1235 720 1259 et
742 1231 864 1259 divinius
881 1231 946 1267 quid
973 1239 1054 1259 aures

267 1278 367 1306 mentis
387 1278 591 1311 circumsonat,
614 1278 731 1306 inhibito
747 1280 847 1311 cantu‘,
871 1283 948 1307 totus
962 1283 1004 1306 est
1025 1279 1054 1306 in

267 1322 412 1351 audiendo.
440 1322 566 1350 Internus
608 1323 690 1359 igitur
724 1323 812 1351 sancti
850 1322 979 1358 Spiritus,
1007 1323 1054 1350 illo

266 1369 328 1405 ipso
357 1368 464 1396 silentii
497 1373 621 1404 tentpore
650 1369 678 1396 in
708 1368 755 1396 illo
783 1369 937 1404 loquentis,
961 1375 1053 1397 sermo

265 1415 348 1443 etiam
367 1414 512 1442 intervalla
535 1414 582 1442 illa
603 1414 791 1451 continuabat.
810 1414 985 1442 lntervallutu
1002 1422 1054 1442 au-

265 1467 318 1489 tem
343 1457 432 1496 ipsum
458 1460 653 1496 interpretibus
680 1456 831 1496 diapsalma
847 1465 974 1488 vocatum
994 1465 1047 1488 est.

265 1507 422 1543 Diapsalma
447 1511 539 1535 tamen
566 1514 621 1534 non
647 1514 772 1542 pausam,
790 1507 838 1535 sed
861 1506 1052 1542 inspirationis

1069 899 1090 927 Β

1108 288 1197 313 σκετο,
1211 280 1319 314 ὑπέχων
1336 280 1385 314 τὴν
1403 279 1454 314 τῆς
1470 279 1558 314 ψυχῆς
1579 279 1664 314 ἀκοὴν
1678 278 1716 315 τῷ
1744 280 1890 314 πνεύματι,

1108 323 1198 354 καλῶς
1218 323 1368 358 ἐνηχοῦντι,
1381 318 1428 350 καὶ
1444 322 1634 357 κατασιγάξων
1647 323 1678 351 τὸ
1694 323 1785 359 μέλος,
1798 321 1837 351 ὧν
1853 323 1887 352 αὖ

1107 366 1214 404 πλήρης
1227 368 1341 403 ἐγίνετο,
1355 369 1442 395 ταῦτα
1460 366 1540 395 πάλιν
1559 369 1671 404 διεξῄει.
1688 369 1780 396 Ἔστιν
1793 369 1839 396 οῦν
1861 371 1892 396 τὸ

1108 414 1248 450 διάψαλμα
1263 414 1364 450 μεταξὺ
1385 414 1434 449 τῆς
1449 414 1608 450 ψαλμῳδίας
1623 415 1753 450 γινομένη
1777 415 1847 442 κατὰ
1861 415 1892 442 τὸ

1107 461 1204 497 ἀθρόον
1213 461 1392 498 ύπηρέτησις,
1412 459 1479 495 πρὸς
1490 459 1622 495 ὑποδοχήν
1631 460 1676 486 τοῦ
1693 459 1786 487 θεόθεν
1800 460 1892 486 ἐπεισ-

1107 507 1267 543 κρινομένου
1290 506 1436 542 νοήματος.
1454 502 1490 532 Ἣ
1511 505 1650 540 διάψαλμά
1675 506 1748 532 ἐστιν
1767 502 1892 532 διδασκα-

1105 553 1150 579 λία
1163 552 1210 579 τοῦ
1230 552 1398 585 Πνεύματος,
1412 552 1445 587 τῇ
1460 549 1534 587 ψυχῇ
1547 551 1617 578 κατὰ
1631 550 1662 578 τὸ
1676 547 1829 587 ἀπόρρητον
1844 551 1891 584 ἐγ-

1106 597 1251 633 γινομένη,
1266 597 1315 632 τῆς
1339 596 1403 632 περὶ
1422 596 1452 623 τὸ
1480 597 1569 632 νόημα
1590 596 1669 623 τοῦτο
1699 595 1846 631 προσοχῆς,
1860 595 1891 621 sit

1107 643 1216 677 συνεχὲς
1239 641 1289 677 τῆς
1315 638 1449 678 μελῳδίας
1472 641 1703 677 περικοπτούσης.
1722 641 1779 667 Ἵνα
1799 640 1828 667 δὲ
1851 640 1891 675 μὴ

1106 689 1254 724 νομίσωσιν
1263 689 1287 716 οἱ
1312 684 1415 722 πολλοὶ,
1430 689 1471 716 ὅτι
1487 689 1504 724 ή
1527 688 1617 724 σιωπὴ
1635 687 1749 723 σημεῖόν
1761 687 1820 714 ἐστι
1842 686 1890 714 τοῦ

1107 732 1305 761 ἐπιλελοιπέναι
1315 734 1361 761 τὸν
1372 733 1577 770 ττροφητεύοντα
1589 733 1639 769 τὴν
1651 729 1699 760 τοῦ
1715 732 1793 767 ἁγίου
1805 731 1892 759 Πνεύ-

1108 788 1192 814 ματος
1214 779 1338 815 δύναμιν,
1354 780 1448 806 τούτου
1465 778 1547 816 χάριν
1572 778 1645 810 τινὲς
1662 777 1717 805 τῶν
1736 777 1889 813 ἑρμηνέων,

1105 825 1166 852 ἀντὶ
1182 825 1229 852 τοῦ
1252 825 1438 860 διαψαλματος
1453 824 1483 852 τὸ
1498 824 1542 852 ἀεὶ
1555 823 1612 856 τοῖς
1635 823 1813 859 διαλείμμασι
1827 823 1890 850 τού-

1105 879 1160 902 τοις
1174 870 1359 906 ἐγγράφουσιν
1372 878 1380 886 ⁶
1399 866 1436 902 ὡς
1446 870 1479 898 ἂν
1498 867 1542 897 διὰ
1556 871 1652 897 τούτου
1670 869 1810 905 μάθωμεν,
1821 869 1861 895 ὅτι
1871 867 1890 905 ἠ

1106 916 1156 948 μὲν
1181 916 1227 942 τοῦ
1252 916 1332 950 ἁγίου
1350 916 1511 951 Πνεύματος
1527 918 1606 952 χάρις
1631 916 1745 943 πάντοτε
1758 913 1810 952 ἦν’
1827 915 1842 942 ὁ
1861 914 1890 942 δὲ

1105 961 1263 996 ἑρμηνεύων
1275 961 1310 988 τὰ
1337 962 1498 997 ὲγγινόμενα
1514 958 1607 988 θεόθεν
1629 963 1664 997 τῇ
1679 961 1752 997 ψυχῇ
1767 961 1891 996 νοήματα

1105 1006 1193 1041 λόγος,
1208 1007 1239 1034 οὒ
1252 1008 1367 1034 πάντοτε
1377 1005 1411 1043 ἦν
1422 1015 1430 1023 ·
1445 1007 1513 1034 ἀλλὰ
1528 1007 1558 1034 τὺ
1575 1007 1624 1043 μὲν
1635 1007 1762 1041 ἔξεφώνει
1772 1007 1821 1042 τῆς
1834 1007 1891 1034 δια-

1104 1051 1188 1084 νοίας.
1207 1052 1238 1079 τὸ
1249 1053 1278 1080 δὲ
1292 1052 1445 1088 ὑπεδέχετο.
1464 1053 1509 1079 Ἐν
1521 1049 1543 1086 ᾧ
1560 1052 1610 1086 μὲν
1629 1052 1684 1088 γὰρ
1697 1052 1842 1087 ἐξηγόρευε
1857 1052 1891 1078 τὰ

1104 1096 1295 1124 ὲντυπωθέντα
1322 1099 1355 1133 τῇ
1380 1097 1485 1133 διανοίᾳ
1505 1098 1640 1133 νοήματα,
1655 1097 1753 1134 προῄει
1764 1096 1797 1124 δι’
1826 1097 1891 1124 ἀκο-

1104 1142 1199 1169 λούθου
1218 1143 1400 1178 ήψαλμῳδία·
1417 1143 1441 1170 εἰ
1463 1143 1493 1170 δέ
1509 1152 1535 1170 τι
1546 1143 1600 1170 τῶν
1623 1143 1766 1178 θειοτέρων
1781 1144 1829 1178 τὴν
1840 1143 1890 1178 τῆς

1103 1188 1192 1224 ψυχῆς
1211 1189 1295 1224 ἀκοὴν
1312 1189 1491 1224 περιήχησεν,
1506 1189 1567 1221 ὅλος
1592 1189 1642 1224 τῆς
1665 1189 1824 1224 ἀκροάσεως
1843 1185 1889 1224 ἦν,

1104 1234 1297 1269 κατασιγάζων
1312 1234 1343 1261 τὸ
1361 1235 1451 1270 μέλος.
1476 1235 1531 1261 Ἀεὶ
1543 1235 1633 1261 τοίνυν
1645 1234 1691 1261 τοῦ
1708 1234 1787 1269 ἁγίου
1802 1232 1889 1260 Πνεῦ-

1105 1289 1199 1316 ματος,
1214 1281 1261 1308 καὶ
1286 1279 1362 1316 παρὰ
1381 1280 1427 1307 τδν
1448 1280 1499 1315 τῆς
1517 1280 1623 1315 σιωπῆς
1639 1280 1745 1316 καιρὸν,
1757 1280 1787 1306 ὲν
1814 1278 1890 1315 αὐτῷ

1103 1326 1247 1358 λαλοῦντος
1270 1326 1284 1353 ὁ
1298 1326 1376 1360 λόγος
1396 1327 1424 1353 ὲν
1452 1326 1645 1362 διαλείμμασιν
1658 1323 1693 1362 ἦν
1709 1333 1716 1342 ·
1733 1325 1763 1352 τὸ
1784 1324 1813 1352 at
1828 1324 1890 1352 διά-

1103 1372 1207 1407 λειμμα
1231 1372 1307 1407 παρὰ
1329 1371 1384 1399 τῶν
1408 1371 1552 1407 ἑρμηνέων
1564 1372 1711 1407 ὠνομάσθη
1736 1369 1888 1407 διάψαλμα.

1103 1417 1165 1445 Ὅτι
1188 1415 1216 1444 δὲ
1236 1417 1375 1452 θειοτέρας
1395 1418 1537 1450 ἐπιπνοίας
1559 1417 1684 1449 ἐπίτασις
1707 1418 1765 1444 ἐστι
1779 1416 1809 1444 τὸ
1829 1416 1889 1443 διά-

1104 1463 1209 1499 ψαλμα,
1222 1463 1346 1490 ἐντεῦθεν
1371 1463 1404 1491 ἄν
1428 1472 1470 1495 τις
1495 1463 1609 1491 κατίδοι.
1627 1464 1672 1490 Ἐν
1685 1463 1740 1498 γὰρ
1760 1464 1793 1498 τῇ
1815 1463 1888 1498 ἀρχῇ
1906 1491 1911 1496 ,

1105 1509 1151 1536 τοῦ
1166 1509 1259 1545 τρίτου
1273 1508 1382 1544 ψαλμοῦ
1398 1507 1447 1540 τὰς
1471 1509 1574 1540 οίκείας
1602 1508 1745 1545 συμφορὰς
1766 1509 1781 1535 ὀ
1807 1507 1890 1534 Δαδὶδ

264 1554 364 1582 divinae
385 1554 568 1582 intensionem
587 1560 649 1581 esse
660 1573 669 1585 ,
692 1553 735 1581 vel
750 1553 813 1581 inde
829 1553 892 1588 quis
907 1553 1049 1588 intelligat.

1104 1555 1275 1591 ὀλοφύρεται,
1288 1554 1336 1582 καὶ
1361 1554 1575 1590 διαπορούμενος
1603 1554 1698 1589 λέγει,
1715 1563 1724 1580 t
1744 1551 1846 1589 Κύριε,
1861 1553 1889 1579 τί

264 1597 346 1627 Initio
362 1599 436 1627 enim
464 1598 561 1633 psalmi
588 1598 677 1631 tertii,
701 1598 767 1625 dum
787 1597 952 1625 domesticas
976 1598 1050 1625 cala-

264 1645 375 1672 mitates
389 1644 476 1671 David
500 1643 641 1678 deplorat,
664 1643 744 1679 inops
759 1643 867 1671 consilii
883 1644 1006 1678 queritur
1033 1651 1041 1669 :

266 1688 391 1722 Domine,
407 1688 474 1724 quid
490 1687 662 1723 multiplicati
677 1692 742 1716 sunt
764 1688 810 1723 qui
831 1688 963 1716 tribulattt
989 1687 1051 1715 me?

264 1733 294 1761 in
312 1733 404 1762 medio
417 1737 510 1761 autem
527 1730 634 1768 hymni,
656 1740 689 1761 eo
705 1733 764 1768 ipso
779 1733 806 1760 in
828 1733 889 1761 loco
912 1741 968 1769 quo
989 1733 1048 1761 dia-

263 1777 371 1812 psalma
394 1782 504 1810 exstat,
534 1778 696 1806 conﬁrmato
714 1777 808 1805 animo
823 1778 956 1813 gloriatur
970 1778 1051 1813 quasi

264 1823 380 1851 salutem
401 1831 480 1851 suam
514 1823 604 1851 oculis
626 1829 776 1851 cerneret:
798 1833 807 1850 ι
829 1823 885 1859 Ego
918 1823 1046 1857 dormivi,

264 1869 414 1902 exclamat,
438 1875 466 1896 et
495 1873 641 1904 separatus
662 1876 742 1902 sum,
766 1874 793 1897 et
819 1869 963 1897 exsurrexi
983 1870 1049 1905 quia

265 1914 396 1942 Dominus
419 1916 543 1950 suscepit
559 1922 613 1942 tne.
636 1923 646 1941 ι
666 1914 731 1943 Haec
750 1915 787 1942 ita
816 1915 927 1949 quidem
959 1916 1051 1944 hacte-

263 1969 327 1988 nus.
343 1960 458 1988 Alleluia
475 1965 566 1988 autem
589 1960 649 1989 laus
669 1960 716 1988 Dei
736 1961 891 1997 exponitur.
909 1962 957 1989 Est
971 1962 1044 1990 enitn

262 2006 345 2033 allelu
368 2005 439 2038 laus,
458 2010 485 2034 et
512 2007 540 2033 ia
566 2006 647 2034 Deus.
668 2005 758 2039 Quare
789 2014 839 2043 pro
855 2007 912 2039 illo,
928 2006 1049 2036 Laudat:

262 2050 407 2078 Dominum
424 2052 487 2086 quia
517 2051 598 2078 bonus
626 2056 665 2079 eu
684 2052 961 2086 psalmus;Allcluia,
985 2053 1048 2088 quia

263 2099 346 2126 bonus
369 2103 408 2127 est
435 2099 571 2133 psalmus,
599 2098 783 2135 Symmachus
799 2099 897 2127 reddit.
923 2099 1050 2127 Psaltnus

262 2150 355 2172 autctn
383 2148 410 2172 ct
436 2144 488 2172 oda
515 2144 662 2178 ditlerunt;
687 2145 762 2180 quod
785 2145 908 2179 psalmus
939 2144 1049 2179 quidem

262 2199 354 2219 sermo
379 2191 502 2219 musicus
531 2195 574 2219 est
601 2195 737 2226 quatenus
769 2191 908 2218 modulate
931 2198 965 2218 ex
993 2190 1049 2225 lege

1104 1599 1310 1635 ὲπληθύνθησαν
1332 1599 1356 1626 οι
1373 1598 1509 1630 θλίϐοντές
1527 1607 1560 1634 με
1576 1607 1583 1632 ;
1605 1608 1614 1624 ι
1633 1599 1697 1634 περὶ
1714 1598 1749 1626 τὰ
1763 1599 1834 1634 μέσα
1857 1595 1888 1624 δέ

1104 1653 1155 1671 που
1179 1643 1227 1670 τοῦ
1252 1643 1380 1679 ψαλμοῦ,
1403 1643 1468 1670 ἔνθα
1489 1643 1535 1670 καὶ
1554 1644 1585 1670 τὸ
1608 1643 1748 1679 διάψαλμα
1773 1644 1860 1670 κεῖται
1879 1662 1887 1674 ,

1104 1690 1221 1727 θάρρους
1251 1689 1436 1726 ἀναπλησθεὶς
1465 1689 1578 1716 πέποιθε
1611 1690 1659 1717 καὶ
1697 1689 1887 1725 παρρησιάζε-

1103 1744 1159 1768 ται,
1176 1735 1225 1771 τὴν
1244 1735 1341 1763 ἑαυτοῦ
1364 1734 1501 1770 σωτηρίαν
1518 1734 1613 1770 ὥσπερ
1636 1735 1717 1770 ὁρῶν,
1735 1735 1782 1762 καὶ
1813 1733 1862 1770 βοᾷ
1877 1742 1886 1750 ⁸

1106 1790 1116 1808 t
1133 1779 1205 1816 Ἐγὼ
1215 1780 1366 1816 ὲκοιμήθην
1379 1780 1426 1807 καὶ
1441 1779 1563 1813 ῦπνωσα,
1588 1779 1748 1815 ἔξηγέρθην,
1773 1779 1814 1806 ὅτι
1829 1777 1887 1805 Κύ-

1104 1819 1162 1862 ριος
1191 1825 1369 1861 ἀντιλήψεται
1387 1833 1451 1860 μου,
1469 1834 1478 1851 ι
1495 1825 1551 1851 Καὶ
1563 1824 1650 1851 ταῦτα
1666 1825 1715 1859 μὲν
1728 1823 1824 1855 οὕτως.
1851 1821 1888 1849 Τὸ

1102 1872 1131 1899 δὲ
1148 1871 1292 1908 ἀλληλούῖα
1312 1869 1388 1903 αἶνος
1400 1871 1467 1898 Θεοῦ
1493 1869 1673 1907 ἑρμηνεύεται
1687 1879 1693 1886 ·
1715 1868 1772 1896 ἔστι
1788 1869 1841 1904 γὰρ
1856 1867 1888 1895 τὸ

1104 1917 1166 1953 μὲν,
1182 1916 1310 1952 ἀλληλοὺ,
1328 1915 1402 1948 αῐνος
1415 1925 1423 1933 ·
1439 1916 1469 1943 τὸ
1494 1916 1522 1943 δὲ
1540 1916 1579 1948 ία,
1595 1915 1671 1947 Θεὸς.
1690 1913 1733 1942 Διὺ
1757 1913 1805 1941 καὶ
1826 1913 1887 1940 ἀντὶ

1103 1962 1288 1996 τοῦ,‹Αινεττε
1300 1962 1345 1989 τὶν
1353 1962 1455 1997 Κύριον
1468 1961 1509 1989 ὅτι
1524 1962 1624 1996 ἀγαθὸν
1634 1960 1782 1996 enim,"
1793 1958 1887 1994 Ἀλλη-

1103 2007 1179 2033 λούῐα
1194 2007 1235 2033 ὅτι
1249 2006 1351 2041 ἀγαθὸν
1363 2006 1496 2041 ψαλμδς,›
1509 2007 1523 2033 ὁ
1536 2006 1683 2041 Σύμμαχος
1693 2003 1888 2032 τέθεικε.Ψαλ-

1104 2052 1154 2088 μδς
1171 2052 1200 2079 δὲ
1214 2052 1262 2079 καὶ
1276 2052 1333 2087 ᾠδὴ
1358 2052 1482 2087 διαφέρει
1495 2060 1502 2067 ο
1514 2053 1554 2078 ὄτι
1576 2052 1590 2078 ὁ
1613 2052 1663 2086 μὲν
1686 2049 1794 2086 ψαλμδς
1809 2049 1888 2083 λόγος

1104 2100 1163 2126 ἐστὶ
1185 2098 1325 2134 μουσικὸς,
1341 2098 1404 2126 ὅταν
1434 2095 1578 2134 εὐρύθμως
1595 2097 1666 2124 κατὰ
1681 2096 1744 2127 τοὺς
1771 2096 1886 2130 ἁρμονι-

1103 2144 1167 2176 κοὺς
1181 2144 1276 2178 λόγους
1298 2143 1367 2179 πρὸς
1384 2143 1413 2169 τὸ
1429 2142 1546 2178 ὖργανον
1567 2140 1700 2178 κρούηται
1713 2149 1721 2157 ⁸
1735 2141 1753 2177 ἡ
1778 2139 1806 2168 δι
1829 2139 1885 2174 ᾠδὴ

1102 2190 1178 2226 φωνή
1191 2191 1263 2217 ἔστιν
1278 2189 1411 2225 ἐμμελὴς,
1427 2189 1606 2224 ἀποδιδομένη
1619 2187 1789 2224 ἑναρμονίως
1799 2186 1886 2222 χωρὶς

263 2236 375 2264 musica:
390 2243 495 2271 organo
521 2235 664 2271 adstrepit.
694 2236 751 2263 Oda
787 2240 878 2262 autem
918 2242 970 2261 vox
1007 2239 1049 2262 est

1104 2236 1151 2272 τῆς
1168 2236 1342 2271 συνηχήσεως
1361 2236 1407 2262 τοῦ
1423 2235 1539 2271 ὀργάνου
1556 2243 1563 2250 ·
1584 2234 1655 2261 ὥστε
1674 2232 1768 2268 ἐπειδὴ
1783 2232 1887 2268 ψαλτή-

263 2281 403 2310 modulata
435 2289 550 2310 numero
581 2285 608 2309 et
638 2281 782 2308 harmonia
810 2284 952 2313 constans,
984 2280 1048 2307 abs-

262 2334 318 2362 que
336 2331 470 2354 concentu
494 2326 600 2361 organi.
629 2326 719 2360 Quare
747 2325 970 2361 quandoquident
988 2331 1050 2352 cor-

262 2374 337 2408 poris
360 2373 449 2401 nostri
480 2373 606 2400 machina
641 2380 689 2408 per
721 2371 930 2400 similitudinem
970 2371 1050 2398 audit

262 2418 432 2453 psalterium.
450 2418 492 2446 vel
505 2425 640 2454 organum
657 2425 691 2445 ex
705 2418 763 2454 lege
779 2417 892 2445 musicas
908 2416 943 2444 ad
955 2416 1049 2444 laudes

261 2463 309 2491 Dei
322 2464 503 2499 compositum
516 2471 524 2497 ;
554 2470 608 2491 non
623 2467 726 2490 temere
742 2463 809 2497 ipsa:
822 2462 906 2489 etiam
923 2461 1048 2497 corporis

261 2510 403 2543 actiones,
424 2512 489 2546 quae'
507 2511 534 2538 itt
568 2510 702 2538 honorem
720 2509 766 2536 Dei
784 2508 974 2543 suscipiuntur
1001 2515 1050 2543 per

261 2556 398 2592 psalmum
422 2557 628 2592 intelligantur;
649 2555 760 2591 quando
781 2563 796 2582 τι
821 2555 927 2582 ratione
952 2554 1050 2582 modu-

262 2603 310 2630 lati
325 2607 352 2630 et
376 2602 521 2638 compesiti
535 2622 543 2636 ,
569 2602 638 2630 nihil
653 2608 750 2638 praeter
771 2601 882 2629 tnodum
902 2606 929 2629 ct
953 2608 1050 2628 nume-

262 2656 324 2676 rum
343 2649 414 2676 intra
438 2649 560 2676 anintum
585 2649 772 2684 designetttus.
793 2647 843 2676 l’er
863 2648 944 2675 odatn
968 2655 1046 2680 vero,

263 2702 436 2730 quaecunque
465 2696 499 2723 ad
524 2695 624 2723 nudatn
641 2695 899 2730 contemplationem
916 2698 964 2721 aut
986 2701 1050 2721 ora-

264 2740 367 2767 tionem
397 2740 431 2769 de
455 2740 511 2769 Deo
541 2741 688 2776 pertinent.
722 2739 759 2768 lla
793 2740 902 2775 quidem
933 2746 1050 2774 magnus

263 2785 392 2816 Basilius.
423 2786 516 2815 Frater
547 2793 637 2815 autem
658 2787 718 2822 eius
738 2786 886 2821 Gregorius
910 2793 957 2820 per
979 2785 1050 2820 psal-

262 2838 337 2858 mum
362 2833 442 2860 vitam
461 2838 582 2862 nostram
605 2833 747 2868 intelligit,
765 2840 819 2859 tton
835 2831 940 2859 levibus
961 2836 988 2858 ct
1001 2831 1050 2858 ab-

265 2874 349 2910 jectis
365 2877 422 2905 sive
448 2879 564 2906 terrenis
584 2879 679 2912 sonis,
707 2878 758 2905 hoc
780 2882 821 2905 cst
839 2875 1050 2912 cogitationibus

1103 2290 1159 2317 ptw
1179 2281 1329 2316 τροπικῶς,
1347 2281 1395 2308 καὶ
1408 2281 1523 2316 ὄργανον
1545 2279 1720 2316 ἡρμοσμένον
1748 2276 1887 2313 μουσικῶς

1100 2328 1141 2359 εἰς
1152 2327 1253 2362 ὕμνους
1262 2326 1330 2354 Θεοῦ
1341 2327 1357 2363 ἢ
1367 2326 1413 2354 τοῦ
1421 2326 1545 2362 σώματος
1554 2325 1633 2362 ἡμῶν
1643 2327 1700 2352 ἐστι
1712 2323 1868 2358 κατασκευή
1877 2330 1885 2338 ·

1101 2372 1219 2408 νοηθεϊεν
1227 2372 1261 2399 ἂν
1275 2372 1322 2399 καὶ
1335 2371 1442 2408 ψαλμὸς
1454 2372 1482 2399 αἱ
1494 2372 1539 2398 διὰ
1551 2370 1598 2398 τοῦ
1623 2370 1748 2405 σώματος
1761 2369 1886 2404 πράξεις,

1101 2420 1129 2446 αἱ
1140 2419 1179 2450 εις
1193 2418 1274 2450 δόξαν
1289 2418 1358 2446 Θεοῦ
1370 2418 1562 2453 ἀποδιδόμεναι
1577 2426 1584 2433 ·
1598 2417 1663 2444 ὃταν
1675 2415 1729 2443 sua
1745 2415 1792 2442 τοῦ
1808 2413 1888 2448 λόγου

1101 2466 1280 2501 ἡρμοσμένοι,
1311 2463 1395 2500 μηδὲν
1417 2463 1532 2499 ἐκμελὲς
1563 2460 1740 2497 ἁποτελῶμεν
1776 2461 1807 2488 ιν
1831 2460 1888 2492 τοίς

1102 2511 1261 2546 κινήμασιν.
1281 2510 1344 2546 net,
1372 2510 1402 2538 δὲ
1425 2511 1475 2537 ὅσα
1490 2509 1607 2545 θεωρίας
1631 2508 1721 2545 ἔχεται
1735 2507 1817 2543 ψιλῆς
1841 2506 1890 2533 καὶ

1102 2555 1252 2590 θεολογίας.
1270 2554 1326 2582 Καὶ
1347 2555 1418 2582 οὕτω
1434 2556 1483 2591 μὲν
1502 2555 1516 2581 ὁ
1530 2555 1616 2590 μέγας
1640 2554 1789 2584 Βασίλειος.
1813 2552 1843 2578 '0
1860 2548 1890 2577 δὲ

1102 2601 1214 2636 ἁδελφὸς
1227 2601 1309 2628 αὑτοῦ
1323 2601 1472 2636 Γρηγόριος
1484 2600 1590 2636 ψαλμὸν
1607 2600 1657 2635 μὲν
1668 2600 1723 2626 νοεῖ
1733 2597 1777 2625 τδν
1791 2598 1891 2633 ἡμέτε-

1103 2657 1148 2684 ρον
1164 2648 1232 2683 βίον,
1252 2648 1289 2684 μὴ
1314 2647 1370 2680 τοῖς
1396 2648 1500 2683 γηῖνοις
1523 2647 1664 2681 φθόγγοις,
1683 2644 1805 2671 τουτέστι
1825 2643 1890 2677 vri)-

1105 2703 1172 2729 μασι
1187 2693 1404 2730 περιηχούμενον
1421 2703 1428 2710 ·
1444 2693 1515 2721 ἀλλὰ
1530 2692 1649 2727 καθαρὸν
1664 2692 1710 2718 καὶ
1726 2689 1890 2723 ὲξίκουστον

1102 2740 1134 2767 ἐκ
1148 2739 1203 2767 τῶν
1229 2739 1333 2766 ἄνωθεν
1353 2739 1399 2766 καὶ
1420 2738 1556 2774 οὐρανίων
1580 2738 1625 2763 τὸν
1650 2734 1716 2772 ἦχον
1734 2733 1891 2770 ἀπεργαζό-

1103 2794 1195 2821 μενον·
1213 2785 1285 2822 ᾠδὴν
1298 2785 1337 2818 δὲ,
1355 2785 1404 2820 τὴν
1422 2784 1485 2819 περὶ
1500 2784 1531 2810 τὸ
1546 2782 1708 2818 φαινόμενον
1720 2777 1891 2815 εὐσχημοσύ-

1102 2841 1161 2866 νην.
1171 2828 1336 2866 Καϊφησιν,
1353 2831 1394 2858 ὃτι
1409 2830 1504 2865 ὥσπερ
1515 2829 1606 2855 ἐκτῶν
1613 2827 1751 2863 μουσικῶν
1766 2824 1889 2861 ὀργά-πων

1104 2876 1206 2911 μόνοςό
1220 2873 1286 2911 ἦχος
1299 2875 1348 2910 τῆς
1371 2875 1503 2910 μελῳδίας
1519 2873 1687 2910 προσπέπτει
1705 2871 1766 2900 ταῖς
1780 2868 1888 2900 ἀκοαῖς»
