2075 3157
300 232 365 264 1071

665 233 862 264 OPUSCULA
882 232 1196 263 SGRlPTURlSTICA
1215 233 1389 263 lNCERT/E
1411 234 1565 264 ᾸΞΤΑΤΙΞ.

1849 235 1917 267 1072

298 286 449 314 molestiam
475 289 521 312 aut
545 288 694 312 atr'umnam
718 284 826 312 facilius
854 285 934 312 ferat.
959 284 1087 317 Quattth-

1141 283 1249 319 ᾅσματα
1265 286 1287 311 οἱ
1302 285 1428 320 δαίμονες
1442 287 1596 320 εἰσάγοντες
1610 286 1716 313 ἅπαντα
1732 287 1916 323 ἁκατρέπωσι,

298 333 406 368 quidem
425 339 488 366 ergo
503 330 559 357 hate
577 329 700 364 voluptas
717 330 784 357 adeo
809 329 918 364 propria
934 333 976 356 est
993 329 1084 356 animo

299 384 410 408 nostro,
431 383 464 403 tte
493 376 632 402 daemones
654 375 772 403 inductis
796 375 922 402 cantibus
943 375 1084 402 amatoriis

298 428 326 450 et
354 421 514 449 meretriciis
541 421 632 448 omnia
662 425 833 455 perrerraut,
860 421 981 455 psalmos
1006 421 1085 455 quasi

297 466 531 503 propugnaculum
555 465 656 500 objecit
678 465 731 493 illis
756 465 836 497 Deus,
858 466 925 493 adeo
941 470 969 492 ut
985 465 1085 493 resilla

297 513 379 541 simul
398 518 424 540 et
447 512 574 547 voluptas
595 515 622 539 et
638 511 742 538 tttilitas
757 511 793 538 sit
822 518 836 537 a
863 511 962 546 Spiritu
990 516 1087 538 sancto

298 557 428 594 profecta.
451 558 499 592 qui
525 558 550 584 in
582 556 700 584 animant
728 557 780 584 tale
805 556 907 591 aliquid
930 561 1084 583 cantantem

297 604 422 632 celeriter
437 603 510 630 illabi
530 603 609 630 solct.
627 602 774 637 Postquam
793 603 864 629 eniut
884 601 1001 637 Spiritus
1020 610 1085 629 san-

297 653 359 677 ctus
382 650 531 676 humanum
546 655 632 683 genus
647 647 819 675 intractabile
834 647 901 674 vidit
916 647 1037 674 hortanti
1052 647 1086 674 ad

297 695 439 726 virtutem,
454 701 558 728 nosque
582 694 655 728 ipsus
671 693 764 720 studio
781 693 927 727 voluptatis
944 698 1023 720 recta:
1037 692 1086 720 tiae

299 739 519 774 negligentiores,
530 742 663 773 prtet‘epta
674 738 780 764 virtutis
792 737 926 764 suavitate
938 736 1087 763 harmoniae

299 784 379 819 quasi
406 783 580 810 condimento
599 782 692 816 aliquo
719 781 888 816 temperavit,
917 786 946 808 ut
978 785 1087 815 propter

300 829 414 864 gratiam
432 834 458 856 et
473 828 633 856 suavitatem
654 827 811 859 auditionis,
835 826 967 854 orationis
985 826 1087 853 utilita-

300 879 354 901 tem
372 874 450 900 inscii
466 873 683 899 admitteremus.
698 871 811 898 Perinde
825 879 856 898 ac
867 872 1014 906 prudentes
1029 878 1085 898 tne-

299 919 362 951 dici,
383 917 492 953 quando
506 918 604 944 acerba
620 922 666 944 aut
680 925 772 944 amara
790 917 984 943 medicamenta
1001 924 1086 951 aegro-

1135 332 1198 362 τοὺς
1210 330 1334 365 ψαλμοὺς
1347 331 1438 362 αὐτοῖς
1453 331 1621 366 ἐπετείχισεν
1638 333 1652 359 ὀ
1666 332 1731 363 θεός
1741 341 1749 349 ⁸
1766 333 1834 359 ὥστε
1849 333 1918 369 apo-3

1134 375 1165 402 τὸ
1184 376 1299 411 πρᾶγμα
1314 377 1361 402 καὶ
1376 377 1472 411 ἡδονὴν
1486 377 1532 403 καὶ
1546 377 1681 411 ὠφέλειαν
1696 376 1764 404 εἶναι
1778 378 1825 405 τοῦ
1839 379 1917 413 ἁγίου

1135 421 1303 455 Πνεὺματος,
1322 423 1354 456 τῇ
1373 422 1484 448 τοιαῦτα
1498 422 1633 458 ψαλλούσῃ
1653 423 1725 458 ψυχῇ
1743 424 1847 459 ταχέως
1869 425 1920 458 ὲφ-

1141 467 1301 501 ιπταμένου.
1324 467 1367 498 Ὧς
1376 467 1430 502 γὰρ
1442 468 1557 502 εἴρηται,
1573 468 1682 495 ἐπειδὰν
1693 468 1746 495 είδε
1761 469 1791 495 τὸ
1808 469 1919 504 Πνεῦμα

1135 512 1165 538 τὸ
1181 513 1258 546 ἅγιον
1273 513 1431 547 δυσάγωγον
1446 515 1514 549 πρὸς
1529 516 1577 550 τὴν
1598 515 1697 550 ἀρετὴν
1722 514 1752 541 τὸ
1771 515 1849 548 γένος
1870 515 1918 541 ἀν-

1136 556 1262 590 θρώπων,
1287 557 1332 584 καὶ
1358 558 1401 584 διὰ
1426 558 1457 584 τὺ
1483 559 1552 593 πρὸς
1577 559 1673 594 ἡδονὴν
1695 559 1855 594 ἐπιρῤεπὲς,
1872 559 1918 585 τοῦ

1135 602 1215 637 ὀρθοὓ
1229 602 1286 637 βίου
1302 602 1522 638 καταμελοῦντας
1535 604 1618 638 ἡμᾶς,
1633 604 1664 630 τὸ
1678 605 1709 630 ἐκ
1722 604 1772 638 τῆς
1787 604 1919 638 μελῳδίας

1135 647 1252 682 τερπνὸν
1273 649 1328 679 τοῖς
1350 647 1483 682 δόγμασιν
1501 649 1698 683 ἐγκατέμιξεν·
1713 649 1756 675 ἵνα
1770 649 1809 683 τῷ
1834 657 1920 684 προσ-

1135 693 1196 726 ηνεῖ
1211 693 1257 719 καὶ
1273 692 1337 727 λείῳ
1355 693 1404 728 τῆς
1417 694 1501 728 ἀκοῆς
1515 693 1547 720 τὸ
1566 694 1598 720 ὲκ
1615 694 1669 720 τῶν
1684 693 1771 727 λόγων
1783 694 1920 728 ὠφέλιμον

1136 737 1320 770 λανθανόντως
1343 738 1538 774 διαδεξώμεοα.
1562 740 1618 766 Καὶ
1646 739 1773 774 καθάπερ
1793 740 1818 765 οἱ
1841 738 1920 772 σοᾳοὶ

1136 782 1191 808 τῶν
1211 782 1311 817 ἰατρῶν
1334 782 1370 809 τὰ
1386 783 1574 819 αὐστηρότερα
1590 783 1636 810 καὶ
1651 785 1737 818 πικρὰ
1756 783 1809 810 τῶν
1825 782 1923 817 ἀλεξη-

1136 827 1238 862 τηρίων
1254 827 1406 862 φαρμάκων
1425 828 1512 856 πίνειν
1526 828 1661 860 διαδόντες
1677 829 1735 859 τοῖς
1751 827 1923 863 ἀρρωστοῦιι

1137 872 1184 899 καὶ
1202 873 1366 906 κακοσίτοις,
1384 873 1504 908 εὔληπτα
1526 874 1613 901 ταῦτα
1630 873 1747 907 ποιοῦσι,
1763 875 1795 909 τῇ
1810 873 1857 900 τοῦ
1874 874 1924 908 μὲ-

1137 916 1208 946 λιτος
1221 917 1301 952 ἠδονῇ
1315 918 1529 954 παραπτύοντες,
1542 918 1613 945 οὓτω
1625 919 1672 945 καὶ
1687 919 1736 953 τὴν
1750 918 1810 944 κατ’
1824 917 1920 953 ἀρετὴν

299 965 333 992 tis
352 964 508 999 propitiant,
526 968 552 991 ct
569 963 710 990 stomacho
733 963 930 995 laborantibus,
945 962 1088 990 dulcedine

1141 964 1286 998 πολιτείαν,
1321 966 1441 1001 σκληρὰν
1469 965 1561 998 οὖσαν,
1597 966 1727 999 γλυκεῖαν
1757 966 1774 1000 ὴ
1806 964 1924 999 μελῳδία

299 1010 386 1038 mellis
400 1010 532 1037 condiunt
547 1014 576 1036 ut
594 1009 681 1043 magis
696 1009 750 1036 sint
765 1008 797 1035 ad
812 1008 931 1043 palatum
946 1016 953 1034 :
970 1008 1008 1034 ita
1031 1007 1087 1034 vir-

299 1057 387 1084 titutis
399 1055 576 1086 curriculum,
595 1055 667 1089 quod
686 1062 733 1088 per
755 1061 784 1081 se
799 1053 907 1081 diliicile
923 1059 950 1080 et
972 1052 1086 1087 impedi-

299 1109 355 1130 tum
371 1106 422 1131 est.
439 1103 583 1130 amoenitas
598 1105 694 1129 cantus
709 1105 816 1135 gratum
834 1100 923 1127 ellicit.
940 1098 1001 1126 ldco
1014 1099 1085 1126 enim

300 1148 407 1175 numeri
426 1148 589 1183 hymnorum
605 1147 707 1174 inventi
728 1149 802 1178 sunt,
820 1150 850 1172 ut
871 1145 917 1180 qui
935 1145 1009 1180 pueri
1023 1149 1087 1172 suttt

300 1198 389 1226 aetate,
404 1197 450 1220 aut
464 1193 578 1220 omnino
594 1192 728 1224 rudiorcs,
745 1191 778 1218 ad
795 1191 918 1218 habitum
935 1190 1043 1217 virtutis
1059 1190 1085 1216 itt

301 1240 419 1274 speciem
446 1238 555 1273 quidem
585 1243 701 1268 canant,
732 1244 826 1264 revera
859 1240 949 1263 autem
978 1235 1086 1262 animos

301 1286 437 1314 erudiant.
462 1285 483 1313 0
509 1285 618 1319 sapiens
648 1284 786 1312 inventum
809 1282 943 1318 magistri,
964 1281 1011 1317 qui
1036 1282 1088 1309 ltoc

302 1332 423 1362 molitur,
440 1335 469 1357 ut
483 1330 577 1358 eadem
605 1337 685 1364 opera
703 1333 731 1356 et
756 1335 888 1356 canamus
905 1332 932 1355 et
949 1327 1087 1355 discamus

302 1379 389 1406 utilia.
400 1377 458 1411 Qua
487 1378 593 1404 ratione
609 1381 684 1403 tanto
699 1375 804 1403 ﬁrmius
818 1374 910 1401 animo
926 1381 1018 1401 nostro
1033 1373 1087 1399 im-

302 1424 428 1459 primitur
451 1423 587 1450 doctriua.
611 1421 737 1449 Violenta
765 1421 837 1448 enim
861 1419 1004 1454 disciplina
1033 1425 1086 1444 non

302 1474 391 1504 potest
406 1475 467 1496 esse
480 1467 619 1494 diuturna.
636 1466 712 1499 Quod
728 1471 817 1493 autem
830 1472 892 1492 eum
909 1462 1088 1491 delectatione

301 1515 418 1551 quadarn
429 1514 545 1548 obrepit,
556 1512 728 1540 constantius
755 1511 848 1538 animo
862 1510 985 1537 inita-ret.
999 1508 1087 1536 Causa

302 1561 385 1596 igitur
401 1560 488 1595 prima
503 1563 530 1586 et
546 1558 624 1593 quasi
650 1558 739 1590 obvia,
756 1564 840 1592 quare
864 1563 926 1583 cum
951 1555 1088 1589 wluptate

302 1607 422 1642 psalmos
433 1605 525 1632 animo
537 1612 687 1636 versemus,
701 1603 758 1631 haec
774 1608 825 1634 est,
838 1601 911 1638 quod
929 1601 1010 1628 verba
1027 1609 1086 1627 ntu-

302 1651 440 1678 dolatttur.
456 1650 502 1677 llla
517 1657 580 1676 vero
594 1649 652 1684 ipsa
670 1647 840 1682 philosophia
861 1654 922 1682 quae
946 1645 1087 1672 harmonia

302 1699 422 1728 constat,
435 1695 524 1729 majus
533 1694 598 1729 quid
612 1694 639 1720 in
652 1700 762 1721 recessu
778 1692 856 1719 habet
873 1698 953 1726 quant
969 1690 1090 1725 plerique

304 1741 426 1768 credunt.
443 1739 513 1772 Quid
524 1747 589 1774 ergo
599 1743 640 1766 est
655 1739 681 1766 id
694 1738 765 1772 quod
780 1737 857 1764 dico?
871 1736 966 1763 Audivi
979 1736 1090 1769 sapien-

305 1791 361 1813 tum
378 1785 523 1820 quemdam
542 1788 645 1810 uaturaz
666 1787 767 1810 nostra:
790 1782 922 1809 rationem
941 1781 978 1808 ita
1003 1780 1089 1815 expli-

304 1834 410 1858 cantem
435 1829 514 1864 quasi
535 1829 617 1856 homo
643 1836 743 1863 parvus
761 1827 872 1862 quidam
900 1825 1020 1853 mundus
1044 1825 1090 1856 sit,

306 1877 397 1904 omnia
427 1876 498 1903 inter
519 1883 549 1902 se
575 1875 753 1907 concludens,
781 1880 950 1908 qnazeunque
976 1878 1091 1907 magnus

305 1922 351 1949 ille
375 1921 493 1948 mundus
519 1920 719 1955 cnntplectitur.
750 1918 838 1953 llujus
862 1923 952 1946 autem
971 1916 1091 1944 universi

304 1967 449 2003 dispositio
477 1970 505 1994 et
527 1969 641 1994 ornatus
667 1973 748 2001 quam
775 1965 899 2000 proxime
926 1964 1031 1991 accedit
1059 1963 1092 1990 ait

306 2012 489 2042 harmoniam.
511 2012 604 2039 multis
621 2011 777 2038 nominibus
795 2014 823 2038 et
844 2010 945 2041 modis,
961 2017 1013 2036 tton
1034 2009 1093 2035 sine

305 2057 401 2085 ordine
422 2061 448 2084 et
472 2064 586 2084 ttumero
613 2056 664 2084 sibi
689 2056 741 2091 ipsi
766 2055 986 2090 respondentem.
1015 2052 1093 2080 llunc

306 2103 390 2138 igitur
405 2102 527 2130 diviuuttt
561 2106 723 2129 concentum
749 2101 831 2128 etiam
870 2109 986 2136 magnus
1009 2099 1093 2126 David

306 2149 420 2176 auribus
447 2148 574 2176 hausisse
604 2149 667 2175 totis
698 2148 765 2174 ntilti
791 2147 907 2180 videtur,
936 2152 1004 2178 tum,
1031 2154 1094 2174 cum

306 2196 412 2231 psalmo
427 2195 543 2230 quodam
560 2194 633 2222 dicat
646 2203 653 2221 :
665 2193 789 2221 Laudant
803 2193 888 2221 Deum
907 2193 968 2220 alia:
982 2193 1095 2220 virtutes

309 2241 370 2267 coeli
395 2247 507 2272 omnes,
523 2244 551 2266 et
566 2240 657 2266 lutttcn
685 2243 835 2272 astrorum,
862 2240 946 2266 solet
965 2239 1040 2271 luna,
1068 2242 1096 2265 et

1137 1009 1259 1045 ἐποίησε.
1283 1011 1332 1037 Διὰ
1353 1011 1432 1037 τοῦτο
1457 1011 1490 1038 τὰ
1507 1011 1655 1046 ὲναρμόνια
1678 1010 1763 1037 ταῦτα
1784 1009 1852 1045 μέλη
1869 1010 1924 1036 τῶν

1136 1055 1250 1091 ψαλμῶν
1264 1057 1446 1092 ἐπινενόηται·
1456 1057 1499 1084 ἵνα
1513 1058 1537 1084 οἱ
1549 1057 1642 1088 παῖδες
1654 1057 1703 1092 τὴν
1714 1056 1831 1092 ἡλικίαν,
1845 1056 1863 1092 ἢ
1876 1056 1924 1083 καὶ

1136 1101 1205 1133 ὅλως
1225 1102 1249 1128 οἱ
1270 1104 1362 1137 νεαροὶ
1382 1103 1412 1129 τὺ
1437 1101 1513 1137 ἦθος,
1527 1103 1566 1138 τῷ
1580 1103 1628 1138 μὲν
1644 1103 1742 1134 δοκεῖν,
1761 1101 1922 1137 μελῳδῶσι,

1136 1148 1170 1182 τῇ
1185 1147 1298 1184 ἀληθείᾳ
1311 1148 1339 1174 δὲ
1353 1148 1401 1180 τὰς
1416 1149 1504 1184 ψυχὰς
1517 1149 1709 1176 παιδεύωνται.
1728 1149 1760 1174 Ὢ
1775 1148 1823 1182 τῆς
1837 1148 1925 1182 σοφῆς

1137 1193 1258 1224 ἐπινοίας
1272 1193 1319 1219 τοῦ
1333 1193 1504 1226 διδασκάλου,
1519 1193 1587 1228 ὁμοῦ
1600 1202 1630 1220 τε
1647 1194 1720 1229 ᾄδειν
1734 1194 1818 1228 ἡμᾶς,
1832 1193 1878 1219 καὶ
1889 1194 1924 1220 τὰ

1137 1238 1262 1274 λυσιτελῆ
1281 1239 1426 1274 μανθάνειν
1441 1239 1636 1275 μηχανωμένου
1648 1240 1654 1266 1
1665 1239 1746 1266 Ὅθεν
1759 1240 1807 1266 καὶ
1822 1238 1924 1273 μᾶλλον

1137 1283 1302 1310 ὲντυποῦται
1327 1284 1386 1315 ταῖς
1403 1283 1503 1319 ψυχαῖς
1523 1283 1559 1310 τὰ
1575 1284 1744 1319 διδάγματα·
1763 1283 1849 1318 βίαιον
1866 1284 1921 1318 γὰρ

1139 1327 1254 1363 μάθημα
1268 1329 1297 1355 οὐ
1314 1328 1418 1363 πέφυκε
1436 1329 1603 1365 παραμένειν
1613 1337 1620 1345 ·
1636 1329 1666 1356 τὸ
1677 1329 1706 1355 δὲ
1720 1329 1790 1364 μετὰ
1801 1328 1923 1363 τέρψεως

1138 1372 1184 1398 καὶ
1198 1372 1308 1407 χάριτος
1328 1373 1499 1408 είσδυόμενον
1520 1372 1707 1409 μονιμώτερὸν
1723 1381 1782 1405 πως
1798 1375 1857 1405 ταῖς
1871 1373 1924 1408 ψυ-

1137 1418 1199 1452 χαῖς
1221 1418 1299 1452 ἡμῶν
1330 1418 1466 1447 ὲνιζάνει·
1496 1418 1514 1453 ἡ
1541 1418 1590 1453 μὲν
1607 1418 1654 1445 οὖν
1678 1418 1822 1453 πρόχειρος
1837 1417 1923 1451 αἰτία,

1138 1463 1199 1490 καθ’
1219 1464 1252 1499 ἣν
1276 1465 1305 1491 ἐν
1320 1464 1399 1500 ἡδονῇ
1415 1465 1464 1500 τὴν
1479 1466 1508 1492 ὲν
1522 1467 1578 1498 τοῖς
1594 1465 1712 1500 ψαλμοῖς
1736 1466 1850 1501 μελέτην
1866 1474 1924 1492 ποι-

1137 1509 1251 1544 ούμεθα,
1270 1509 1340 1545 αὕτη
1356 1511 1429 1544 ἐστὶ,
1452 1511 1481 1537 τὸ
1498 1511 1637 1547 μελῳδεῖν,
1655 1511 1737 1546 φημὶ,
1756 1511 1789 1537 τὰ
1804 1512 1924 1546 ῥήματα.

1140 1555 1230 1582 Ἔοικε
1246 1555 1275 1582 δὲ
1289 1557 1305 1591 ἡ
1319 1556 1362 1583 διὰ
1376 1557 1425 1592 τῆς
1442 1557 1576 1592 μελῳδίας
1592 1557 1734 1593 φιλοσοφία
1763 1558 1808 1584 καὶ
1831 1557 1926 1591 μεῖζόν

1139 1609 1176 1633 τι,
1201 1601 1217 1636 ἢ
1239 1601 1310 1628 κατὰ
1323 1602 1371 1637 τὴν
1388 1602 1442 1629 τῶν
1462 1603 1564 1629 πολλῶν
1578 1603 1698 1630 διάνοιαν
1716 1603 1924 1637 ὑποσημαίνειν.

1141 1647 1173 1673 Τί
1189 1645 1234 1674 οὖν
1255 1648 1328 1674 ἐστιν
1343 1648 1357 1674 ὅ
1372 1656 1456 1683 φημι;
1475 1647 1599 1676 Ἤκουσα
1614 1657 1685 1680 τινος
1699 1648 1753 1674 τῶν
1767 1648 1868 1683 σοφῶν,
1881 1647 1927 1674 τὸν

1142 1692 1267 1727 περὶτῆς
1288 1692 1394 1727 φύσεως
1407 1693 1485 1728 ἡμῶν
1500 1693 1644 1725 διεξιόντος
1665 1693 1754 1726 λόγον,
1771 1693 1812 1719 ὃτι
1829 1691 1927 1728 μικρός

1141 1738 1183 1769 τίς
1203 1739 1261 1764 ἐστι
1280 1739 1381 1774 κόσμος
1401 1740 1414 1765 ὁ
1434 1739 1587 1774 ἅνθρωπος,
1605 1739 1693 1766 πάντα
1708 1739 1776 1774 ἔχων
1795 1740 1824 1765 ὲν
1840 1737 1929 1773 ἑαυτῷ
1946 1767 1948 1769 ,

1142 1782 1176 1809 τὰ
1191 1783 1237 1809 τοῦ
1251 1784 1368 1818 μεγάλου
1389 1784 1492 1819 κόσμου
1502 1793 1508 1800 ·
1523 1785 1540 1819 ὴ
1554 1784 1583 1811 δὲ
1596 1784 1643 1811 τοῦ
1660 1784 1760 1816 παντὸς
1777 1785 1930 1819 διακόσμη-

1143 1837 1186 1859 σις
1209 1829 1326 1863 ἁρμονία
1341 1830 1382 1861 τίς
1400 1830 1457 1856 ἐστι
1476 1830 1603 1866 μουσικὴ,
1619 1830 1763 1861 πολυειδῶς
1778 1830 1826 1856 καὶ
1840 1830 1931 1856 ποικί-

1144 1873 1197 1905 λως
1215 1874 1286 1900 κατά
1302 1883 1364 1901 τινα
1379 1875 1454 1907 τάξιν
1468 1875 1515 1902 καὶ
1529 1875 1631 1911 ῥυθμὸν
1646 1875 1713 1910 πρὸς
1729 1875 1827 1911 ἑαυτὴν
1842 1877 1930 1911 ἡρμο-

1144 1922 1243 1954 σμένῃ.
1259 1920 1367 1955 Ταύτης
1379 1920 1408 1946 δὲ
1421 1921 1469 1956 τῆς
1482 1920 1628 1953 θεσπεσίας
1645 1920 1781 1956 ὺμνῳδίας
1797 1921 1870 1947 δοκεῖ
1884 1929 1931 1955 μοι

1145 1965 1191 1992 καὶ
1207 1966 1221 1991 ὁ
1237 1965 1324 2000 μέγας
1339 1965 1420 1992 Δασιδ
1438 1967 1467 1992 ἐν
1486 1967 1618 2001 ἀκροάσει
1636 1967 1780 2001 γενόμενος
1800 1966 1887 1993 εἰπεῖν
1903 1966 1932 1992 ἐν

1143 2019 1197 2037 τινι
1212 2012 1266 2037 τῶν
1285 2011 1459 2046 ψαλμῶν,ὂτι
1477 2012 1600 2039 «Λίνοῦσι
1614 2013 1658 2040 τὸν
1678 2012 1743 2039 Θεὸν
1760 2013 1832 2040 αἵτε
1852 2012 1932 2040 ἄλλαι

1144 2056 1283 2092 δυνάμεις,
1299 2057 1328 2084 αἱ
1345 2059 1405 2084 κατ’
1428 2058 1542 2092 οὐρανὸν
1565 2058 1662 2091 πᾶσαι,
1688 2058 1735 2085 καὶ
1759 2058 1788 2084 τὺ
1809 2058 1932 2093 ἁστρῷον

1145 2102 1202 2136 φῶς
1214 2122 1222 2135 ,
1238 2103 1252 2129 ὅ
1277 2111 1306 2129 τε
1328 2103 1402 2138 ἥλιος
1419 2103 1467 2130 καὶ
1482 2104 1498 2138 ἡ
1515 2103 1624 2139 σελήνη,
1642 2103 1688 2130 καὶ
1701 2104 1725 2130 οι
1741 2103 1795 2130 τῶν
1809 2103 1933 2139 οὐρανῶν

1145 2148 1264 2184 οὐρανοὶ,
1280 2149 1326 2175 καὶ
1340 2149 1371 2174 τὺ
1386 2148 1583 2184 ὕπερονράνιον
1598 2148 1732 2184 ὕδωρ.›Εἰ
1747 2147 1793 2175 οὖν
1812 2150 1826 2175 ὁ
1839 2148 1934 2175 διάκο-

1147 2201 1215 2228 σμος
1237 2193 1297 2225 ὅλος
1320 2194 1436 2228 μουσική
1457 2201 1500 2224 τις
1518 2194 1636 2228 ἁρμονία
1649 2194 1718 2227 ἐστὶ,
1732 2195 1829 2229 μικρὸς
1843 2193 1872 2220 δὲ
1888 2194 1934 2219 κό-

1147 2249 1216 2276 σμος
1238 2242 1252 2267 ὸ
1272 2241 1426 2276 ἄνθρωπος,
1453 2241 1469 2276 ή
1485 2241 1514 2267 ὲν
1529 2241 1568 2276 τῷ
1585 2240 1667 2267 παντὶ
1681 2239 1854 2275 θεωρουμένη
1868 2247 1935 2274 μου·

305 2286 366 2313 cueli
382 2286 524 2318 ctelorunt,
546 2292 572 2312 et
585 2293 655 2320 aqua
673 2293 735 2319 quae
750 2292 832 2319 supra
846 2285 931 2312 caelos
947 2290 999 2312 est.
1018 2285 1087 2317 Qum

1150 2286 1214 2322 σικὴ
1227 2287 1274 2313 καὶ
1286 2288 1315 2313 ὲν
1328 2289 1360 2322 τῇ
1371 2286 1528 2322 ἀνθρωπίνῃ
1545 2286 1625 2321 φύσει
1638 2286 1799 2321 φανήσεται.
1808 2285 1935 2311 Δείκνυσι

305 2331 330 2359 si
348 2339 414 2366 ergo
427 2331 569 2366 dispositio
584 2331 628 2357 illa
643 2330 737 2358 mundi
753 2330 956 2358 absolutissima
972 2335 996 2358 et
1012 2338 1094 2358 orna-

307 2375 412 2403 tissitua
427 2376 570 2404 harmonia
586 2376 708 2410 quaedam
726 2376 829 2403 musica
842 2381 894 2409 est,
907 2377 987 2403 homo
1004 2380 1093 2403 autem

306 2429 407 2458 parvus
430 2422 540 2457 quidam
572 2422 705 2456 tnuudus;
722 2422 815 2456 utique
839 2430 900 2457 quae
916 2422 943 2449 in
966 2422 1095 2450 universo

305 2473 444 2503 spectatur
455 2468 608 2500 harmonia,
618 2468 699 2495 etiant
718 2468 745 2495 in
764 2467 884 2495 hominis
897 2472 993 2496 natura
1009 2475 1093 2503 appa-

307 2514 389 2542 rebit.
407 2513 504 2549 Arguit
518 2518 609 2541 autem
628 2513 680 2541 ltoc
693 2514 775 2541 etiant
793 2513 953 2542 mechanica
970 2514 1095 2549 corporis

309 2559 395 2588 nostri
412 2564 560 2591 structura,
578 2560 612 2587 ad
628 2561 761 2587 rationem
778 2560 963 2588 llrntationum
980 2568 1028 2595 per
1043 2567 1094 2586 nu-

307 2613 400 2634 nteros
422 2605 601 2634 solertissime
616 2613 631 2633 a
646 2610 744 2633 natura
762 2610 900 2634 contexta.
920 2605 1000 2634 Vides
1024 2611 1095 2633 arte-

306 2653 376 2680 riam
394 2652 477 2680 veluti
494 2652 587 2680 tibiam
606 2651 742 2687 aliquattt?
760 2652 894 2685 Palatum,
910 2652 989 2687 quasi
1013 2659 1095 2679 cano-

308 2705 369 2725 nettt
384 2698 457 2733 lyrae,
474 2697 602 2733 illamque
614 2705 665 2733 ope
677 2698 783 2733 lingute,
798 2703 825 2725 et
837 2705 967 2733 genarum
983 2701 1010 2724 et
1026 2697 1094 2729 oris,

308 2745 386 2779 quasi
403 2752 450 2779 per
465 2745 597 2780 plectrum
624 2745 724 2772 editant
750 2748 777 2771 et
793 2743 912 2771 chordas
929 2744 1095 2771 modulatio-

309 2788 390 2814 tteut?
408 2787 636 2823 Quandoquidem
662 2789 746 2823 igitur
778 2796 859 2816 omne
883 2788 957 2824 quod
991 2793 1096 2816 natura:

308 2833 429 2860 ordinem
455 2835 590 2868 sequitur,
607 2834 658 2869 ipsi
684 2839 788 2861 natura:
804 2839 910 2869 gratum
927 2839 985 2866 est,
1011 2835 1096 2862 musi-

308 2886 367 2904 (‘.:|ll|
382 2885 471 2906 HINC")
492 2880 525 2906 ad
545 2887 669 2906 normam
696 2885 801 2906 uaturm
827 2884 928 2907 ιιοδιηε
953 2887 1096 2914 compara-

310 2929 364 2951 tam
381 2932 440 2952 esse
454 2925 510 2959 jam
529 2926 622 2961 liqttet,
639 2925 699 2954 ideo
714 2933 829 2961 magnus
846 2925 929 2953 David
945 2925 1093 2961 disciplima

1148 2332 1175 2358 δὲ
1192 2331 1271 2358 τοῦτο
1285 2332 1331 2358 καὶ
1352 2332 1369 2367 ὴ
1387 2331 1520 2366 ἐργανικὴ
1545 2330 1591 2357 τοῦ
1612 2329 1738 2364 σώματος
1756 2328 1833 2364 ὴμῶν
1850 2335 1935 2354 κατα-

1149 2378 1244 2412 σκευὴ,
1257 2377 1325 2413 πρὸς
1335 2377 1465 2413 ὶργασίαν
1477 2376 1614 2412 μουσικῶς
1624 2374 1846 2410 φιλοτεχνηθετσα
1859 2373 1934 2408 παρὰ

1148 2422 1197 2457 τῆς
1211 2422 1328 2457 φύσεως.
1349 2423 1430 2457 Ὁρᾷς
1444 2421 1489 2448 τὸν
1501 2422 1551 2456 τῆς
1563 2420 1693 2456 ἀρτηρίας
1708 2419 1804 2452 αὖλόν;
1819 2419 1869 2453 τὴν
1886 2418 1935 2451 τῆς

1149 2467 1275 2502 ὑπερῷας
1290 2467 1405 2502 μονάδα;
1428 2467 1477 2502 τὴν
1492 2467 1535 2494 διὰ
1551 2467 1672 2501 γλώττης
1689 2466 1735 2492 καὶ
1750 2465 1871 2500 παρειῶν
1887 2464 1933 2490 καὶ

1149 2513 1293 2548 στόματος,
1309 2512 1347 2544 ὡς
1362 2512 1405 2539 διὰ
1419 2512 1522 2548 χορδῶν
1540 2512 1587 2539 καὶ
1600 2512 1739 2547 πλήκτρου
1755 2509 1934 2545 κιθαρῳδίαν;

1154 2559 1230 2586 Ἐπεὶ
1244 2556 1290 2585 οὖν
1308 2559 1362 2585 πᾶν
1376 2558 1406 2585 τὺ
1429 2558 1499 2585 κατὰ
1521 2558 1601 2592 φύσιν
1617 2557 1693 2593 φίλον
1714 2557 1747 2592 τῇ
1766 2555 1845 2590 φύσει
1862 2555 1931 2580 ἐστί’

1149 2604 1295 2640 ἀπεδείχθη
1309 2605 1338 2632 δὲ
1352 2604 1424 2631 κατὰ
1441 2605 1521 2639 ιρῠσν
1535 2605 1600 2640 ἡμῖν
1615 2603 1683 2631 οὖσα
1697 2603 1714 2639 ἡ
1733 2601 1860 2638 μουσικὴ,
1873 2601 1937 2627 τού-

1149 2659 1196 2677 του
1215 2650 1294 2686 χάριν
1310 2651 1324 2677 6
1347 2651 1433 2686 μέγας
1449 2651 1531 2678 Δασὶδ
1546 2652 1580 2686 τῇ
1593 2649 1657 2686 περὶ
1671 2649 1726 2676 τῶν
1739 2648 1848 2683 ἀρετῶν
1862 2647 1936 2681 φιλο-

1150 2697 1232 2732 σοφίᾳ
1246 2696 1295 2731 τὴν
1318 2696 1453 2732 μελῳδίαν
1474 2695 1636 2731 κατέμιξεν·
1663 2692 1720 2722 οἶόν
1741 2702 1803 2720 τινα
1829 2693 1937 2728 μέλιτος

1149 2742 1245 2777 ἡδονὴν
1265 2742 1319 2769 τῶν
1341 2741 1450 2777 ὑψηλῶν
1473 2741 1610 2777 κει-ταχέας
1631 2741 1786 2776 δογμάτων.
1810 2739 1866 2766 Καί
1894 2746 1937 2774 μοι

1149 2789 1223 2816 δοκεί
1236 2788 1431 2823 συμϐουλεύειν
1445 2788 1479 2815 δι’
1497 2787 1678 2823 αἰνιγμάτων,
1700 2787 1742 2813 ὅτι
1756 2786 1786 2812 οὗ
1801 2786 1842 2812 δεῖ
1856 2785 1939 2819 ἄμου-

1152 2834 1198 2860 σόν
1213 2842 1242 2860 τε
1257 2834 1306 2860 καὶ
1320 2833 1451 2868 ἐκτροπον
1473 2833 1520 2860 καὶ
1536 2832 1732 2868 παρηχημένον
1746 2831 1800 2857 τῶν
1811 2831 1840 2856 ἐν
1855 2828 1937 2864 ἀρετῇ

1151 2879 1260 2912 ζώντων
1272 2877 1341 2906 εἶναι
1355 2879 1385 2906 τὸ
1405 2876 1487 2914 ἦθος,
1503 2878 1560 2906 ἀλλ’
1592 2878 1710 2914 ἐμμελὲς
1727 2877 1774 2904 καὶ
1791 2875 1936 2910 εὗρυθμον,

1152 2929 1220 2962 μήτε
1232 2926 1302 2963 πέρα
1313 2927 1359 2954 τοῦ
1375 2927 1474 2963 μέτρον
1486 2926 1712 2962 ὑπερτεινόμενον
1721 2933 1727 2938 ·
1738 2923 1869 2960 ῥήγνυται
1884 2921 1935 2956 γὰρ
