2075 3157
214 145 260 181 ἱθῖ
267 149 279 179 i

667 153 865 185 PREFATIO
884 156 934 186 AD
952 155 1129 187 CATENAM
1146 157 1188 188 ΙΝ
1207 157 1387 189 PSALMHS.

1756 156 1824 190 1074

208 205 318 251 παντως
397 205 546 251 υπερτάσιι
568 209 618 244 τῆς
637 209 737 244 χορδῆς
759 210 790 237 τδ
805 211 992 246 εὐάρμοστον·

1045 212 1175 239 virtututn
1203 212 1351 241 admsicuit
1378 214 1540 248 melodiam,
1573 218 1602 242 ut
1630 216 1709 250 quasi
1736 216 1826 251 aliqua

209 249 279 282 μήτε
300 249 367 284 πρὸς
384 250 414 276 τὸ
428 251 557 284 ἐναντίον,
573 253 602 279 ὲν
616 253 732 289 ἀμετρίᾳ
748 254 799 288 τῆς
813 255 910 290 ἡδονῆς
925 256 989 282 ὑπο-

208 293 378 328 χαλώμενον·
401 296 479 331 κωφὴ
496 296 551 332 γὰρ
572 298 620 324 καὶ
640 299 752 331 ἄναυδος
769 300 872 333 γίνεται
888 301 904 336 ἡ
918 301 990 336 ψυχὴ

208 340 265 369 τοῖς
285 339 335 373 τῆς
351 340 446 375 ἡδονῆς
460 342 661 377 ἐγχαυνωθείσα
677 345 786 372 πάθεσι.
803 346 888 380 Δῆλον
898 346 944 372 οὖν
959 348 991 372 ἐκ

207 384 310 410 τούτων
326 385 385 411 ἐστὶ
397 406 403 417 ,
418 387 485 421 προς
499 388 512 414 ὅ
526 397 552 414 τι
567 388 661 423 βλέπει
675 390 725 424 τῆς
742 391 873 425 μελῳδίας
884 391 914 417 τὸ
925 393 992 418 αἴνι-

207 436 266 463 γμα
275 438 281 444 ·
294 430 336 456 ὅτι
352 430 399 465 τὴν
412 432 465 458 τῶν
478 433 647 469 παθημάτων
661 435 791 470 συστολὴν
813 444 844 462 συ
849 436 991 471 μδουλεὺει

210 476 360 502 ποιεῖσθαι·
379 477 433 503 τῶν
452 477 588 513 διαφόρως
603 481 668 514 ἡμῖν
688 481 870 515 ὲγγινομένων
885 482 917 507 ὲκ
938 482 992 508 τῶν

209 518 343 553 βιωτικῶν
367 523 564 555 περιστάσεων.
587 524 668 551 Ὅθεν
684 526 730 551 καὶ
743 525 776 551 τὰ
792 526 992 560 κατορθώματα

208 564 258 599 τῆς
271 565 345 596 Θείας
354 567 456 601 ταύτης
469 569 602 604 μουσικῆς
614 572 820 606 προσμαρτυρεῖ
830 572 869 606 τῷ
883 572 991 607 Δαϐἱδὴ

208 609 324 644 ἱστορία,
342 611 382 638 ὅτι
395 613 553 647 παράφορόν
574 622 641 641 ποτε
655 616 816 642 καταλαϐὼν
833 617 878 642 τὸν
896 616 992 649 Σαοὺλ,

208 656 255 680 καὶ
275 655 438 690 ἐξεστηκότα
454 659 504 693 τῆς
518 659 648 692 διανοίας,
666 660 752 692 οὕτως
765 661 902 693 ὲξιάσατο,
927 671 993 688 κατ-

209 701 316 736 επᾴδων
332 702 378 728 τοῦ
394 703 506 735 πάθους,
531 704 601 731 ὥστε
616 705 690 740 αὐτῷ
703 706 784 733 πάλιν
799 707 867 742 πρὸς
879 707 909 733 τδ
922 707 992 734 κατὰ

209 745 290 778 φύσιν
308 747 464 774 ἔπανελοεῖν
480 749 529 783 τὴν
542 749 673 776 διάνοιαν.
696 750 750 785 Τὴν
763 751 791 777 δὲ
807 751 860 777 τῶν
877 752 993 786 ψαλμῶν

210 790 301 824 βίϐλον
325 792 414 826 (τοῦτο
426 794 480 829 γὰρ
495 794 620 826 ἐξετάσαι
635 795 773 830 λείπεται)
799 798 838 827 εἱς
852 798 932 823 πέντε
953 797 993 832 βι-

210 836 271 862 ϐλία
288 837 409 872 Ἐῦραίοι
423 839 581 873 διαιροῦσιν,
591 840 660 866 ὥστε
675 841 800 875 γενέσθαι
813 842 897 876 αὐτὴν
910 842 992 876 ἄλλην

211 882 403 917 πεντάτευχον.
432 884 497 910 Ἀπὸ
519 886 574 920 γὰρ
596 886 642 912 τοῦ
667 887 775 921 πρώτου
787 887 894 922 ψαλμοῦ
913 889 992 923 μέχρι

209 926 257 952 τοῦ
271 928 487 962 τεσσαρακοστοῦ
513 931 578 964 μίαν
591 931 746 965 ὲλογίσαντο
764 931 870 966 βίϐλον·
893 933 945 959 ἀπὸ
965 933 992 960 δὲ

210 972 257 998 τοῦ
277 976 497 1011 τεσσαρακοστοῦ
519 977 627 1012 πρώτου
647 978 698 1009 ἕως
721 978 767 1005 τοῦ
793 979 992 1015 ὲὸδομηκοστοῦ

212 1017 332 1052 πρώτου,
350 1019 480 1055 δευτέραν
490 1029 497 1036 ·
513 1022 567 1047 ἀπὸ
581 1022 609 1048 δὲ
623 1023 670 1048 τοῦ
686 1023 886 1058 ἑϐδομηκοστοῦ
903 1024 992 1050 δευτέ-

211 1072 259 1098 ρου
281 1064 333 1096 ἓως
357 1065 404 1092 τοῦ
428 1067 604 1101 ὸγδοηκοστοῦ
629 1068 734 1102 ὀγδόου,
758 1071 869 1105 τρῐτην·
891 1071 944 1097 ἀπὸ
965 1071 993 1097 δὲ

210 1108 388 1144 ὸγδοηκοστοῦ
409 1112 530 1144 ὲννάτου,
554 1112 607 1145 ἕως
630 1115 676 1140 τοῦ
700 1115 846 1142 ἑκατοστοῦ
868 1116 992 1151 πέμπτου

210 1154 342 1189 τετάρτην
355 1156 495 1183 ’ἐντεῦθεν
518 1158 568 1189 ἓως
588 1159 680 1191 τέλους
703 1160 840 1196 πέμπτην.
862 1162 994 1188 Ἕκαστον

211 1199 265 1234 γὰρ
277 1200 384 1236 ψαλμὸν
397 1203 424 1228 ὲν
437 1203 474 1237 τῷ
488 1204 558 1231 τέλει
569 1204 663 1240 ἔχοντα
673 1206 884 1242 τὸ,‹Εὐλογητδς
894 1208 994 1243 Κύριος

210 1245 340 1279 γένοιτο,ι
355 1247 430 1279 τέλος
446 1247 514 1275 εἶναι
540 1250 643 1285 βιϐλίου
661 1251 840 1279 ἐδικαίωσανι
854 1254 904 1289 τῆς
921 1255 993 1289 πέμ-

212 1299 281 1326 πτης
305 1292 388 1327 μόνης
414 1295 532 1329 μερίδος,
557 1297 615 1323 ἀντὶ
630 1297 675 1324 τοῦ
690 1307 698 1323 r
716 1298 866 1334 Εὐλογητὸς
881 1300 992 1335 Κῦριος,

210 1336 441 1371 γένοιτο,γένοιτο,
450 1340 576 1375 »ἐχούσης
586 1342 629 1368 rb:
637 1343 712 1369 nam
724 1344 791 1379 πνοὴ
805 1345 938 1371 αἱνεσάτω
949 1347 994 1372 τῦν

214 1380 342 1415 Κύριον..
361 1383 408 1413 Τίς
421 1384 448 1410 δὲ
468 1386 484 1420 ἡ
501 1386 529 1412 ὲν
545 1386 648 1418 τούτοις
665 1387 775 1423 τεχνικὴ
789 1388 879 1421 τάξις
892 1389 928 1415 Τδ
945 1390 994 1423 μὲν

212 1427 320 1461 πρῶτον
338 1430 435 1464 τμῆμα
456 1431 504 1466 τῆς
515 1432 614 1464 κακίας
626 1433 756 1468 ἀφίστησι
770 1434 816 1461 τὸν
832 1434 974 1469 ἄνθρωπον
985 1442 992 1450 ο

212 1471 242 1496 τὸ
262 1471 289 1498 δὲ
302 1472 426 1508 δεύτερον
442 1475 631 1511 ὑπερδιψῶντα
646 1478 750 1512 εἰσάγει
768 1479 862 1506 τοῦτον
874 1480 921 1507 τοῦ
935 1480 994 1515 βελ-

1041 256 1129 283 mellis
1154 257 1286 284 suavitate
1309 259 1433 292 dogmata
1460 259 1618 287 sublimiora
1639 260 1824 295 perfunderet.

1043 303 1129 336 Atque
1145 303 1209 329 mihi
1232 303 1339 337 quidem
1357 304 1414 332 haec
1432 304 1482 332 sub
1499 304 1641 332 involucro
1654 305 1767 333 innucre
1785 305 1825 332 vi-

1041 348 1131 380 detur,
1148 348 1255 375 illorum
1284 349 1329 383 qui
1355 350 1482 376 virtutem
1512 350 1622 382 colunt,
1651 358 1705 377 non
1728 350 1827 378 debere

1042 400 1132 419 mores
1145 394 1217 420 modi
1229 398 1255 420 et
1268 394 1418 422 harmonia:
1429 401 1552 429 expertos
1564 404 1625 423 esse
1646 401 1692 423 aut
1704 396 1826 423 incurio-

1042 447 1099 471 sos,
1116 439 1162 466 sed
1175 440 1348 467 harmonicos
1360 445 1386 466 ct
1397 449 1576 474 numerosos;
1595 449 1683 476 neque
1696 450 1781 476 usque
1792 442 1826 468 ad

1042 490 1183 510 excessum
1198 484 1317 518 rigidos;
1335 485 1446 512 omnino
1461 486 1532 512 enim
1558 486 1642 513 nimia
1673 486 1827 513 intensioue

1043 528 1151 556 chorda:
1163 529 1298 563 rumpitur
1319 535 1485 563 concentus;
1505 539 1593 565 neque
1608 531 1635 558 in
1660 531 1826 558 contrariam

1043 578 1146 607 partem
1163 573 1320 606 dissolutos,
1341 574 1374 601 ab
1389 575 1597 609 intemperantia
1624 577 1734 611 scilicet
1751 577 1827 603 voln-

1044 619 1126 652 ptatis
1142 626 1149 645 :
1167 622 1242 645 muta
1256 619 1328 645 enim
1346 624 1372 646 et
1383 619 1498 654 elinguis
1515 620 1636 647 redditur
1650 621 1752 653 anima,
1768 629 1828 655 qua:

1044 670 1059 689 a
1082 663 1174 690 studio
1196 663 1341 698 voluptatis
1366 665 1521 692 resolvitur.
1549 665 1586 691 Ex
1602 665 1643 692 his
1660 666 1743 699 liquet
1763 666 1826 699 quid

1043 707 1096 734 sibi
1111 708 1174 735 velit
1187 709 1297 736 musica:
1310 708 1375 735 illud
1393 708 1575 740 involucrum,
1591 709 1663 743 quod
1683 709 1826 735 atl‘cctnnm

1044 753 1154 779 modum
1177 758 1204 780 et
1225 758 1469 789 temperamentum
1496 754 1601 785 suadet,
1618 754 1663 788 qui
1680 754 1753 780 varie
1769 754 1828 780 alli-

1044 798 1120 826 ciunt
1133 800 1239 826 animos
1258 807 1307 834 pro
1329 800 1488 827 discrimine
1516 800 1641 827 ordinum
1660 804 1686 827 et
1706 805 1827 826 :etatum.

1046 843 1166 879 Denique
1188 845 1221 872 de
1249 845 1395 872 virtutibus
1415 846 1526 872 musica:
1555 846 1635 880 hujus
1655 846 1753 872 divinze
1785 853 1828 872 res

1045 888 1101 924 ipsa
1115 889 1300 916 testimonium
1318 890 1418 925 prtebet
1434 890 1537 923 Davidi,
1557 891 1603 925 qui
1627 891 1786 917 dclirantem
1801 895 1828 916 et

1044 939 1121 962 extra
1152 942 1182 962 se
1205 936 1384 963 constitutum
1410 941 1506 963 nactus
1538 936 1662 968 Saulem,
1693 936 1828 963 cantando

1045 988 1132 1015 usque
1151 979 1218 1007 adeo
1233 981 1387 1015 percuravit
1400 981 1444 1008 illa
1467 981 1500 1008 ab
1516 981 1685 1016 aegritudine,
1702 986 1731 1008 ut
1748 982 1828 1015 paulo

1044 1030 1105 1060 post
1121 1034 1186 1053 usus
1210 1026 1335 1057 rationis,
1360 1027 1448 1061 qualis
1463 1031 1539 1053 extra
1557 1027 1680 1053 morbum
1704 1031 1772 1057 erat.
1790 1026 1828 1052 illi

1046 1072 1156 1099 rediret.
1182 1071 1354 1098 Psalmorum
1379 1080 1444 1099 vero
1467 1072 1576 1105 librum,
1605 1073 1676 1107 quod
1702 1073 1826 1098 ultimum

1045 1121 1087 1143 est
1103 1117 1306 1151 perquisitionis
1322 1121 1431 1149 nostrae,
1449 1117 1476 1144 in
1488 1118 1609 1152 quinque
1626 1117 1709 1145 libros
1724 1117 1828 1144 llebrtei

1045 1161 1177 1194 dividunt,
1192 1164 1263 1189 ttnde
1280 1162 1330 1189 alia
1351 1163 1441 1197 prodit
1458 1162 1670 1190 Pentateuchns.
1694 1164 1715 1189 Λ
1741 1163 1829 1196 primo

1044 1207 1116 1233 enim
1138 1206 1171 1234 ad
1188 1207 1427 1241 quadragesimum
1453 1214 1555 1243 usque,
1582 1209 1698 1241 primunt
1728 1208 1831 1235 descri-

1044 1256 1157 1286 pserunt
1177 1252 1293 1285 librum;
1309 1261 1322 1279 a
1337 1253 1546 1287 quadragesimo
1564 1254 1652 1287 primo
1671 1253 1704 1281 ad
1719 1258 1829 1288 septua-

1045 1298 1177 1331 gesimum
1200 1298 1328 1332 primum,
1351 1299 1519 1332 secundum;
1538 1307 1553 1326 a
1570 1300 1770 1334 septuagesimo
1787 1308 1831 1327 se-

1045 1343 1134 1370 cundo
1150 1343 1181 1370 ad
1194 1344 1390 1378 octogesimum
1406 1349 1542 1377 octavum,
1559 1345 1685 1378 tertium;
1706 1345 1739 1371 ab
1753 1349 1830 1371 octo-

1045 1389 1147 1423 gesimo
1162 1396 1244 1420 nono,
1271 1389 1305 1416 ad
1331 1389 1456 1424 quintum
1481 1398 1566 1425 usque
1590 1395 1616 1418 et
1637 1391 1828 1422 centesimum,

1045 1441 1187 1468 quartum;
1210 1435 1272 1462 inde
1295 1443 1382 1470 usque
1402 1435 1437 1462 ad
1462 1436 1542 1463 ﬁnem
1563 1436 1698 1471 quintum.
1726 1435 1830 1462 Uultu-

1045 1487 1180 1515 quemque
1191 1481 1262 1507 enim
1277 1481 1443 1515 psalmorum
1455 1483 1498 1509 cui
1514 1482 1576 1509 ﬁnis
1587 1491 1594 1509 :
1605 1482 1766 1509 Benedictus
1777 1481 1831 1507 Do-

211 1516 316 1564 τίονος,
330 1519 400 1546 κατὰ
424 1520 472 1555 τὴν
492 1521 695 1558 διψωδεστάτην
715 1524 830 1559 ἔλαφον
851 1525 881 1551 τὸ
903 1526 993 1561 τρίτον

1046 1527 1146 1559 minus,
1160 1526 1214 1559 ﬁat,
1235 1527 1314 1554 linem
1325 1535 1385 1555 esse
1402 1528 1570 1563 singulorum
1588 1527 1719 1554 librorum
1730 1535 1830 1555 sanxe-

212 1562 360 1590 ὺποπτικὸν
380 1565 459 1592 αὐτὸν
474 1568 623 1602 παρίστησι
641 1569 690 1603 τῆς
702 1569 756 1596 τῶν
771 1569 854 1597 ὅντων
870 1570 993 1605 φύσεωςο

210 1607 249 1638 ὡς
264 1609 365 1643 ἀγαθὸς
381 1611 445 1646 γὰρ,
469 1613 562 1647 φησὶν,
580 1614 594 1640 ὁ
610 1614 675 1645 Θιὺς
688 1615 728 1650 τῷ
746 1616 868 1652 Ἰσραήλ·
881 1616 935 1650 ἐγὼ
947 1617 975 1643 δὲ
986 1636 993 1648 .

213 1654 290 1687 φησὶ,
305 1655 444 1692 κτηνώδης
457 1658 506 1692 μὲν
518 1659 602 1694 ήμην,
614 1660 657 1686 ὅτε
673 1660 702 1686 ὲν
715 1662 772 1693 τοῖς
792 1662 944 1697 ἐπικαίροις
965 1662 995 1688 τὸ

212 1699 314 1732 ἀγαθὸν
331 1700 471 1737 ὡριζόμην
484 1711 490 1718 ·
508 1704 554 1730 νῦν
570 1704 599 1731 δὲ
624 1705 694 1740 μετὰ
709 1705 755 1732 σοῠ
779 1707 847 1740 εἰμι,
867 1707 911 1733 ὅτε
928 1708 995 1741 πρὸς

212 1746 247 1770 τὰ
258 1745 332 1778 δεξιὰ
346 1747 472 1782 ὥρμησα.
494 1749 530 1776 Τὺ
547 1749 675 1785 τέταρτον
686 1751 775 1778 οὐκέτι
795 1752 884 1779 κοινὸν
898 1753 995 1788 ἀφίησι

215 1792 259 1817 τνιν
280 1793 422 1827 ἀιιῢρώπον
444 1792 523 1829 εἶναι,
538 1796 595 1823 ἀλλ’
608 1797 658 1833 ήδη
678 1798 716 1833 τῷ
732 1798 790 1833 Θεῷ
806 1800 947 1827 συνάπτει.
965 1800 994 1826 Ὀ

215 1836 269 1870 γὰρ
288 1837 464 1873 ὀγδοηκοστὸς
489 1840 597 1874 ἐννατος
617 1842 723 1878 ψαλμὺς
745 1844 901 1880 ἐπιγραφὴν
922 1845 992 1880 ἔχει·

216 1889 226 1906 ι
235 1881 373 1918 Ιιροσευχὴ
381 1885 483 1921 Μωῦσῆ
493 1887 628 1923 ἀνορὼπῳ
640 1889 686 1915 τοῦ
694 1889 771 1916 Θεοῦ⁶
778 1890 821 1916 »τὸ
829 1890 856 1916 δὲ
869 1890 995 1925 πέμπτον

212 1927 258 1953 ἐπὶ
270 1928 317 1963 τὴν
329 1930 483 1965 ἀκρώρειαν
498 1932 559 1966 ἄγει
574 1934 623 1967 τῆς
639 1934 824 1966 ἀναδάσεως·‹
837 1936 905 1970 Ἑμὴ
922 1937 995 1962 πᾶσα

213 1975 410 2010 συμπλήρωσις
424 1977 472 2010 τῆς
485 1978 658 2013 ἀνθρωπίνης
673 1980 809 2014 σωτηρίας
822 1981 881 2006 ὲστί
891 1988 898 1995 ·
920 1982 996 2007 πᾶσα

212 2020 277 2054 γὰρ,
293 2021 369 2055 φησὶ,
385 2021 452 2056 πνοὴ
467 2023 600 2049 αἰνεπάτω
614 2024 660 2049 τὸν
675 2024 934 2058 Κύριον.›Τοιοῦτον
946 2026 995 2060 μὲν

210 2065 243 2099 δὴ
260 2065 289 2092 τὸ
309 2067 472 2102 προσόψημα
482 2076 488 2083 ·
512 2069 606 2103 καιρὶς
618 2070 640 2095 δ’
655 2070 689 2095 ἂν
706 2070 760 2105 εἴη,
782 2071 829 2097 καὶ
842 2071 926 2105 αὐτὴν
941 2078 995 2097 πα-

213 2110 334 2144 ραθεῖναι
357 2112 407 2147 τὴν
430 2114 602 2147 πανδαισίαν,
623 2115 657 2150 ἣν
678 2117 692 2142 ὁ
707 2115 777 2147 θεῖος
801 2116 883 2143 Δασὶδ
904 2116 996 2148 καλοῖς

211 2154 370 2190 δαιτυμόσιν
386 2158 561 2192 ἡτοιμάσατο.

212 2203 312 2234 Quinta
335 2211 399 2231 vero
421 2212 482 2238 pars
505 2206 539 2232 ad
558 2207 663 2233 culmen
685 2207 759 2234 ducit
774 2215 914 2235 ascensus.
931 2208 1070 2236 Gloriatur
1095 2210 1191 2236 enim:

1045 1577 1109 1599 runt
1124 1581 1130 1599 :
1157 1573 1213 1600 sola
1228 1577 1303 1607 parte
1317 1574 1411 1608 quinta
1427 1582 1476 1608 pro
1489 1574 1533 1600 illo
1546 1583 1552 1600 :
1566 1573 1728 1601 Benedictus
1738 1573 1829 1600 Denti-

1046 1625 1107 1650 nus,
1115 1618 1168 1650 ﬁat.
1178 1618 1351 1650 fiat,habente
1360 1628 1366 1645 :
1375 1621 1469 1648 Omnis
1477 1620 1566 1647 anima
1577 1621 1665 1647 laudet
1675 1619 1829 1647 Dominum.

1045 1664 1149 1696 Quteris
1168 1673 1229 1699 quae
1245 1666 1281 1693 sit
1297 1667 1365 1693 ratio
1382 1666 1464 1701 hujus
1483 1665 1609 1693 ordinis?
1626 1665 1716 1692 Prima
1742 1665 1828 1692 sectio

1046 1709 1246 1744 improbitatem
1265 1711 1350 1738 demit
1369 1712 1492 1744 homini;
1514 1711 1602 1738 altera»
1616 1718 1680 1745 pars
1703 1710 1829 1737 eumdem

1046 1755 1150 1783 inducit
1171 1757 1307 1784 sitientem
1336 1757 1457 1788 meliora.
1483 1762 1514 1783 ιιι
1536 1764 1646 1784 cervum
1676 1756 1829 1787 sitientem.

1046 1803 1124 1829 tertia
1139 1810 1203 1837 pars
1218 1808 1337 1830 erectum
1354 1804 1428 1831 illum
1454 1809 1480 1831 ct
1495 1803 1689 1838 despicientem
1709 1809 1753 1829 res
1777 1802 1830 1828 hu-

1046 1857 1141 1876 ntanas
1163 1850 1284 1882 exhibet,
1299 1851 1376 1885 quasi
1398 1851 1470 1878 enim
1491 1851 1525 1878 ad
1554 1851 1661 1885 frugem
1684 1849 1829 1879 rediisset,

1046 1894 1084 1922 ita
1102 1893 1173 1922 Deus
1197 1895 1320 1930 loquitur
1337 1896 1428 1924 lsraeli
1446 1906 1451 1923 :
1469 1896 1535 1931 Ego,
1553 1897 1651 1931 inquit,
1668 1896 1765 1922 brutus
1781 1893 1831 1921 ali-

1046 1939 1156 1973 quando
1172 1947 1245 1967 cram
1257 1960 1264 1971 ,
1278 1948 1339 1967 cum
1367 1941 1393 1968 iu
1409 1941 1603 1976 temporalibus
1623 1941 1724 1967 bonum
1743 1946 1827 1973 pone-

1046 1983 1120 2015 bam,
1133 1991 1206 2011 nunc
1219 1992 1283 2011 vero
1296 1985 1343 2011 tibi
1357 1985 1495 2016 adharrco,
1511 1989 1654 2020 postquam
1668 1985 1700 2011 ad
1715 1984 1830 2010 rectiora

1046 2035 1194 2055 conversus
1209 2036 1281 2056 sum.
1294 2029 1396 2061 Quarta
1416 2037 1478 2063 pars
1491 2037 1544 2056 non
1560 2030 1676 2064 amplius
1691 2036 1740 2063 pro
1752 2028 1831 2055 derc-

1046 2071 1111 2099 licto
1125 2071 1205 2099 habet
1220 2072 1368 2103 hominem.
1386 2073 1432 2099 sed
1447 2073 1502 2107 jam
1520 2073 1595 2099 illum
1612 2072 1665 2099 Deo
1679 2071 1829 2105 conjungit.

1046 2117 1237 2152 Octogcsimus
1253 2118 1325 2145 enim
1343 2121 1370 2144 et
1385 2125 1474 2144 nonus
1498 2117 1621 2152 psalmus
1648 2116 1756 2143 titulum
1781 2115 1830 2142 ha-

1047 2163 1093 2190 bet
1120 2172 1126 2190 :
1155 2162 1249 2190 Oratio
1282 2163 1487 2190 accommodata
1522 2162 1605 2197 Moysi
1636 2161 1741 2188 homini
1771 2159 1829 2188 Dei.

1226 2209 1284 2236 Mea
1307 2213 1348 2236 est
1374 2209 1464 2235 omnis
1489 2216 1595 2236 summa
1626 2206 1762 2234 felicitatis
1779 2206 1831 2232 ltu-

212 2256 315 2281 manaa;
333 2257 408 2285 ergo,
430 2251 505 2284 dicit,
521 2252 611 2280 omnis
624 2253 713 2279 anima
729 2254 819 2281 laudet
833 2254 987 2281 Dominum.
1006 2254 1071 2282 Tale
1102 2255 1211 2288 quidem
1236 2260 1278 2282 est
1301 2255 1474 2288 convivium;
1508 2262 1581 2281 nunc
1610 2258 1717 2288 tempus
1729 2257 1771 2280 est
1782 2259 1831 2287 ap.

212 2303 312 2329 ponere
323 2304 430 2324 omnem
446 2297 609 2325 ferculorqu
625 2299 793 2332 varietatem,
812 2308 893 2335 quant
907 2300 992 2327 David
1007 2302 1099 2336 probis
1112 2302 1235 2329 convivis
1247 2301 1388 2336 apparavit

217 2354 311 2382 Versus
329 2356 434 2383 ἰαγηὺίοί
449 2358 476 2384 in
491 2363 604 2392 quatuor
619 2359 769 2393 prophetas.
781 2365 840 2387 ante
853 2360 979 2387 Catenam
995 2361 1125 2394 inscripti.
1148 2360 1370 2395 (Nicetwforsan
1389 2361 1581 2392 Heracleensis.
1601 2361 1738 2390 Constant.
1766 2363 1830 2390 ccci.

733 2395 848 2427 diaconi,
863 2404 907 2422 an.
929 2396 959 2423 C.
978 2396 1056 2422 1077.
1074 2397 1182 2423 ΒΛΝΙΗΝΙ
1199 2397 1217 2427 Ι⁷
1240 2397 1294 2431 19.)

530 2449 665 2477 ΗΣΔΙΔΣ.

270 2503 302 2530 'H
319 2502 372 2531 τῶν
382 2504 529 2540 προφητῶν
542 2505 661 2542 ἀκρότης
685 2507 810 2538 Ἡσαΐας,

265 2550 317 2577 Τὸν
330 2551 392 2578 νοῦν
407 2551 553 2586 καθαρθεὶς
566 2551 681 2588 ἄνθρακι
697 2552 796 2587 φλογὸς
809 2552 898 2588 ξένης,

264 2597 319 2624 Καὶ
332 2597 364 2632 δὴ
379 2597 409 2624 τὸ
425 2598 521 2632 μέλλον
536 2598 572 2630 ὡς
587 2599 703 2630 ὲνεστὼς
719 2598 890 2634 προσλέπων,

262 2643 380 2678 Χριστοῦ
392 2644 555 2679 διετράνωσε
567 2644 617 2680 τὴν
632 2645 792 2679 παρουσίαν,

263 2690 370 2716 Πτῶσιν
386 2690 573 2726 προηγόρευσε
587 2690 643 2717 τῶν
656 2690 870 2725 Χριστοκτόνων,

265 2736 359 2763 Πίστιν
374 2738 488 2771 προεῖπε
500 2736 555 2763 τῶν
567 2736 633 2771 πρὶν
649 2736 748 2769 ἔξωθεν
763 2736 857 2770 νόμου.

265 2782 321 2807 Καὶ
337 2783 418 2809 παντὶ
432 2782 528 2816 κόσμῳ
541 2783 591 2817 τὴν
606 2782 767 2818 παλίρροιαν
785 2782 853 2817 βίου.

269 2826 397 2859 ιιηισοεὶς
411 2827 500 2863 φθόνῳ
513 2828 552 2862 δὲ,
564 2828 611 2855 καὶ
626 2828 706 2855 πόλον
721 2827 810 2864 λαχὼν
826 2828 927 2864 μένειν,

1375 2452 1497 2481 lSAlAS.

1043 2507 1240 2543 Prophetarum
1256 2516 1322 2543 apex
1338 2508 1432 2539 Isaias.

1044 2551 1132 2579 Mente
1146 2557 1276 2587 purgatus
1292 2560 1308 2580 a
1322 2553 1440 2580 carbone
1455 2553 1572 2580 ﬂamma:
1583 2553 1689 2586 aiicnm,

1043 2596 1194 2632 Futurique
1209 2601 1238 2624 ut
1250 2597 1306 2632 jam
1323 2597 1491 2626 imminentis
1501 2598 1643 2633 providus.

1044 2642 1145 2671 Christi
1161 2642 1325 2676 signiﬁcavit
1343 2644 1528 2677 praesentiam,

1047 2688 1203 2723 Casumque
1216 2688 1343 2723 praedixit
1358 2689 1596 2719 Christicidarum.

1047 2732 1140 2761 Fidem
1159 2734 1349 2768 praenuntiavit
1362 2739 1424 2762 ante
1435 2742 1450 2761 a
1468 2735 1524 2769 lege
1537 2734 1701 2767 alienorum,

1047 2778 1162 2814 Totique
1175 2779 1277 2806 mundo
1295 2779 1355 2807 vita:
1370 2779 1580 2807 restitutionem.

1045 2825 1184 2854 Dissectus
1197 2831 1286 2853 autem
1296 2825 1407 2860 invidia,
1417 2825 1523 2861 polique
1537 2830 1612 2853 sorte
1629 2825 1755 2858 donatus.
