2075 3157
240 153 331 192 '1073

613 164 805 195 OPUSCULA
824 166 1138 198 SCRIPTURIS’I‘ICA
1158 169 1328 199 lNCERT/E
1347 169 1500 199 ETATIS.

1804 171 1871 202 1080

298 216 379 244 Vens.
397 217 439 245 l7.
454 217 517 246 ldeo
532 219 657 246 meminit
672 219 787 247 Abrahae
807 224 834 246 et
853 219 948 251 David,
971 221 1044 256 quod

1129 222 1179 249 Διὰ
1189 223 1268 249 τοῦτο
1279 224 1481 259 ἐμνημόνευσεν
1501 223 1626 258 Ἀϐραὰμ
1638 225 1684 250 καὶ
1698 224 1790 258 Δασιδ,
1807 226 1875 252 διότι

261 262 294 289 ad
312 263 373 290 illos
392 264 463 291 datae
484 268 562 291 erant
582 264 778 299 promissioues
795 266 868 292 circa
887 265 1039 294 Christum.

298 308 443 336 Duodecim
472 317 577 344 ponens
603 310 804 342 generationes.
834 311 1040 345 quatuordecim

262 353 340 384 dixit.
362 354 423 387 quia
439 358 546 388 tempus
572 354 738 389 captivitatis
765 355 836 382 intra
851 357 1042 391 generationes

262 399 414 431 ordinavit;
431 399 519 426 adhuc
532 404 621 427 autem
641 400 730 434 ipsum
749 400 887 428 Christum
911 401 981 428 intra
994 409 1040 437 ge-

260 443 416 470 nerationes
435 444 513 471 nobis
529 449 724 472 connumerat.

294 487 376 514 Vens.
392 488 436 514 18.
450 487 508 516 Νοη
530 489 599 516 dixit
622 490 781 525 priusquam
797 490 942 519 duceretur
954 491 1000 519 illa
1014 491 1042 519 in

259 531 382 564 domum,
397 533 444 560 sed
462 534 622 569 priusquam
650 537 838 568 convenirent,
854 537 917 571 quia
929 544 983 564 non
1001 537 1042 564 to-

258 577 297 604 ris
314 585 330 605 a
347 578 406 605 viro
427 584 506 606 erant
533 580 708 615 desponsata
734 582 822 609 aetatis
836 582 966 617 imparis;
987 583 1040 611 huc

258 627 350 649 autem
360 623 475 652 dixitne
492 625 538 652 det
566 625 759 660 suspicionem.
773 627 859 659 Quam
872 628 906 655 ob
929 635 1040 655 causam

259 675 313 695 non
330 673 393 696 ante
408 669 643 704 desponsationem
659 673 782 706 concepit
797 673 809 699 ?
822 672 860 700 Ne
874 679 981 708 pareret
995 682 1042 701 sn-

260 713 411 747 spicionem
431 715 504 749 quod
534 714 635 743 factum
663 722 733 749 erat,
752 725 815 745 cum
841 726 895 746 non
912 723 985 747 esset
1001 719 1042 747 vir

262 757 368 785 zelosus
384 763 410 785 et
423 758 484 786 ideo
496 759 610 788 Mariam
628 761 788 790 observans.

296 812 377 841 Vens.
395 813 438 842 l9.
460 815 616 844 Secundum
634 817 719 852 legem
736 826 787 845 non
803 820 936 854 castigare
951 796 1042 859 neque

1093 267 1160 301 πρὸς
1174 267 1271 299 αὐτοὺς
1285 266 1355 303 ἦσαν
1372 269 1399 294 αἱ
1410 267 1571 302 ἐπαγγελίαι
1586 269 1651 303 περὶ
1663 269 1796 304 Χριστοῦ.

1126 312 1235 340 Δώδεκα
1250 313 1306 344 θεὶς
1320 313 1636 349 γενεὰς,δεκατέσσαρας
1650 312 1738 347 εἶπεν,
1753 315 1820 343 διότι
1830 318 1874 344 καὶ

1091 356 1138 383 τὸν
1154 357 1248 392 χρόνον
1261 359 1311 394 τῆς
1324 358 1513 393 αἰχμαλωσίας
1530 359 1571 390 είς
1587 359 1683 392 γενεὰν
1697 360 1793 393 ἔταξεν
1803 370 1810 377 ·
1836 362 1876 390 ἔτι

1091 400 1120 427 δὲ
1132 402 1177 428 καὶ
1191 402 1274 429 αὑτὸν
1292 402 1337 429 τδν
1352 402 1469 438 Χριστὸν
1481 403 1522 435 είς
1539 403 1636 437 γενεὰν
1651 404 1794 433 συνάπτων
1809 406 1875 442 ἡμῖν

1091 446 1182 474 αὐτόν.
1540 468 1544 472 .

1129 492 1188 518 Οὐκ
1199 490 1286 525 εἷπεν,
1302 493 1368 528 πρὶν
1382 492 1399 528 ἢ
1417 493 1532 528 ἀχθῆναι
1549 494 1634 529 αὐτὴν
1650 495 1690 526 είς
1707 495 1756 530 τὴν
1774 496 1874 528 οίκίαν,

1091 535 1170 570 ἀλλὰ,
1183 538 1248 573 πρὶν
1264 537 1281 573 ἢ
1296 538 1433 566 συνελθεῖν
1453 539 1562 572 αὐτοὺς,
1572 539 1615 566 διὰ
1628 540 1659 567 τὸ
1685 541 1723 576 μὴ
1738 541 1790 574 ἔξω
1804 540 1875 570 εἶναι

1091 583 1144 610 τῶν
1158 584 1262 619 ἀνδρῶν
1284 584 1334 616 τὰς
1351 586 1594 620 μεμνηστευμένας
1615 586 1777 621 ἀνηλίκους·
1796 588 1875 615 τοῦτο

1091 629 1119 655 δὲ
1134 626 1209 656 εἶπεν
1223 629 1267 657 διὰ
1283 630 1313 656 τὸ
1332 629 1370 665 μὴ
1391 630 1481 657 δοῦναι
1497 631 1624 665 ὑποψίαν.
1655 632 1733 663 Τίνος
1748 633 1828 668 χάριν
1842 634 1874 659 οὐ

1091 674 1144 709 πρὸ
1158 675 1208 709 τῆς
1221 676 1367 710 μνηστείας
1379 675 1541 708 συνέ).α6εν;
1554 676 1612 702 Ἵνα
1627 677 1664 712 μὴ
1696 677 1760 714 δόξῃ
1774 678 1876 712 ὑποψία

1091 720 1121 747 τὸ
1136 721 1257 754 γεγονὸς.
1289 721 1339 747 οὐκ
1361 720 1438 753 ὄντος
1461 720 1508 748 τοῦ
1525 721 1740 756 ζηλοτυποῦντος
1767 723 1813 749 καὶ
1831 723 1875 749 διὰ

1091 765 1169 793 τοῦτο
1185 765 1377 800 φυλάσσοντος.

1126 821 1205 847 Κατὰ
1216 820 1263 847 τὸν
1276 821 1358 856 νόμον
1371 820 1402 847 οὐ
1417 820 1530 847 κολάσαι
1545 820 1604 847 οὐδὲ
1621 821 1873 855 παραδειγματίσαι

261 857 369 886 hancin
393 861 546 894 exemplum
576 862 641 889 dare
667 863 770 895 volens.
793 865 877 890 voluit
906 857 1042 893 diniittere

1097 866 1176 901 ιῦτὴν
1197 866 1358 901 βουλόμενος
1385 865 1519 900 ἐϐουλήθη
1535 865 1671 892 ἀπολῦσαι
1696 866 1780 901 αὐτὴν
1792 875 1799 882 ·
1816 875 1873 892 κω-

259 911 329 930 eam.
346 903 506 932 Prohibetur
519 910 609 933 autem
630 907 665 934 ab
680 909 794 943 angelo;
810 909 880 936 adeo
894 915 952 937 erat
967 912 1040 939 mitis

1097 898 1183 938 λύεται
1196 898 1224 938 δὲ
1240 898 1284 938 ι’)τιεζ
1298 910 1414 946 ἀγγέλου
1428 919 1435 926 ·
1458 898 1585 937 τοσοῦτον
1604 909 1638 946 ἦν
1651 912 1668 946 ἦ
1673 919 1704 946 με
1710 898 1814 946 ροςνκαὶ
1829 920 1873 945 φι-

259 953 286 975 et
299 949 408 984 sapiens
422 950 535 986 Joseph.
546 952 586 978 Ad
603 953 815 981 ministrandum
843 955 879 982 illi
895 963 956 988 post
975 964 1039 991 par-

260 998 329 1024 tum.
355 994 467 1022 evidens
492 1000 532 1023 est
553 997 627 1030 quod
651 997 787 1026 adductus
802 999 838 1027 sit
862 999 961 1034 Joseph
989 1001 1041 1028 hoc

258 1038 392 1073 prodigio.

293 1083 375 1112 Vens.
394 1085 439 1113 20.
459 1086 514 1114 Cur
526 1095 579 1115 non
597 1089 669 1117 clara
691 1090 751 1118 luce
770 1091 845 1120 visus
859 1097 902 1120 est
927 1093 1040 1128 angelus

257 1125 368 1162 .luscph,
387 1129 432 1156 sed
448 1137 495 1164 per
505 1133 658 1160 somnium?
668 1134 738 1167 Quia
748 1143 802 1163 non
813 1142 872 1165 erat
884 1138 1040 1168 incredulus

259 1178 287 1199 ut
304 1179 427 1208 pastores
442 1181 468 1203 et
484 1177 640 1207 Zacharias.

293 1218 350 1246 Cur
364 1221 472 1248 vocarit
496 1222 571 1250 illum
586 1226 698 1260 angelus
718 1227 802 1254 lilium
820 1228 931 1257 David?
949 1229 1041 1258 Revo-

259 1271 323 1310 eare
348 1265 385 1293 illi
405 1267 522 1302 volebat,
540 1269 613 1297 unde
632 1271 746 1299 debebat
766 1273 892 1302 Christus
908 1276 1039 1310 originem

259 1309 371 1338 ducere.

294 1369 349 1397 Cur
367 1371 436 1398 dixit
456 1373 590 1409 conjugem
615 1377 711 1404 tuam?
728 1375 806 1409 Quod
830 1385 885 1405 non
908 1382 968 1405 erat
983 1379 1041 1406 vi0¢

260 1414 325 1442 lata.
350 1415 500 1453 Conjugem
522 1424 612 1448 autem
635 1421 708 1449 illam
735 1427 814 1450 vocat
836 1423 872 1451 ob
890 1424 1041 1460 desponsa-

260 1459 375 1492 tionem.
391 1462 472 1489 sicuti
492 1468 518 1491 et
532 1471 583 1491 nos
594 1473 700 1499 generos
716 1466 833 1496 dicimus
849 1468 892 1496 vel
906 1474 969 1496 ante
990 1477 1041 1496 nu-

259 1505 330 1539 ptias
346 1506 525 1541 desponsatos
538 1509 611 1537 tiliae.

296 1549 378 1579 Vens.
395 1552 440 1579 21.
455 1552 511 1581 Non
530 1554 609 1588 dixit,
631 1555 723 1584 Pariet
736 1557 799 1590 tibi;
818 1565 872 1584 non
890 1562 951 1585 erat
970 1558 1042 1585 enim

260 1595 334 1624 illius
348 1605 458 1632 semen;
472 1600 520 1627 sed
535 1601 623 1635 pariet
633 1602 735 1629 mundo
745 1603 887 1631 evidenter
899 1604 1042 1636 universo;

260 1642 335 1669 addit
347 1643 420 1670 enim
434 1653 440 1671 :
461 1644 521 1677 Ipse
535 1646 635 1673 saluum
652 1647 730 1682 faciet
741 1648 866 1682 populum
881 1658 970 1676 suum.

296 1688 351 1715 Cur
365 1690 449 1723 dixit,
470 1691 579 1719 Vacubis
595 1701 688 1720 nomen
703 1693 759 1728 ejus
778 1693 893 1722 Iesum?
913 1694 951 1722 Ne
968 1695 1043 1723 illum

264 1733 366 1760 faceret
386 1734 421 1761 ab
443 1735 531 1762 ullicio
551 1737 636 1770 patris
653 1738 783 1764 alienum.
802 1737 878 1766 Licet
892 1739 966 1766 enim
983 1745 1044 1768 tuus

264 1778 337 1806 tilius
352 1787 406 1806 non
422 1780 467 1812 sit,
484 1781 582 1816 inquit,
604 1783 650 1809 sed
667 1791 728 1818 quae
742 1784 826 1819 patris
841 1789 906 1812 sunt
924 1793 999 1821 ages,
1012 1794 1046 1814 eo

263 1824 336 1857 quod
353 1832 407 1852 non
423 1826 461 1852 sit
475 1833 489 1853 e
505 1826 695 1856 fornicatione.

300 1877 382 1906 Vens.
397 1879 442 1907 22.
455 1881 574 1916 Angelus
599 1882 665 1910 dicit
680 1883 752 1910 istud
767 1892 775 1911 :
792 1883 851 1912 Iloc
862 1890 951 1913 autem
963 1891 1046 1913 totum

264 1923 364 1957 factum
392 1930 430 1952 est
457 1931 487 1953 ut
513 1927 702 1962 adimplerelur
719 1929 789 1964 quod
814 1930 915 1957 dictum
940 1937 978 1958 est
1013 1932 1045 1959 ab

263 1969 356 2002 Isaia;
375 1979 429 1998 non
450 1977 541 1999 autem
556 1975 732 2009 evangelista.

300 2016 384 2044 Vens.
400 2017 444 2045 25.
464 2017 491 2045 Si
504 2019 565 2053 quis
577 2020 677 2047 dixerit
691 2028 745 2048 non
763 2020 865 2049 dixisse
878 2021 974 2050 Isaiam
991 2023 1043 2050 t'ir-

263 2061 355 2096 ginem
382 2062 429 2090 sed
459 2064 596 2098 puellam;
624 2066 700 2097 prius
726 2067 837 2101 quidem
869 2067 960 2095 ferunt
997 2067 1048 2096 Se-

264 2108 404 2142 ptuaginta
420 2109 462 2136 his
484 2110 606 2144 quinque
620 2111 823 2140 numerosiores
839 2116 866 2139 et
880 2113 1047 2145 veraciores.

264 2158 358 2188 utpote
393 2155 544 2183 scribentes
583 2163 647 2185 ante
691 2158 871 2192 patraliouem
909 2160 1047 2195 mysterii;

264 2199 363 2228 deinde
378 2201 492 2236 puellas,
508 2202 628 2237 virgincs
645 2203 782 2236 dicemus;
799 2209 836 2236 et,
847 2204 876 2231 Si
895 2205 1048 2232 clamaverit

265 2245 364 2278 puella,
380 2246 414 2273 de
438 2247 541 2281 virgine
563 2248 684 2281 loquitur
709 2247 825 2283 Moyses.
848 2250 911 2283 quia
939 2250 1049 2277 sciebat

267 2290 362 2323 puellae
375 2299 474 2318 nomen
494 2300 543 2326 pro
556 2293 660 2328 virgine
674 2295 811 2328 usurpari.
826 2294 854 2320 Si
877 2303 891 2321 e
902 2301 1051 2322 consuetu-

267 2335 330 2361 dine
366 2336 481 2362 debebat
503 2337 626 2370 generari
655 2338 726 2371 quod
757 2345 773 2364 a
812 2339 941 2373 propheta
977 2347 1050 2366 nun-

268 2379 362 2406 tiatum
375 2386 444 2413 erat,
460 2381 526 2416 quid
545 2382 752 2416 significationis
768 2384 848 2411 habet
861 2385 933 2418 (μιοιί
947 2385 1050 2411 dictum

266 2425 328 2451 est?
349 2423 423 2452 Nihil
445 2431 533 2460 certe;
552 2427 681 2463 denique,
699 2437 752 2456 non
772 2429 798 2456 in
814 2429 942 2464 Ezechia,
959 2431 1006 2458 sed
1024 2431 1049 2458 in

267 2470 379 2498 Christo
393 2472 569 2506 adimpletum
581 2478 633 2502 est.

302 2528 417 2562 Ohjieiet
430 2528 540 2558 Judzeus
555 2538 604 2557 cur
618 2539 672 2559 non
692 2537 804 2559 vocatus
828 2533 863 2560 sit
878 2532 1049 2565 Emmanuel,

269 2579 296 2601 ut
314 2576 447 2609 propheta
473 2576 550 2609 dixit,
579 2577 625 2604 sed
651 2576 733 2605 Jesus
763 2579 909 2606 Christus?
934 2579 1052 2606 Audiant

269 2621 426 2655 prophetam
438 2630 490 2649 nun
509 2622 621 2656 dixisse,
637 2623 764 2656 Vocabis,
779 2625 836 2656 sed.
856 2624 987 2651 Vocabuut
1003 2633 1052 2659 po-

269 2667 343 2700 puli;
363 2667 421 2695 haec
437 2673 479 2694 est
491 2676 581 2695 rerum
599 2669 713 2696 istarum
729 2669 863 2702 expositio
877 2680 883 2696 :
895 2670 959 2704 quia
976 2670 1052 2697 vide-

268 2712 334 2738 lmnt
356 2712 441 2740 Deum
468 2721 531 2740 cum
556 2713 723 2742 hominibus.
748 2714 806 2741 Mos
831 2719 922 2741 autem
945 2715 989 2741 ille
1009 2720 1052 2742 est

268 2757 416 2792 Scriptum
439 2758 490 2786 hoc
508 2767 557 2793 pro
577 2759 736 2786 nominibus
748 2759 897 2792 adhibere;
917 2763 957 2791 ut,
978 2759 1050 2786 Voca

268 2811 359 2829 nomen
375 2804 450 2838 ejus:
466 2804 526 2832 Cito
538 2805 644 2839 spolia;
658 2804 776 2832 celeriter
792 2809 867 2831 uasta
879 2812 889 2832 :
902 2805 988 2839 genito
1004 2805 1051 2831 illo

267 2850 379 2876 testatio
394 2850 544 2885 prwdnrum
566 2851 637 2886 facta
663 2855 720 2884 ut;
743 2856 770 2879 et
795 2855 824 2879 ut
847 2851 913 2880 illud
932 2859 1050 2886 quoque,

1092 956 1203 990 λόσοφος
1230 957 1244 982 6
1267 956 1378 990 Ἰωσήφ.
1410 955 1447 982 Τὸ
1468 954 1629 990 θεραπεύειν
1641 955 1725 990 αὐτὴν
1742 955 1812 990 μετὰ
1828 956 1876 982 τὸν

1092 1001 1181 1033 τόκον,
1197 999 1307 1035 εὔδηλον
1325 1000 1363 1031 ὡς
1380 999 1493 1035 ἐπείσθη
1509 999 1547 1034 τῷ
1562 999 1681 1034 θαύματι
1694 1001 1708 1026 6
1728 1000 1838 1035 Ἰωσήφ.

1128 1089 1177 1116 Διὰ
1192 1089 1218 1116 τί
1227 1089 1257 1116 οὗ
1278 1088 1401 1123 φανερῶς
1430 1087 1507 1123 ὤφθη
1534 1089 1549 1114 6
1569 1088 1685 1123 ἄγγελος
1698 1088 1737 1124 τῷ
1763 1089 1874 1124 Ἰωσὴφ,

1093 1135 1160 1161 ἀλλὰ
1171 1134 1231 1161 κατ’
1245 1134 1327 1169 δναρ;
1348 1134 1409 1160 Ὀτι
1425 1133 1475 1160 οὒκ
1488 1131 1522 1169 ἦν
1536 1133 1660 1161 ἀπιστῶν
1678 1134 1716 1166 ὡς
1735 1135 1760 1161 οι
1776 1135 1874 1170 ποιμέ-

1093 1188 1138 1212 νες
1153 1181 1199 1206 καὶ
1214 1181 1228 1206 6
1243 1179 1389 1214 Ζαχαρίας.

1122 1225 1177 1252 ,Διὰ
1185 1225 1211 1252 τί
1227 1223 1303 1251 εἶπεν
1321 1224 1402 1251 αὑτὸν
1415 1225 1429 1252 ὁ
1446 1224 1560 1259 ἄγγελος
1587 1225 1645 1251 υίδν
1674 1225 1776 1258 Δαϐίδ;
1798 1225 1876 1252 ’Δνα-

1094 1269 1194 1305 μνῆσαι
1218 1269 1299 1296 αὐτὸν
1326 1269 1485 1305 βουλόμενος
1497 1290 1504 1303 ,
1519 1270 1580 1297 ὅθεν
1600 1269 1711 1306 ἔμελλεν
1723 1271 1737 1297 6
1758 1271 1876 1305 Χριστὸς

1093 1314 1244 1342 τίκτεσθαι.

1129 1369 1178 1396 Διὰ
1190 1369 1215 1397 τί
1228 1368 1314 1404 εἶπεν,
1334 1371 1394 1405 Τὴν
1406 1370 1534 1405 γυναῖκα
1547 1379 1605 1398 σου
1615 1379 1625 1403 ;
1639 1370 1684 1402 Ὠς
1699 1370 1737 1406 μὴ
1747 1370 1876 1406 διεφθαρα

1095 1414 1178 1450 μένης
1188 1423 1197 1432 ⁸
1213 1417 1330 1450 γυναῖκα
1346 1416 1374 1443 δὲ
1389 1416 1474 1452 αὐτὴν
1487 1416 1565 1443 καλεῖ
1585 1416 1639 1443 ἀπὸ
1651 1415 1701 1449 τῆς
1717 1416 1876 1451 μνηστείας,

1095 1459 1189 1496 ὥσπερ
1203 1461 1250 1488 καὶ
1264 1462 1344 1497 ἡμεῖς
1353 1462 1501 1497 γαμϐροὺς
1510 1462 1626 1497 λέγομεν
1637 1461 1685 1489 καὶ
1699 1462 1752 1497 πρὸ
1767 1461 1814 1489 τοῦ
1827 1462 1877 1496 γά-

1097 1513 1147 1540 μου
1166 1506 1228 1537 τοὺς
1242 1507 1460 1542 μνηστευθέντας
1474 1508 1506 1542 τῇ
1522 1506 1650 1543 θυγατρί.

1130 1551 1187 1578 Οὐκ
1203 1550 1411 1584 εἷπεν,Τέξεταί
1421 1561 1462 1579 σοι
1475 1561 1481 1567 ·
1493 1552 1523 1579 οὐ
1537 1554 1592 1587 γὰρ
1603 1551 1637 1588 ἦν
1653 1552 1737 1580 αὑτοῦ
1755 1552 1876 1587 σπέρμα·

1095 1596 1174 1629 ἀλλὰ,
1190 1597 1318 1630 Τέξεται,
1329 1597 1369 1632 τῷ
1385 1597 1480 1633 κόσμῳ
1494 1598 1575 1624 παντὶ
1586 1597 1707 1633 δηλονότι
1718 1606 1725 1614 ·
1739 1598 1796 1633 ἔχει
1811 1598 1876 1633 γάρ·

1093 1642 1191 1675 Αὐτὸς
1207 1643 1300 1670 σώσει
1313 1643 1367 1670 τὸν
1380 1643 1458 1669 λαὸν
1466 1643 1571 1671 αὐτοῦ.

1129 1687 1179 1714 Διὰ
1189 1688 1216 1714 τί
1227 1686 1314 1721 εἷπεν,
1329 1688 1476 1721 Καλέσας
1484 1689 1517 1715 τὸ
1528 1689 1622 1724 ὄνομα
1630 1689 1723 1716 αὑτοῦ
1737 1688 1878 1722 Ἰησοῦνῖ

1095 1733 1153 1759 Οὐκ
1168 1732 1307 1769 ἀλλότριον
1331 1732 1417 1760 ποιῶν
1440 1734 1521 1761 αὑτὸν
1534 1734 1583 1769 τῆς
1606 1733 1753 1765 διακονίας.
1778 1734 1808 1759 Εἰ
1825 1733 1879 1768 γὰρ

1095 1781 1142 1806 καὶ
1157 1781 1195 1815 μὴ
1207 1780 1251 1812 σὸς
1263 1781 1276 1807 6
1285 1781 1374 1812 τόκος,
1387 1780 1478 1815 φησὶν,
1492 1780 1559 1807 ἀλλὰ
1589 1780 1624 1807 τὰ
1639 1781 1740 1816 πατρὸς
1755 1779 1879 1816 πράξεις.

1095 1825 1140 1852 διὰ
1153 1825 1183 1852 τὸ
1199 1826 1236 1861 μὴ
1255 1825 1308 1852 ἀπὸ
1326 1827 1449 1861 μοιχείας
1463 1824 1544 1853 εἶναι.

1138 1882 1167 1908 '0
1193 1881 1308 1916 ἄγγελος
1324 1881 1398 1916 λέγει
1415 1881 1456 1915 τὸ,
1483 1881 1575 1909 Τοῦτο
1599 1882 1634 1908 δὲ
1663 1882 1737 1909 ὅλον
1756 1881 1880 1917 γέγονεν

1090 1928 1147 1958 ,ἵνα
1168 1927 1310 1962 πληρωθῇ
1324 1929 1358 1954 τὸ
1379 1927 1473 1963 ῥηθὲν
1488 1927 1557 1963 ὑπὸ,
1564 1927 1684 1955 Ἡσαΐου
1695 1935 1702 1943 ·
1716 1927 1774 1955 ἀλλ’
1791 1928 1852 1962 οὐχὶ
1867 1928 1881 1954 ὁ

1098 1973 1308 2008 εὐαγγελιστής.

1138 2020 1201 2047 Ἐάν
1214 2028 1255 2051 τις
1279 2020 1344 2056 λέγῃ
1361 2020 1401 2046 ὅτι
1425 2019 1476 2046 οὐχ
1501 2017 1577 2046 εἷπεν
1602 2019 1714 2050 Ἡσαΐας
1730 2017 1877 2053 παρθένον,

1097 2064 1166 2092 ἀλλὰ
1194 2064 1312 2097 νεάνιδα,
1342 2063 1450 2099 πρῶτον
1475 2064 1525 2099 μὲν
1550 2063 1576 2090 οἱ
1600 2063 1798 2099 Ἑϐδομήκοντα
1825 2062 1881 2089 τῶν

1098 2111 1179 2137 πέντε
1205 2110 1326 2141 πλείονες
1353 2109 1400 2136 καὶ
1427 2109 1658 2144 ἀνυποπτότεροι”
1683 2109 1735 2144 πρὸ
1760 2108 1814 2144 γὰρ
1833 2108 1884 2142 τῆς

1099 2156 1233 2190 διαμάχης
1248 2154 1295 2181 τοῦ
1310 2155 1459 2191 μυστηρίου
1469 2163 1476 2170 '
1492 2155 1588 2182 ἔπειτα
1606 2155 1637 2180 τδ
1651 2155 1816 2186 νεανίσκοι,
1829 2155 1875 2180 καὶ

1100 2200 1242 2235 παρθένοι
1256 2200 1370 2235 λέξομεν
1380 2208 1388 2216 ·
1412 2200 1459 2227 καὶ
1476 2200 1517 2233 τὸ,
1539 2199 1609 2227 Ἐὰν
1619 2199 1722 2233 βοήσῃ
1735 2199 1754 2232 ὴ
1771 2199 1883 2231 νεᾶνις.

1102 2247 1167 2281 περὶ
1181 2245 1318 2281 παρθένου
1331 2246 1418 2279 λέγων
1434 2246 1448 2272 6
1463 2246 1564 2280 Μωσῆς
1577 2253 1583 2261 ·
1604 2245 1674 2271 ὥστε
1699 2242 1769 2271 οἶδεν
1783 2245 1813 2270 τὸ
1834 2245 1884 2279 τῆς

1102 2292 1220 2324 νεάνιδος
1244 2292 1329 2327 ὄνομα
1343 2292 1390 2318 ἐπὶ
1407 2292 1457 2327 τῆς
1481 2291 1617 2326 παρθένου
1642 2291 1778 2325 λέγεσθαι.
1797 2290 1829 2317 Ei
1852 2291 1884 2316 ὲκ

1102 2332 1217 2372 νομίμοίι
1246 2337 1357 2372 ἔμελλεν
1392 2336 1539 2370 γεννᾶσθαι
1568 2336 1600 2363 τὸ
1633 2336 1882 2372 προφητευόμενον,

1102 2385 1178 2410 ποῖον
1194 2385 1305 2418 σημεῖον
1316 2381 1350 2418 ἦν
1363 2383 1393 2409 τὸ
1406 2382 1499 2417 λεχθέν
1511 2391 1519 2415 ;
1532 2381 1600 2410 Οὐδὲ
1618 2383 1702 2409 ποῖον·
1717 2382 1820 2414 λοιπὸν,
1835 2382 1886 2408 οὐκ

1102 2430 1149 2456 ἐπὶ
1166 2429 1205 2465 τῷ
1224 2430 1343 2465 Ἐζεκίᾳ,
1363 2428 1420 2456 ἀλλ’
1443 2428 1490 2459 ἐπὶ
1504 2428 1542 2464 τῷ
1566 2428 1676 2465 Χριστῷ
1693 2428 1883 2463 πεπλήρωται.

1144 2533 1290 2568 Ἀπορήσει
1311 2533 1434 2564 Ἰουδαῖος
1459 2531 1504 2559 διὰ
1531 2531 1558 2557 τί
1572 2531 1621 2558 οὐκ
1645 2530 1745 2565 ἐκλήθη
1776 2531 1884 2565 Ἐμμα-

1103 2579 1194 2614 νουὴλ,
1209 2579 1245 2610 ὡς
1257 2579 1271 2604 ὁ
1287 2579 1433 2614 προφήτης
1445 2575 1532 2610 εἶπεν,
1546 2577 1614 2603 ἀλλὰ
1632 2577 1735 2611 Ἰησοῦς
1747 2577 1863 2611 Χριστός
1877 2585 1884 2608 ;

1109 2625 1316 2652 ’Λκουσάτωσαν
1327 2624 1425 2650 ὅτιούκ
1440 2622 1529 2655 εἶπεν,
1545 2622 1690 2654 Καλέσεις,
1702 2622 1780 2654 ἀλλὰ,
1793 2621 1887 2648 Κειλέ-

1103 2679 1216 2698 σουσιν
1238 2671 1263 2696 οἱ
1283 2670 1354 2705 δχλοι
1366 2678 1372 2685 ·
1394 2670 1533 2696 τουτέστιν
1552 2669 1568 2703 ὴ
1584 2668 1638 2694 τῶν
1659 2669 1829 2703 πραγμάτων
1841 2667 1888 2692 ἐκ·

1104 2717 1199 2748 ϐασις·
1211 2716 1252 2742 ὅτι
1278 2715 1389 2750 ὄψονται
1410 2714 1477 2741 Θεὸν
1503 2715 1572 2748 μετὰ
1589 2713 1740 2748 ἀνθρώπων
1754 2721 1760 2728 ⁸
1782 2713 1841 2742 ἔθος
1858 2711 1886 2737 δὲ

1103 2761 1181 2788 τοῦτο
1191 2761 1224 2796 τῇ
1244 2760 1339 2795 Γραφῇ
1363 2759 1424 2786 ἀντὶ
1452 2759 1592 2793 ὀνομάτων
1606 2757 1726 2784 τιθέναι·
1743 2754 1809 2788 οἷον,
1828 2755 1886 2782 Κά-

1102 2808 1197 2833 λεσον
1235 2807 1267 2833 τὸ
1299 2806 1394 2837 ὄνομα
1420 2804 1524 2836 αὐτοῦ,
1555 2802 1669 2837 Ταχέως
1694 2802 1886 2829 σκύλευσονν

1104 2852 1195 2886 ὀξέως
1206 2852 1427 2886 προνόμευσον·
1440 2850 1634 2885 γεννηθέντος
1644 2848 1739 2877 αὐτοῦ
1749 2845 1887 2882 προνομὴ
