2075 3157
219 182 282 214 1081

708 180 869 210 SCHOLIA
888 179 1036 210 VETERA
1056 178 1096 208 ΙΝ
1113 178 1347 208 ΜΑΤΤΗΕΗΜ.

1762 176 1832 209 ῙΟῆΞ

217 239 342 264 σκύλων
352 236 473 270 ἐγένετο
482 243 489 251 ·
507 235 553 263 καὶ
568 235 606 267 ὥς
622 236 663 268 τὸ,
677 235 708 262 ἰι
721 235 808 267 πόλις
819 234 1001 268 κληθήσεται

1057 233 1123 261 Urbs
1144 234 1279 260 vocabitur
1295 233 1356 260 urbe
1370 233 1497 266 justitiw,
1520 233 1672 265 metropoli:
1691 233 1792 268 ﬁdelis;
1806 239 1834 262 et

217 283 304 315 πόλις
334 282 540 315 δικαιοσύνης,
564 282 749 316 μητρόπολις
765 280 878 314 πιστή·
906 280 996 307 καίτοι

218 328 333 364 μείνασα
349 327 491 353 καλεῖσθαι
510 327 698 362 Ἰεροσόλυμα.

251 372 298 403 Τδ,
319 372 381 397 οὐκ
404 371 569 405 ἐγίνωσκεν
582 370 680 404 αὐτὴν
701 370 757 402 ἓως
779 367 816 397 οὗ
837 369 921 396 ἔτεκε
946 368 1001 396 τὸν

216 418 284 444 υιὸν
293 416 389 450 αὐτῆς
398 417 452 443 τὸν
460 417 659 450 πρωτότοκον,
674 416 704 442 οὐ
715 415 851 442 δείκνυσιν
863 416 904 442 ὅτι
918 415 1001 449 ἐσχά-

219 470 270 492 τως
284 461 354 492 ἔγνω
368 461 453 495 αὐτήν
464 467 473 476 ⁸
497 461 527 486 τὸ
544 460 609 495 γὰρ,
626 460 692 493 ἕως,
722 460 752 486 οὐ
770 460 885 487 πάντοτε
905 461 999 495 χρόνον

216 507 296 534 ἄλλον
307 507 392 541 ζητετ,
408 506 476 533 ἀλλὰ
490 506 622 536 πολλάκις
637 507 677 537 εἰς
692 506 722 531 τὺ
737 505 861 540 διηνεκὲς
872 506 999 540 εὑρίσκε-

216 560 276 578 ται·
289 551 328 583 ὠς
344 552 384 583 τὺ,
402 551 456 578 Καὶ
476 552 532 585 οὐχ
545 550 736 584 ὑπέστρεψεν
746 553 762 578 d
774 550 866 585 κόραξ
875 552 919 583 εἰς
941 551 1000 585 τὴν

217 596 342 623 κιϐωτόν
365 596 421 628 ἓως
444 594 480 624 οὗ
494 596 644 630 ἐξηράνθη
671 597 691 631 ἠ
715 596 754 632 γῆ
765 604 774 613 ’
793 596 881 623 καίτοι
896 605 926 630 γε
939 597 999 623 οὐδὲ

219 641 287 675 μετὰ
305 640 391 667 ταῦτα
411 640 582 675 ὑπέστρεψε·
601 641 651 667 καὶ
674 641 768 673 πάλιν,
791 641 947 668 Ἀνατελεῖ
963 641 999 668 ἐν

216 684 282 718 ταῖς
293 684 416 719 ἡμέραις
423 685 516 713 αὐτοῦ
527 685 716 720 δικαιοσύνη,
728 686 778 714 καὶ
790 685 908 720 πλῆθος
920 686 1000 720 είρή-

217 738 283 762 νης,
303 730 359 763 ἕως
387 728 423 758 οὗ
446 731 646 765 ἁνταναιρεθῇ
665 731 685 764 ἠ
705 731 823 766 σελήνη
834 722 844 746 ί
867 731 946 758 τοῦτο
970 731 999 758 δὲ

217 773 293 801 εἶπεν
307 776 338 801 οὐ
354 775 440 810 πέρας
453 776 542 808 διδοὺς
556 776 594 811 τῷ
608 776 683 812 καλῷ
693 777 781 811 τούτῳ
789 776 858 811 φωτί
870 785 878 792 ·
890 776 999 802 τέθεικε

216 819 245 846 δὲ
258 819 299 853 τὸ,
315 820 382 853 ἕως,
397 820 441 848 ῐνα
455 821 536 856 μόνον
551 821 682 857 μάθωμεν
698 822 729 848 τὸ
751 823 805 857 πρὸ
830 822 884 849 τῶν
895 822 999 849 ὠδίνων

217 865 372 900 ἀνέπαφον·
385 866 418 894 τά
429 866 457 894 δὲ
469 867 538 902 μετὰ
558 867 642 894 ταῦτα
665 868 731 903 ἡμῖν
748 867 876 894 κατέλιπε
902 867 998 894 συλλο-

1051 286 1113 306 cum
1124 283 1287 313 exspectans
1304 282 1418 306 vocatur
1431 277 1594 306 Jerusalem.

1083 367 1165 395 Vsus.
1176 368 1221 395 24.
1237 367 1316 400 Illud,
1329 367 1355 394 Ν
1357 376 1390 394 an
1404 368 1574 402 cognoscebat
1588 376 1645 394 eant
1659 368 1740 395 donec
1756 376 1836 403 prpe-

1049 415 1084 440 rit
1099 414 1184 448 ﬁlium
1208 421 1286 439 suum
1302 414 1516 447 primogenitum,
1545 414 1658 441 minitne
1682 414 1782 441 indicat
1801 414 1834 441 il-

1052 458 1109 486 lum
1127 459 1223 485 ultimo
1239 459 1312 485 illam
1330 458 1502 493 cognovisse.
1518 458 1576 485 Vox
1591 459 1663 486 enim
1680 460 1762 486 donec
1779 467 1834 486 non

1050 511 1158 537 semper
1182 503 1256 530 aliud
1280 503 1313 530 ad
1340 508 1447 538 tempus
1470 511 1499 531 se
1516 503 1611 536 refert,
1627 504 1675 531 sed
1698 511 1769 538 saepe
1784 511 1834 538 pro

1049 553 1181 583 perpetuo
1204 547 1356 581 invenitur;
1381 552 1411 574 ut
1430 548 1495 575 illud
1517 548 1611 580 etiam,
1635 547 1696 574 Non
1717 556 1835 574 reuersus

1050 599 1088 622 ut
1103 601 1195 620 corvus
1211 594 1238 619 in
1257 601 1347 620 arcam
1362 593 1444 620 donec
1460 593 1560 619 siccata
1574 597 1613 620 est
1634 597 1723 625 terra;
1738 600 1837 627 nempe

1051 647 1105 667 non
1123 643 1216 674 postea
1232 646 1359 666 reversus
1374 643 1416 665 est
1431 647 1437 665 :
1454 642 1481 665 et
1496 638 1608 671 iterum,
1626 637 1718 672 Surget
1735 638 1762 664 in
1778 638 1836 664 die-

1050 687 1096 711 bus
1112 685 1169 719 ejus
1197 684 1318 718 iustitia,
1351 689 1376 711 et
1408 683 1550 710 multitudo
1582 683 1657 717 pacis
1682 685 1762 709 donec
1789 683 1835 709 da-

1049 735 1170 756 atruatur
1196 730 1277 761 luna;
1303 729 1353 756 hoc
1372 733 1463 756 autem
1488 727 1558 755 dixit
1583 736 1636 754 non
1662 727 1742 755 linem
1766 727 1836 755 dans

1050 776 1166 811 pulchro
1189 775 1235 802 illo
1259 775 1367 807 lumini,
1386 775 1477 809 posuit
1501 782 1564 802 vero
1579 774 1660 801 donec
1685 779 1714 801 ut
1736 774 1836 802 intelli-

1050 829 1146 855 gamus
1163 821 1251 848 solum
1275 821 1423 848 ﬁrmiorem
1446 820 1679 848 commotionibus
1702 819 1837 847 stabilita-

1051 872 1116 894 tem.
1141 867 1187 894 llla
1203 874 1268 894 vero
1284 866 1393 893 tandem
1417 865 1498 892 nobis
1523 865 1631 900 reliquit
1647 864 1831 899 conjicienda,

217 911 350 946 γίζεσθαι,
362 912 403 939 ὅτι
414 912 463 949 τὴν
477 912 563 945 οὕτως
575 914 746 948 γεννήσασαν
758 914 807 940 οὐκ
821 914 853 941 ἂν
870 914 999 948 ὑπέμεινε

1051 913 1164 947 .loseph,
1179 919 1242 939 cum
1260 912 1350 946 justus
1371 915 1453 944 esset,
1469 911 1540 937 hanc
1557 915 1617 945 post
1631 910 1710 937 talem
1727 914 1834 944 partum

217 957 317 991 γνῶναι
332 957 436 990 δίκαιος
450 957 489 985 ὢν
502 959 516 985 ὁ
538 958 649 993 Ἰωσήφ.
662 959 724 990 Πῶς
738 959 847 993 ἀδελφοὶ
872 958 919 986 τοῦ
933 959 999 993 Χρι-

218 1001 282 1028 στοῦ
298 1002 421 1037 λέγονται
436 1004 460 1031 οί
475 1004 539 1039 περὶ
556 1004 697 1038 Ἰάκωὸονς
718 1004 762 1036 Ὧς
772 1006 819 1032 καὶ
838 1004 936 1039 Ἰωσὴφ
950 1005 1000 1039 τῆς

217 1047 326 1082 Μαρίας
341 1048 391 1084 ἀνή
396 1057 411 1084 ρ
423 1057 431 1064 ·
446 1049 552 1077 ἐκείνου
567 1049 621 1085 γὰρ
633 1047 703 1085 ἦσαν
715 1050 808 1081 παῖδες
819 1051 851 1076 ὲκ
865 1050 1000 1085 προτέρας

217 1092 362 1126 γυναικός·
377 1093 422 1122 διὰ
446 1094 493 1122 τὸν
517 1095 683 1130 καλούμενον
701 1093 747 1123 οὖν
774 1095 891 1131 πατέρα,
911 1096 959 1122 καὶ
973 1096 999 1122 οἰ

216 1136 265 1164 τοῦ
281 1137 385 1173 πατρὸς
395 1139 459 1173 υἱοὶ,
474 1139 595 1174 ἀδελφοί.

514 1185 640 1212 ΚΕΦΑΛ.
664 1184 701 1212 B'.

252 1229 306 1257 Τὸν
320 1230 414 1265 χρόνον
430 1229 550 1266 Ἡρώδου
564 1230 636 1264 λέγει
645 1239 652 1246 ·
668 1231 793 1258 διότικαὶ
805 1230 896 1266 ἕτερος
917 1229 999 1266 Ἦρώ-

218 1275 265 1311 δης
282 1275 402 1310 λέγεται,
414 1275 443 1307 ὃς
458 1275 562 1302 ἀνεῖλεν
573 1275 619 1302 τὸν
639 1276 804 1311 Πρόδρομον.

253 1323 323 1354 Τοὺς
339 1322 442 1357 μάγους
466 1322 506 1354 είς
534 1322 644 1357 ἔλεγχον
668 1322 723 1349 τῶν
744 1321 880 1349 Ἰουδαίων
900 1323 999 1358 ἤνεγκε

218 1369 415 1404 προσκυνῆσαι,
431 1369 474 1396 ῐνα
500 1368 576 1403 παρὰ
591 1368 737 1404 βαρόάρων
763 1368 885 1403 μάθωσιν
909 1367 928 1396 ἃ.
948 1369 1000 1395 οὐκ

218 1413 313 1448 ἠθελον
329 1413 425 1449 μαθεῖν
442 1412 497 1440 ἀπὸ
509 1413 657 1448 προφητῶν
676 1413 701 1439 οι
719 1412 848 1441 Ἰουδαῖοι.

254 1459 292 1486 οὗ
306 1459 341 1486 δι’
361 1458 477 1493 ἀγγέλου
502 1459 565 1490 τοὺς
597 1459 701 1493 μάγους
722 1458 846 1494 ἤνεγκεν,
863 1458 930 1485 ἀλλᾶ
955 1458 1000 1485 διὰ

218 1504 273 1531 τῶν
298 1505 420 1540 συνήθων
447 1505 586 1540 ἀστέρων·
606 1503 658 1531 κᾶν
684 1504 739 1539 γὰρ
767 1504 881 1539 ἄγγελος
902 1502 948 1539 ἦν,
962 1504 1000 1536 ὥς

218 1550 307 1595 ἀστὴρ
325 1549 471 1577 ἐδείκνυτο.
501 1550 530 1577 '0
547 1549 635 1584 ἀστὴρ
653 1550 668 1576 ὸ
694 1549 799 1584 φανεὶς,
818 1549 932 1585 δύναμίς
958 1557 1000 1581 τις
1014 1566 1036 1595 c

217 1593 252 1631 ἦν
268 1595 384 1631 ἀόρατος
417 1596 458 1627 εἰς
479 1595 581 1631 ταύτην
603 1595 764 1631 φαινόμενος
789 1595 839 1631 τὴν
851 1596 913 1631 ὄψιν
925 1605 933 1612 ”
953 1597 1000 1623 καὶ

219 1641 273 1676 γὰρ
285 1642 338 1668 ἀπὶ
351 1641 453 1677 ἄρκτου
469 1642 509 1673 είς
523 1641 697 1677 μεημῦμὶαν
709 1641 835 1677 ἐφαίνετο
845 1650 851 1657 ·
861 1642 932 1669 οὕτω
946 1643 1000 1678 γὰρ

218 1686 236 1720 ἡ
251 1685 417 1721 Παλαιστίνη
433 1686 501 1721 πρὸς
520 1686 569 1720 τὴν
588 1685 707 1721 Περσίδα
735 1687 846 1713 κεῖται·
875 1686 1001 1722 δεύτερον

219 1730 266 1757 καὶ
282 1731 323 1757 ὅτι
338 1731 367 1757 ἐν
385 1730 546 1766 μεσημϐρίᾳ
563 1731 699 1765 ἐφαίνετο,
714 1731 764 1758 οὐκ
776 1729 811 1766 ἦν
822 1731 910 1767 ἀστήρ
922 1740 929 1748 ·
941 1732 1002 1767 τρί-

218 1783 264 1802 τον
277 1775 331 1802 ἀπὸ
357 1775 405 1802 τοῦ
422 1775 565 1810 φαίνεσθαι
583 1776 631 1803 καὶ
656 1776 840 1812 κρύπτεσθαι·
870 1777 1001 1812 τέταρτον

218 1819 273 1845 ἀπὸ
297 1818 345 1845 τοῦ
365 1819 440 1846 κάτω
455 1817 525 1846 εἶναι
537 1827 543 1834 ·
561 1819 586 1846 εί
603 1819 657 1855 γὰρ
678 1820 735 1847 ἀνω
749 1817 793 1856 ἦν,
813 1820 863 1848 οὐκ
887 1821 1000 1856 ἠρκεῖτο

218 1863 284 1899 ὕψος
300 1864 398 1901 μικρὸν
410 1864 493 1892 τόπον
507 1866 720 1902 χαρακτηρίσαι.

254 1955 302 1987 Τὸ,
321 1955 382 1982 οὐκ
399 1954 534 1988 ἐκλείψει
545 1955 644 1988 ἅρχων
661 1955 696 1987 ἐξ
716 1956 813 1982 Ἰούδα
823 1956 894 1983 οὐδὲ
909 1957 1000 1991 ήτού-

218 2007 308 2031 ιιενος
320 1999 355 2024 ἐκ
370 1997 428 2024 τῶν
445 1997 549 2032 μηρῶν
575 1998 680 2028 αὑτοῦ.
694 1999 750 2031 ἕως
759 1999 798 2026 ἂν
807 1999 881 2034 ἔλθῃ
897 1999 912 2026 ὃ
924 2001 1000 2026 ἁπό-

218 2052 321 2076 κειται,
335 2043 384 2070 καὶ
407 2043 497 2076 αὐτὸς
523 2043 688 2076 προσδοκία
703 2044 808 2077 ἐθνῶν,
835 2044 922 2076 οὕτως
942 2045 1003 2071 λύε-

217 2097 284 2116 ται·
310 2088 432 2124 Ἡρώδης
460 2089 608 2123 ἀλλόφυλος
633 2088 683 2121 ὣν,
727 2089 774 2116 καὶ
800 2089 879 2116 τοῦτο
907 2091 1001 2124 λέγει’

225 2136 379 2169 Ἐξέλιπον
392 2135 479 2170 rdle
496 2135 633 2162 Ἰουδαῖοι
646 2135 728 2170 ἔχειν
738 2135 895 2170 ἄρχοντας.

252 2181 302 2208 Διά
315 2181 341 2208 τί
357 2181 539 2217 ἐρωτηθέντες
557 2181 634 2216 παρὰ
644 2181 690 2207 τοῦ
707 2181 838 2216 βασιλέως
852 2180 928 2208 εἷπον
951 2182 1001 2217 τὴν

1054 965 1222 994 cognoscere
1231 966 1284 985 non
1292 958 1466 985 sustinuisse.
1479 957 1622 990 Quomodo
1630 957 1727 985 fratres
1734 957 1836 984 Christi

1051 1005 1180 1031 dicuntur
1200 1003 1321 1031 Jaeohus
1348 1007 1376 1031 et
1399 1003 1462 1030 alii?
1489 1003 1567 1035 Quod
1593 1002 1694 1037 Joseph
1719 1003 1759 1029 vir
1777 1007 1836 1030 erat

1049 1049 1159 1082 Marias;
1175 1049 1234 1084 ejus
1254 1049 1326 1076 enim
1352 1053 1430 1076 erant
1444 1048 1490 1075 lilii
1509 1056 1524 1076 e
1539 1049 1629 1082 priore
1648 1048 1761 1076 muliere
1775 1055 1837 1075 sus-

1050 1095 1137 1130 cepti;
1158 1103 1219 1122 cum
1237 1102 1303 1130 ergo
1331 1094 1376 1121 ille
1389 1099 1464 1129 pater
1477 1093 1578 1121 Christi
1591 1094 1737 1126 diceretur,
1751 1094 1837 1129 patris

1049 1148 1159 1177 quoque
1175 1140 1235 1173 lilii,
1247 1140 1349 1167 Christi
1363 1139 1461 1167 fratres
1471 1140 1642 1167 dicebantur.

1360 1184 1474 1211 CAPUT
1494 1185 1528 1211 ll.

1086 1230 1168 1259 Vens.
1184 1231 1209 1259 ί.
1220 1230 1252 1258 1η
1263 1230 1354 1257 diebus
1372 1230 1483 1256 "erodit
1497 1230 1573 1262 dicit,
1586 1229 1650 1264 quia
1662 1229 1731 1256 alius
1743 1229 1815 1257 llero
1827 1245 1831 1249 -

1050 1276 1098 1303 des
1110 1281 1269 1303 numeratur
1284 1276 1330 1310 qui
1345 1273 1544 1301 Praecursorem
1560 1274 1682 1301 abstulit.

1085 1321 1179 1356 Magos
1195 1321 1221 1348 iu
1236 1319 1394 1347 Judazorum
1407 1319 1661 1346 condemnationem
1678 1318 1836 1346 adoravisse

1051 1367 1120 1394 dixit
1133 1371 1202 1394 ntex
1218 1366 1343 1393 Barbaris
1354 1365 1460 1392 discant
1469 1364 1540 1400 quod
1549 1372 1564 1391 e
1576 1364 1717 1399 prophetis
1731 1365 1836 1391 discere

1051 1412 1194 1439 noluerant
1212 1411 1310 1438 Judaei.

1087 1457 1167 1484 Vens.
1188 1456 1216 1483 2.
1232 1456 1290 1483 Non
1307 1463 1354 1490 per
1377 1455 1500 1490 angelum
1528 1453 1620 1490 Magos
1642 1453 1759 1481 lnonitos
1776 1460 1838 1480 esse

1052 1506 1156 1533 narrat,
1172 1502 1217 1528 Sed
1234 1508 1280 1534 per
1296 1500 1391 1527 solitas
1412 1499 1466 1526 illis
1481 1499 1595 1531 stellas;
1620 1498 1699 1525 etiam
1724 1498 1746 1525 si
1762 1490 1835 1524 enim

1053 1547 1167 1581 angelus
1190 1545 1299 1578 fuisset,
1319 1549 1349 1572 ut
1364 1545 1441 1572 Stella
1457 1545 1592 1579 apparuit.
1609 1544 1691 1571 Stella
1710 1545 1761 1571 ista
1775 1551 1836 1578 qua:

1052 1596 1110 1622 visa
1124 1599 1176 1627 est,
1195 1600 1315 1629 potestas
1338 1598 1396 1621 erat
1419 1593 1543 1628 quaedam
1569 1593 1715 1620 invisibilis
1736 1593 1762 1619 in
1786 1593 1838 1620 hoc

1052 1644 1164 1675 aspectu
1185 1647 1336 1674 apparens;
1366 1647 1428 1666 nam
1453 1647 1467 1666 ιι
1492 1639 1678 1673 septentrione
1700 1639 1733 1665 ad
1759 1639 1838 1666 nteri-

1052 1685 1124 1713 diem
1143 1685 1199 1713 visa
1213 1689 1268 1718 est;
1282 1685 1322 1712 sie
1337 1684 1409 1712 enim
1425 1684 1569 1712 Palaestina
1581 1684 1614 1711 ad
1627 1683 1765 1712 Persidem
1785 1685 1837 1711 sita

1052 1733 1111 1761 est;
1127 1728 1249 1756 secundo
1272 1728 1337 1762 quia
1352 1727 1379 1754 in
1404 1728 1519 1755 meridie
1536 1728 1594 1755 visa
1617 1733 1668 1759 est,
1691 1728 1766 1756 stella
1782 1736 1836 1755 non

1052 1777 1124 1804 erat;
1141 1771 1222 1798 tertio
1248 1772 1313 1806 quia
1327 1770 1470 1808 videbatur
1479 1776 1506 1798 et
1520 1772 1725 1804 occultabatur;
1739 1777 1837 1806 quarto

1053 1816 1116 1851 quia
1140 1816 1167 1843 in
1185 1821 1262 1851 parte
1285 1816 1348 1844 cmli
1367 1815 1496 1844 inferiore
1512 1821 1581 1844 erat.
1605 1817 1634 1844 Si
1655 1817 1727 1844 enim
1747 1817 1773 1844 in
1792 1825 1838 1845 su-

1052 1863 1158 1897 periore
1170 1861 1276 1894 fuisset,
1293 1870 1346 1890 non
1357 1862 1492 1898 potuisset
1504 1867 1579 1890 tanta
1591 1863 1707 1891 altitudo
1724 1871 1836 1899 parvum

1053 1908 1142 1935 locum
1155 1908 1284 1936 indicare.

1087 1953 1171 1980 Vsus.
1187 1953 1213 1980 6.
1232 1953 1310 1986 Illud,
1336 1953 1396 1980 Non
1416 1953 1554 1988 auferetur
1566 1959 1697 1987 sceptrum
1710 1955 1742 1981 de
1752 1955 1836 1985 Iuda.

1052 2001 1077 2024 et
1091 1998 1148 2023 dua;
1165 1998 1197 2024 de
1217 1998 1316 2032 femore
1337 1998 1406 2032 ejus,
1428 1999 1510 2025 donec
1526 1999 1613 2026 ueniat
1635 2000 1680 2034 qui
1695 2000 1838 2027 mittendus

1053 2048 1103 2076 est,
1123 2049 1148 2070 et
1170 2045 1226 2078 ipse
1238 2046 1402 2079 exspectatio
1419 2046 1547 2079 gentium,
1565 2046 1602 2072 ita
1624 2046 1761 2073 solvitur:
1786 2047 1838 2073 He-

1054 2089 1135 2116 rodes
1156 2089 1310 2124 alienigena
1332 2094 1402 2122 erat,
1424 2094 1452 2117 et
1476 2090 1543 2117 illud
1566 2090 1652 2118 dicit:
1668 2090 1838 2118 Cessaverant

1053 2133 1121 2160 enim
1135 2133 1224 2161 Juda’i
1239 2142 1308 2169 reges
1321 2135 1424 2163 habere.

1091 2177 1182 2211 Quare
1209 2179 1368 2214 interrogati
1392 2187 1407 2205 a
1432 2186 1496 2214 rege
1516 2180 1645 2207 dixerunt
1666 2180 1836 2215 prophetiam

220 2227 388 2262 προφητείαν
411 2226 462 2258 ἓως
475 2226 516 2258 τδ,
533 2226 674 2261 Ποιμανεῖ
689 2226 742 2253 τὸν
763 2228 840 2254 λαόν
866 2236 926 2262 μου
950 2228 1001 2255 τὸν

1056 2231 1141 2257 usque
1157 2223 1220 2256 huc,
1238 2222 1332 2250 Pascet
1347 2224 1471 2258 populum
1487 2232 1572 2250 meum
1587 2224 1681 2256 Israel,
1698 2233 1750 2251 non
1764 2225 1825 2259 adje

226 2272 360 2306 Ἰσραὴλ,
376 2272 407 2298 οὺ
418 2271 590 2308 προσέθηκαν
606 2272 644 2304 δὲ,
663 2272 716 2298 Καὶ
728 2272 828 2304 ἔξοδοι
846 2272 940 2300 αὐτοῦ
969 2273 1004 2305 ἐξ

219 2318 338 2352 ’ἡμερῶν
345 2317 453 2351 αἰῶνος
458 2326 468 2351 ;
482 2318 557 2345 Ἐπεὶ
567 2319 635 2353 πρὸς
651 2319 730 2353 χάριν
745 2318 792 2345 καὶ
809 2318 1004 2352 κολακεύοντες

220 2364 340 2391 ἐλάλουν.

257 2409 306 2435 Διά
319 2409 345 2436 τί
359 2409 422 2442 τοὺς
450 2412 552 2445 μάγους
575 2412 652 2437 καλεῖ
675 2410 796 2446 Ἡρώδης
815 2411 903 2446 λάθρα
919 2419 927 2443 ;
942 2411 1004 2438 ὀτι

220 2453 329 2488 ἐνόμιζε
347 2454 410 2485 τοὺς
433 2454 575 2486 Ἰουδαίους
596 2455 726 2490 κήδεσθαι
752 2455 799 2482 τοῦ
818 2456 923 2483 παιδίου
942 2464 949 2471 ·
963 2455 1003 2482 ἐτι

219 2498 249 2525 δὲ
264 2499 312 2525 καὶ
322 2498 428 2526 ἀνελεῖν
441 2501 575 2536 ἐπιχειρεῖ
592 2501 624 2527 τὸ
640 2501 746 2535 τεχθέν.

254 2543 292 2570 Οὐ
309 2543 354 2570 τὸν
369 2545 463 2578 χρόνον
472 2544 519 2571 τοῦ
530 2545 647 2576 παιδίου.
656 2545 722 2575 ἀλλὰ
728 2546 774 2572 τοῦ
788 2546 902 2582 ἀστέρος
915 2547 1002 2582 ζητεῖ,

219 2589 252 2615 ἔκ
267 2589 366 2623 πολλῆς
382 2591 540 2625 περιουσίας
553 2591 583 2617 τὺ
603 2592 718 2626 πρᾶγμα
733 2592 860 2626 ἐρευνῶν.

254 2635 317 2666 Πῶς
326 2634 371 2661 τοῦ
384 2636 477 2662 Λουκᾶ
490 2636 519 2662 ὲν
530 2637 617 2673 φάτνῃ
634 2636 758 2670 λέγοντος
773 2637 889 2670 κεῖσθαι,
902 2638 916 2664 ὁ
927 2638 1003 2664 Ματ-

219 2680 294 2711 οαῖος
310 2680 356 2706 ἐπὶ
382 2681 436 2708 τῶν
455 2682 576 2716 γονάτων
596 2683 645 2717 τῆς
667 2683 769 2717 μητρδς
783 2682 875 2717 λέγει;
891 2683 950 2718 Χρὴ
974 2684 1002 2710 δὲ

220 2727 299 2756 νοεῖν,
318 2726 357 2753 ὅτι
371 2728 526 2762 γεννήσασα
541 2728 585 2755 διὰ
601 2728 631 2754 τὸ
645 2728 683 2763 μὴ
699 2727 769 2755 εἶναι
792 2728 875 2755 τόπον
894 2729 939 2755 διὰ
951 2729 1001 2764 τὴν

220 2772 273 2798 ἀπὸ
282 2773 330 2807 τῆς
340 2773 503 2810 ἀπογραφῆς
514 2774 628 2809 πληθὺν,
643 2775 781 2802 ἀνέκλινεν
796 2776 825 2802 ἐν
839 2776 871 2811 τῇ
900 2775 1000 2811 φάτνῃ,

221 2813 279 2844 εἷτα
295 2817 342 2845 καὶ
357 2818 401 2845 ἐπὶ
414 2818 469 2845 τῶν
479 2819 600 2853 γονάτων
617 2819 730 2846 ἀνεῖλεν.

1054 2274 1152 2296 εει-υηι
1164 2274 1267 2302 autem,
1283 2268 1317 2295 Et
1328 2277 1448 2304 egressus
1460 2269 1517 2304 ejus
1526 2278 1542 2296 α
1557 2269 1646 2296 diebus
1661 2271 1837 2298 aternitatia?

1055 2314 1122 2347 Quia
1137 2315 1306 2350 gratulantes
1320 2319 1348 2342 et
1362 2315 1508 2343 adulantes
1521 2315 1714 2351 loquebantur.

1089 2407 1170 2436 Vsus.
1184 2409 1210 2436 7.
1227 2408 1317 2441 Quare
1330 2408 1399 2436 clam
1419 2409 1512 2444 Magos
1527 2413 1606 2436 vocat
1618 2409 1758 2438 Herodes?
1769 2410 1838 2444 Quia

1053 2455 1163 2489 putabat
1180 2454 1289 2482 Judaaos
1303 2455 1337 2482 de
1351 2463 1437 2490 puero
1452 2462 1559 2488 curare,
1578 2455 1668 2484 adhuc
1687 2461 1776 2484 autem
1791 2465 1838 2484 αυτ

1053 2499 1127 2527 ferre
1142 2500 1324 2527 meditabatur
1339 2500 1497 2534 parvulum.

1087 2545 1145 2572 Non
1172 2546 1250 2580 pueri
1274 2550 1393 2580 tempus,
1416 2546 1464 2574 sed
1487 2546 1582 2579 stella,
1598 2546 1723 2580 inquirit,
1743 2553 1838 2580 super-

1053 2599 1137 2618 vacue
1150 2599 1207 2618 rem
1227 2592 1386 2625 explorans.

1089 2636 1171 2664 Vens.
1183 2637 1192 2663 l
1202 2638 1225 2663 l.
1234 2637 1387 2670 Quomodo,
1399 2637 1471 2665 Luca
1482 2638 1587 2665 dicente
1598 2644 1711 2672 puerum
1728 2636 1753 2662 in
1769 2643 1835 2670 prae-

1054 2683 1129 2717 sepio
1137 2682 1273 2714 reclinari,
1283 2682 1425 2710 Matthzeus
1438 2684 1465 2710 in
1474 2683 1568 2710 matris
1576 2682 1690 2717 genibus
1702 2681 1785 2708 fuisse
1795 2681 1838 2708 di-

1053 2728 1110 2756 cit?
1125 2728 1282 2755 Putaudum
1296 2734 1347 2760 est,
1363 2729 1445 2762 quod,
1463 2736 1526 2756 cum
1549 2736 1602 2755 non
1622 2732 1693 2755 esset
1708 2728 1786 2754 locus
1802 2727 1838 2754 ob

1054 2775 1253 2802 nmltitudiuem
1270 2775 1304 2802 ad
1318 2775 1528 2809 descriptionem
1550 2773 1704 2806 adductam,
1720 2773 1836 2800 recliua«

1054 2820 1123 2845 verit
1138 2827 1200 2847 eum
1213 2819 1239 2847 in
1261 2819 1403 2855 praesepio,
1412 2819 1511 2848 deinde
1523 2819 1550 2846 in
1567 2819 1682 2855 genibus
1695 2826 1757 2846 eum
1776 2826 1838 2847 sus-

1054 2864 1156 2892 tulerit.
