2075 3157
223 155 291 188 1085

222 213 338 249 Πνεῦμα
368 213 522 249 πραότητός
547 215 607 242 ἑστι
631 216 750 252 πνεῦμα,
768 219 814 246 διὰ
831 220 911 247 τοῦτο

219 258 343 292 φαίνεται
362 267 369 275 ”
386 260 432 286 καὶ
447 261 491 288 διὰ
505 261 535 287 τὸ
559 261 786 296 εὐαγγελίσασθαι
800 265 850 300 τὴν
877 266 1005 301 Περιστε-

220 304 271 338 ρΞιν
286 304 335 339 τὴν
346 304 422 332 λύσιν
432 306 478 333 τοῦ
489 307 681 344 κατακλυσμοῦ
697 317 704 324 ·
724 310 772 336 καὶ
786 311 841 346 γὰρ
853 311 883 338 τὺ
895 312 1005 348 πνεῦμα

219 349 296 376 Λύσιν
308 350 362 377 τῶν
374 352 467 379 κακῶν
478 354 544 388 ἡμῖν
571 355 658 390 ἤγαγε
677 363 685 372 ·
700 356 845 390 γινώσκειν
860 357 888 384 δὲ
910 358 950 385 δεί
963 359 1005 386 ὅτι

218 396 259 427 οὐ,
269 395 362 428 Φύσει,
379 395 468 430 εἶπεν,
483 398 552 432 ἀλλ’,
567 400 619 427 Ἐν
632 400 704 428 εῖδει
717 403 906 437 περιστερᾶς,
919 404 962 431 διὰ
974 405 1005 432 τὸ

219 440 353 474 ραγδαίως
367 442 414 468 καὶ
427 444 565 477 φωτεινῶς
589 446 801 481 κατεληλυθέναι
816 456 823 463 ·
835 450 864 475 ὲν
878 449 943 476 εἴδει
953 450 1000 478 οὖν

219 488 410 523 περιστερίςὴ
428 490 586 523 κατάϐασις,
602 491 660 518 ἀλλ’
690 493 750 528 οὐχ).
763 493 853 530 μορφὴ
869 493 940 526 ζώου

253 532 301 558 Διὰ
314 532 392 559 τοῦτο
405 533 495 568 ἔμεινε
519 535 550 561 τὺ
564 536 678 571 Πνεῦμα
689 537 736 564 ἐπὶ
755 538 802 564 τὸν
817 539 946 574 Χριστὸν,
962 541 1005 569 ἵνα

219 576 236 610 ἡ
250 576 352 602 ἄνωθεν
367 579 443 613 φωνὴ
460 579 524 614 περὶ
535 579 630 606 τούτου
651 581 778 617 νομισθῇ,
793 582 861 609 ἀλλὰ
881 583 920 619 μὴ
933 584 999 620 περὶ

226 621 359 650 Ἰωάννου.
603 628 608 632 ”

529 679 656 707 ΚΕΦΔΛ.
669 679 705 708 Δ’.

256 730 326 757 Τότε
342 731 470 765 ἀνήχθη,
482 733 579 767 φησιν,
599 734 659 761 ὑπὸ
673 735 727 762 τοῦ
741 736 915 770 Πνεύματος
939 745 1003 765 ,πει-

215 775 368 810 ρασθῆναι
378 784 385 791 ⁸
403 777 455 803 ὑπὸ
469 777 516 804 τοῦ
532 778 613 812 ἁγίου
630 780 788 815 Πνεύματος
802 782 876 816 λέγει
891 789 899 799 ·
921 784 1003 811 πάλιν

218 821 259 852 τὸ,
273 822 350 854 τότε,
364 823 413 848 οὐκ
428 823 509 855 εὐθὺς
526 824 705 859 λαμϐάνεται,
721 825 779 852 ἀλλ’
790 827 854 854 ἀντὶ
873 827 932 861 τοῦ,
947 829 1003 860 τοῖς

219 868 327 901 καιροτς
338 867 460 899 ἐκείνοις.

254 913 414 948 Ιίειράζεται
425 913 471 940 καὶ
490 915 530 946 εις
546 914 648 950 ῑρημον
661 915 790 951 ἀνάγεται
804 917 852 944 καὶ
866 917 1002 953 νηστεύει,

216 956 305 989 διδοὺς
327 958 410 985 τύπον
423 959 490 995 ἡμῖν
512 961 639 997 νηστείας
661 963 708 990 καὶ
735 964 874 1000 ὑπομονῆς
904 974 1003 1002 πειρα-

220 1011 312 1038 σμων.

253 1049 338 1075 Πόθεν
352 1050 426 1084 λέγει
438 1051 579 1084 ἀκοῦσαςὸ
594 1052 719 1085 διάϐολος
730 1055 770 1087 τὸ,
783 1056 817 1082 El
834 1057 901 1090 Υἱὸς
911 1056 939 1085 el
948 1058 1002 1086 τοῦ

218 1094 372 1128 88017;qu
395 1096 443 1131 τῆς
467 1096 571 1125 ἄνωθεν
590 1099 684 1134 φωνῆς
698 1100 798 1135 ἤκουσε
811 1102 858 1129 τοῦ
879 1103 1002 1131 Ἰωάννου

216 1139 296 1166 τοῦτο
310 1140 435 1174 λέγοντος
452 1150 459 1158 ·
473 1143 498 1168 ιι
513 1142 542 1169 δὲ
565 1143 725 1178 ἀμφέϐαλλε
748 1145 864 1181 πότερον
886 1148 911 1174 εί
928 1147 1002 1175 ἐστιν

217 1184 282 1216 Tib;
299 1184 346 1211 τοῦ
366 1186 434 1213 Θεοῦ
447 1186 463 1221 ἢ
483 1187 533 1213 οὐκ
547 1187 631 1220 ἔστιν,
649 1188 692 1215 διὰ
707 1189 736 1215 τὺ
752 1191 879 1227 πεινῆσαι
904 1192 953 1219 καὶ
968 1193 1002 1220 τὰ

215 1228 266 1264 τῆς
279 1231 438 1265 σωματικῆς
455 1231 586 1266 ινδημίας
596 1233 738 1267 πράττειν.

252 1275 306 1302 Τοῦ
320 1276 413 1303 Δουκᾶ
429 1277 555 1313 λέγοντος
566 1278 606 1306 ὃτι
620 1279 710 1306 πάντα
728 1282 883 1317 πειρασμὸν
908 1282 1002 1319 ἐκίνη-

216 1328 272 1354 σεν,
288 1322 429 1357 νοήσωμεν
441 1322 482 1355 ὥς
503 1323 538 1351 τὰ
562 1325 697 1359 κεφάλαια
714 1326 769 1353 τῶν
783 1328 944 1363 πειρασμῶν
961 1339 1002 1357 κι-

214 1368 359 1402 νήσαντος,
379 1368 465 1401 οὕτως
480 1368 558 1397 εἶπεν
575 1378 583 1386 ⁸
597 1370 633 1397 τὰ
648 1372 704 1407 γὰρ
718 1373 827 1407 χείρονα
839 1374 894 1400 τῶν
910 1376 1001 1411 ἅμαρ-

215 1413 344 1447 τημάτων
359 1416 564 1451 γαστριμαργία
577 1416 637 1444 ἐστὶ
649 1418 697 1445 καὶ
715 1419 852 1453 κενοδοξία
859 1421 906 1447 καὶ
914 1421 1002 1457 ἀπλη-

214 1458 279 1484 στία
290 1466 343 1494 χρη
349 1459 452 1494 μάτων.

249 1504 299 1531 Διὰ
313 1504 392 1532 τοῦτο
407 1505 524 1538 ἀκούσας
540 1507 555 1533 δ
587 1507 692 1544 Ἰησοῦς
706 1509 749 1536 ὅτι
779 1510 906 1546 Ἰωάννης
932 1519 1000 1548 παρ-

715 161 875 193 SCHOLIA
892 165 1040 199 YETERA
1061 167 1102 199 IN
1123 170 1357 203 ΜᾹΤΤΗᾸΕΗΜ.

1774 177 1842 211 1086

934 222 1007 249 οὕτω
1022 227 1045 258 Α
1061 231 1172 254 sanctus
1204 228 1325 263 Spiritus
1342 231 1559 260 mansuetudinis
1574 236 1617 261 est
1640 233 1762 268 spiritus,
1779 236 1842 264 ideo

1058 273 1118 300 talis
1131 272 1253 307 videtur,
1274 279 1302 302 et
1313 277 1379 310 quia
1399 278 1535 306 nuntiavit
1552 279 1679 307 columba
1696 280 1777 307 linem
1798 282 1842 309 di-

1053 317 1136 351 luvii;
1152 320 1253 347 etenim
1270 320 1389 356 Spiritus
1404 322 1483 351 nobis
1498 324 1632 352 malorum
1645 325 1728 353 ﬁnem
1739 328 1840 355 attulit.

1054 363 1225 399 Cognoscere
1235 371 1324 394 autem
1335 372 1442 402 oportet
1457 376 1511 396 non
1525 374 1662 403 naturam,
1671 371 1719 398 sed
1729 373 1842 406 speciem

1056 409 1185 438 columba:
1200 410 1315 444 dixisse.
1335 413 1406 447 quod
1417 414 1510 448 rapide
1527 419 1553 442 et
1568 415 1709 450 splendide
1726 416 1841 444 descen-

1055 455 1110 488 dit;
1126 456 1153 483 in
1169 457 1261 491 specie
1271 458 1354 493 igitur
1382 459 1514 487 columbae
1536 460 1685 489 descensus
1703 461 1767 495 fuit,
1784 470 1838 490 non

1054 505 1145 528 autem
1159 503 1288 531 animalis
1305 503 1393 531 forma
1399 524 1406 532 .

1090 545 1131 573 0b
1142 547 1194 574 hoc
1210 548 1310 576 mansit
1337 548 1455 583 Spiritus
1473 558 1555 585 super
1572 551 1724 583 Christum.
1737 556 1767 580 ut
1793 560 1841 579 vo-

1055 599 1113 618 cem
1129 592 1163 619 de
1185 593 1254 620 emlo
1270 594 1303 621 ad
1328 594 1404 622 illum
1419 595 1550 623 directam
1567 599 1729 631 putaverint,
1742 602 1771 625 et
1782 604 1838 625 non

1053 636 1088 663 ad
1098 636 1243 664 Joannem.

1356 692 1468 722 CAPUT
1493 694 1539 721 IV.

1091 740 1172 771 Vens.
1189 743 1215 770 ί.
1234 743 1306 770 Tunc
1314 744 1407 771 ductus
1420 751 1470 778 est,
1483 746 1584 780 inquit,
1598 755 1614 773 α
1629 748 1727 782 spiritu
1742 752 1837 776 uiten-

1054 793 1168 823 taretur,
1181 790 1208 817 id
1237 795 1281 818 est
1298 798 1313 818 a
1337 796 1432 820 sancto
1449 792 1562 827 Spiritu.
1577 794 1677 821 lterum
1696 802 1747 822 vox
1765 799 1837 827 tunc,

1055 842 1108 862 non
1123 835 1267 863 confestim
1283 836 1427 871 signiﬁcat,
1444 838 1492 866 sed
1516 845 1576 873 pro,
1592 839 1646 867 illis
1659 839 1837 874 temporibus,

1021 888 1043 916 Β
1057 881 1184 908 sumitur.

1088 924 1259 957 Tentatur,et
1272 925 1300 952 in
1309 925 1447 954 desertum
1460 927 1569 956 ducitur
1578 933 1616 962 ,et
1627 929 1742 964 jejunat,
1759 930 1838 958 nobis

1053 970 1176 1005 praebens
1196 971 1352 1006 exemplum
1367 971 1464 1007 jejunii
1486 977 1512 1000 et
1531 974 1710 1002 tentationum
1729 976 1837 1010 patien-

1053 1016 1107 1043 tiae.

1089 1061 1172 1089 Vens.
1203 1063 1228 1090 5.
1244 1062 1334 1095 Quare
1353 1063 1437 1095 dicit,
1454 1070 1515 1091 cum
1545 1064 1672 1098 audierit,
1687 1065 1811 1094 diabolus
1827 1074 1836 1093 :

1053 1105 1085 1134 Si
1099 1106 1187 1133 Filius
1206 1107 1252 1133 Dei
1269 1108 1354 1135 edet
1370 1115 1463 1135 vocem
1479 1108 1566 1136 audiit
1592 1116 1607 1136 e
1631 1109 1708 1137 caelis
1723 1108 1838 1138 Joannis

1053 1151 1118 1179 illud
1135 1152 1266 1185 dicentis;
1281 1153 1333 1179 etsi
1355 1160 1419 1180 vero
1438 1152 1544 1181 dubitet
1568 1161 1601 1181 an
1626 1153 1713 1181 Filius
1738 1155 1774 1182 sit
1791 1155 1837 1182 Dei

1053 1204 1149 1229 necne,
1164 1201 1273 1232 propter
1286 1197 1358 1232 quod
1370 1199 1455 1226 esurit
1463 1199 1653 1234 etcorporales
1662 1200 1839 1228 necessitates

1053 1243 1204 1277 experitur.

1087 1287 1169 1315 Vsus.
1186 1288 1212 1315 4.
1233 1288 1307 1316 Luca
1324 1288 1433 1316 dicente
1448 1288 1521 1324 quod
1536 1296 1643 1316 omnem
1659 1289 1836 1317 tentationem

1052 1339 1282 1367 consummasset,
1299 1335 1505 1370 intelligendum
1521 1341 1562 1363 est
1571 1335 1646 1362 illum
1663 1336 1697 1363 de
1709 1344 1837 1363 consum-

1052 1379 1171 1406 matione
1189 1380 1387 1415 prmcipuarum
1400 1381 1581 1408 tentationum
1592 1381 1629 1409 ita
1643 1381 1746 1409 dixisse
1755 1390 1763 1415 ;
1772 1390 1836 1410 nam

1052 1424 1171 1458 pessima
1186 1429 1358 1459 peccatorum
1368 1431 1432 1454 sunt
1446 1427 1520 1462 gula,
1530 1435 1600 1454 vana
1614 1427 1712 1463 gloria,
1723 1433 1749 1455 et
1761 1427 1837 1455 inex-

1051 1468 1122 1503 pleta
1137 1469 1285 1503 cupiditas.

1087 1512 1172 1541 Vens.
1189 1514 1232 1541 12.
1248 1513 1311 1542 Ideo
1325 1515 1439 1543 audiens
1450 1515 1528 1544 Jcsus
1543 1515 1674 1544 Joannem
1695 1517 1827 1544 traditum

212 1549 303 1584 εδδθη,
315 1550 488 1587 ἀνεχώρησεν
497 1554 537 1584 εις
546 1553 596 1588 τὴν
612 1553 768 1587 Γαλιλαίαν,
780 1557 854 1591 ἡμᾶς
865 1557 998 1584 παιδεύων

1051 1566 1121 1592 esse,
1140 1560 1255 1587 secessit
1274 1560 1301 1587 in
1321 1559 1469 1591 Galilaeam.
1480 1565 1508 1588 ut
1525 1569 1575 1589 nos
1585 1562 1695 1589 doceret
1709 1561 1836 1589 tentatio-

211 1595 326 1629 φεύγειν
340 1597 404 1628 τοὺς
418 1598 604 1633 ίπειρασμούς
617 1607 625 1615 ·
643 1599 674 1626 οὐ
690 1600 745 1635 γὰρ
767 1600 895 1637 ἔγκλημα
910 1603 940 1629 τὸ
961 1603 999 1639 μὴ

214 1641 321 1676 ῥίπτειν
331 1641 426 1669 ἑαυτὸν
443 1643 485 1675 εἰς
507 1645 688 1679 σεειρασμοῦς,
699 1645 767 1673 ἀλλὰ
795 1647 826 1673 τδ
844 1648 999 1682 ἐμπεσόντα

214 1687 252 1721 μὴ
268 1687 366 1722 στῆναι
388 1689 518 1722 γενναίως
537 1697 545 1706 ·
561 1689 602 1716 ἐτι
618 1690 647 1717 δὲ
659 1691 706 1718 καὶ
729 1691 794 1723 τοὺς
809 1692 991 1726 διδασκάλους

211 1732 262 1766 τῆς
286 1734 448 1769 οξκουμένης
475 1735 614 1770 ζωγρῆσαι
634 1736 766 1771 σπεύδων,
784 1737 809 1764 οἳ
838 1739 928 1765 ἐκεῖσε
958 1739 998 1766 δι-

211 1776 319 1810 έτριὸον
329 1785 337 1793 ⁸
347 1777 423 1804 ἔτιδὲ
433 1778 480 1805 καὶ
489 1778 657 1814 προφητείαν
666 1780 718 1815 πλη
723 1781 786 1816 ρῶνο
795 1782 826 1810 Ἠ
838 1784 997 1817 Γαλιλαία,

211 1823 289 1858 φησὶ,
301 1824 361 1851 τῶν·
373 1824 479 1860 ἐθνῶν,
494 1827 512 1853 ὀ
525 1825 603 1861 λαὸς
618 1829 635 1855 ὁ
649 1827 818 1863 καθήμενος
834 1829 870 1857 ἐν
883 1831 996 1864 σκότει,

210 1868 295 1897 mm
309 1870 373 1904 φῶς

245 1915 349 1951 Πέτρου
364 1916 411 1943 καὶ
432 1916 557 1952 Ἀνδρέου
564 1917 662 1953 κλῆσις
673 1919 786 1955 δευτέρα
799 1917 834 1956 ἧν
848 1922 881 1956 ῆν
897 1922 996 1949 δΜατ-

209 1961 285 1994 θαίος
298 1963 372 1996 λέγει
385 1970 392 1977 ⁸
405 1964 420 1990 6
435 1964 484 1998 μὲν
500 1964 555 1998 γὰρ
578 1964 705 2000 Ἰωάννης
726 1967 819 2000 φησὶν,
843 1967 886 1994 ὅτι
910 1967 996 1995 Οὔπω

211 2009 354 2044 βληθέντος
369 2010 398 2035 ὲν
412 2011 444 2044 τῇ
460 2009 568 2046 φυλακῇ
591 2010 638 2036 τοῦ
658 2010 781 2038 Ἰωάννου
812 2005 967 2048 προσῆλθον
985 2022 993 2030 ·

210 2056 328 2083 ἐνταῦθα
341 2056 369 2082 δὲ
384 2056 453 2091 μετὰ
465 2056 495 2083 τὸ
519 2057 686 2092 ὲμὸληθῆναι
704 2058 785 2084 αὑτόν
801 2066 809 2075 ’
827 2060 908 2085 κακεί
923 2059 972 2094 μὲν
982 2060 996 2086 ὁ

215 2102 344 2137 Ἀνδρέας
351 2102 429 2129 καλεῖ
437 2103 483 2130 τὺν
496 2103 608 2139 Πέτρον,
622 2104 740 2132 ἐνταῦθα
753 2105 783 2132 δὲ
799 2105 970 2140 ἀμφοτέρους
981 2106 996 2132 ὁ

209 2147 326 2183 Χριστός
341 2155 352 2164 θ
365 2148 434 2175 ὥστε
451 2149 578 2185 δεύτερον
590 2147 672 2186 ἦλθον
703 2150 771 2186 πρὸς
791 2148 920 2186 Χριστόν.
945 2151 995 2179 Διὰ

1050 1612 1099 1632 nes
1119 1605 1223 1639 fugere.
1244 1604 1304 1632 Non
1328 1605 1401 1633 enim
1423 1607 1501 1641 culpa
1525 1611 1568 1634 est
1592 1607 1713 1643 scipsum
1728 1614 1783 1635 non
1805 1607 1835 1635 in

1050 1651 1216 1678 tentationes
1244 1650 1392 1684 conjicere,
1406 1651 1453 1678 sed
1468 1651 1513 1678 ubi
1529 1651 1660 1679 inciditur
1690 1659 1745 1679 non
1763 1656 1836 1680 stare

1049 1695 1175 1723 viriliter.
1190 1695 1287 1723 Adhuc
1307 1700 1397 1723 autem
1411 1697 1557 1731 magistros
1570 1697 1644 1724 orbis
1659 1697 1705 1732 qui
1726 1697 1772 1725 hic
1788 1698 1837 1725 de-

1047 1740 1159 1775 gebant,
1175 1740 1208 1767 ad
1223 1747 1254 1767 se
1264 1739 1400 1768 adducere
1414 1748 1514 1768 curans
1529 1749 1537 1775 ;
1559 1741 1729 1776 prophetiam
1753 1741 1834 1769 etiam

1048 1785 1178 1819 implebat
1192 1793 1199 1811 :
1217 1783 1341 1818 Galilwa,
1355 1784 1455 1819 inquit,
1471 1785 1597 1820 gentium,
1615 1785 1727 1820 populus
1739 1786 1784 1822 qui
1795 1793 1835 1814 se-

1047 1831 1124 1858 debat
1140 1831 1168 1858 in
1186 1831 1309 1864 tenebris,
1325 1831 1389 1858 vidit
1403 1831 1488 1859 lucent
1500 1839 1634 1867 magnam.

1082 1925 1164 1952 Vens.
1182 1925 1226 1952 i9.
1250 1924 1322 1952 Petri
1336 1930 1362 1952 et
1376 1925 1493 1952 Andreae
1507 1924 1615 1952 vacatio
1637 1925 1759 1954 secunda
1782 1924 1837 1954 fuit

1047 1978 1128 2005 quam
1159 1969 1302 1997 Mattheus
1330 1969 1405 1996 dicit.
1422 1970 1490 1997 Nam
1510 1970 1633 1999 Joannes
1658 1975 1754 1998 narrat
1786 1978 1835 1999 eos

1046 2013 1166 2038 nondum
1185 2012 1212 2038 in
1231 2019 1367 2038 carcerem
1388 2020 1473 2040 misso
1500 2013 1604 2041 Joanne
1617 2019 1726 2042 secutos
1755 2021 1834 2048 esse;

1047 2056 1091 2084 hic
1103 2060 1192 2083 autem
1205 2056 1349 2090 postillius
1364 2065 1503 2086 carcerem
1519 2060 1628 2086 dicitur.
1645 2059 1704 2087 Illic
1721 2059 1833 2094 quidem

1045 2102 1166 2130 Andreas
1194 2102 1303 2130 Petrum
1332 2107 1421 2137 vocat,
1446 2104 1490 2132 hic
1518 2110 1609 2132 autem
1634 2105 1731 2133 ambos
1753 2109 1834 2133 vocat

1041 2147 1182 2181 Christus,
1209 2148 1246 2176 ita
1272 2152 1302 2175 ut
1327 2149 1448 2177 secundo
1471 2150 1506 2178 ad
1527 2151 1668 2178 Christum
1697 2151 1833 2178 venerint.

207 2195 236 2221 τί
248 2196 317 2231 μετὰ
332 2196 384 2231 τὴν
403 2195 516 2231 πρώτην
530 2196 637 2232 κλῆσιν,
654 2197 693 2229 εις
704 2197 754 2233 τὴν
777 2198 880 2224 οἰκείαν
895 2198 992 2233 τέχνην

1049 2194 1178 2228 Cur,pnst
1190 2193 1305 2228 primam
1320 2195 1502 2229 vocationem,
1518 2196 1551 2223 ad
1567 2203 1643 2224 suam
1660 2201 1744 2224 artem
1753 2203 1834 2224 excr-

206 2240 360 2275 ἒπανῆλθον
374 2240 469 2274 πάλιν;
483 2240 533 2268 Διὰ
543 2241 573 2268 τδ
584 2241 631 2268 τὸν
651 2241 776 2277 Ἰωάννην
790 2242 830 2274 εἰς
852 2242 993 2278 δεσμωτή-

210 2292 268 2319 ριον
290 2284 420 2312 εἰσελθεῖν
435 2294 443 2301 ·
470 2285 538 2318 τέως
554 2285 745 2321 ,συγχυθέντες
771 2285 920 2321 εἴρχθησαν
945 2286 992 2313 τοῦ

213 2330 328 2357 σκοποῦ.

250 2374 294 2400 Ἐν
306 2375 366 2405 ταῖς
384 2375 506 2410 πρώταις
518 2377 677 2412 θεραπείαις
690 2377 746 2404 τῶν
756 2377 843 2413 ὄχλων
857 2378 902 2405 διὰ
913 2378 944 2405 τὺ
956 2378 994 2414 μὴ

211 2419 307 2453 πεῖραν
318 2419 461 2447 δεδωκέναι
475 2422 525 2456 τῆς
536 2421 619 2448 αὐτοῦ
638 2422 781 2458 δυνάμεως
794 2430 801 2437 ”
817 2423 905 2455 ἄλλως
924 2432 953 2450 τε
965 2424 994 2450 δὲ

210 2463 256 2490 καὶ
270 2463 300 2489 τὸ
315 2463 408 2498 πόρῤω
421 2465 519 2497 αὐτοὺς
535 2465 663 2502 ἔρχεσθαι
677 2467 798 2495 ἐδείκνυε
816 2468 866 2504 τὴν
884 2467 989 2496 πίστιν.

505 2520 631 2548 ΚΕΦΑΛ.
652 2519 692 2548 Ε¹.

249 2574 321 2607 Τοὺς
334 2574 446 2609 ὄχλους
458 2575 529 2602 ἰδὼν
540 2576 632 2610 ἀνέϐη
638 2577 681 2609 εις
690 2579 726 2604 τὰ
739 2577 804 2612 ὅρη.
821 2579 870 2606 Διά
883 2580 926 2613 τίς
943 2580 992 2607 Διὰ

209 2619 239 2645 τὸ
249 2619 408 2654 ἀφιλότιμον
425 2619 471 2646 καὶ
482 2619 658 2655 ἀκόμπαστον
673 2621 807 2648 παιδεύων
818 2623 834 2658 ἡ
838 2623 893 2658 μᾶς
908 2623 992 2658 μηδὲν

207 2665 276 2700 πρὸς
290 2665 419 2697 ἐπίδειξιν
432 2667 530 2694 ποιεῖν.

241 2711 290 2738 Διὰ
303 2712 330 2738 τί
343 2712 514 2747 πρόσκειται,
526 2713 567 2741 ὅτι
589 2714 725 2748 Ἀνοίξας
733 2714 766 2742 τὸ
781 2715 881 2750 στόμα
899 2715 992 2743 αὑτοῦ

207 2756 367 2784 ἐδίδασκεν
380 2759 510 2791 adrade;
531 2760 589 2786 Ἵνα
613 2760 743 2796 μάθωμεν
768 2761 809 2789 ὅτι
836 2762 882 2788 καὶ
908 2762 991 2796 σιγῶν

208 2801 346 2829 ἐπαίδευεν
361 2804 470 2837 αὐτοὺς,
485 2805 542 2831 ἀλλ’
556 2805 587 2832 οὐ
601 2806 689 2833 λαλῶν
703 2807 795 2840 μόνον.

245 2848 301 2874 οὐκ
317 2850 344 2876 ἐν
360 2851 435 2884 τάξει
461 2852 649 2888 παραινέσεως
665 2853 684 2888 ἢ
702 2853 855 2890 συμϐουλῆς
881 2854 989 2888 εἰσάγει

1045 2240 1157 2268 cendam
1172 2240 1273 2267 reversi
1290 2245 1355 2268 sunt
1370 2241 1486 2268 iterum?
1499 2241 1568 2275 Quia
1586 2241 1706 2270 Joannes
1734 2242 1762 2269 in
1783 2249 1833 2270 cu-

1045 2286 1160 2314 stodiam
1175 2286 1314 2321 conjectus
1326 2286 1426 2319 fuerat,
1446 2291 1512 2315 tunc
1525 2287 1684 2315 conturbati
1701 2295 1714 2314 ιι
1729 2294 1832 2322 propo-

1044 2331 1098 2359 sito
1108 2331 1227 2358 deterriti
1243 2335 1331 2359 erant.

1079 2375 1162 2403 Vsus.
1177 2376 1222 2404 23.
1248 2376 1277 2404 ln
1304 2377 1400 2412 primis
1417 2377 1558 2405 turbarum
1583 2378 1783 2411 sanationibus,
1796 2385 1832 2406 ne

1044 2423 1171 2457 probaret
1185 2431 1263 2451 suam
1276 2425 1444 2459 potentiam;
1462 2424 1542 2452 aliter
1569 2428 1661 2452 autem
1691 2424 1730 2452 illi
1764 2431 1829 2452 cum

1044 2468 1122 2503 longe
1137 2475 1317 2504 sequerentur
1330 2470 1411 2497 [idem
1429 2470 1622 2498 ostendebant.

1358 2523 1471 2552 CAPUT
1488 2523 1519 2551 V.
1538 2543 1542 2547 .

1077 2577 1161 2606 Vens.
1180 2579 1204 2606 Ι.
1217 2579 1310 2606 Videtis
1323 2580 1414 2606 turbat
1421 2579 1538 2606 ascendit
1546 2579 1573 2606 in
1586 2583 1709 2605 montem.
1720 2577 1830 2611 Quare?

1044 2623 1079 2651 Ut
1093 2632 1140 2659 per
1151 2624 1222 2652 hanc
1237 2624 1326 2652 laudis
1344 2629 1371 2653 et
1384 2625 1519 2652 facundiae
1527 2625 1687 2659 despectum
1714 2624 1824 2651 doceret

1042 2677 1094 2696 nos
1107 2669 1173 2696 nihil
1187 2671 1220 2697 ad
1237 2670 1448 2697 ostentationem
1458 2669 1563 2697 facere.
1591 2661 1599 2669 ’

1078 2714 1160 2743 Vsus.
1176 2717 1203 2742 2.
1215 2715 1270 2743 Cur
1289 2716 1408 2749 additur,
1430 2716 1552 2750 Apericns
1575 2722 1604 2742 as
1621 2722 1700 2741 suum
1720 2712 1827 2752 docebat

1041 2762 1100 2788 eos?
1111 2761 1144 2789 Ut
1157 2761 1296 2790 discamus
1306 2763 1345 2789 vel
1360 2763 1484 2790 silentem
1496 2761 1557 2788 illos
1576 2759 1713 2792 docuisse,
1730 2763 1758 2786 et
1771 2766 1826 2786 non

1043 2807 1197 2841 loquentem
1215 2809 1306 2836 modo.

1077 2854 1134 2882 Non
1164 2853 1363 2882 exhortationis
1399 2857 1446 2880 aut
1475 2851 1583 2881 consilii
1611 2850 1822 2888 dispositionem
