2075 3157
209 210 277 242 1031

562 206 757 237 OPUSCULA
778 205 1092 236 SCRIPTURISTICA
1111 204 1284 235 lNCEltT/E
1305 205 1460 237 ETATIS.

1757 208 1827 239 1092

211 268 235 295 in
254 265 396 293 montibus
410 263 505 290 vivunt
522 261 722 296 experiuntur;
739 261 784 287 sed
801 261 872 287 intra
888 268 917 287 se
929 268 989 288 con-

1047 260 1196 294 πάσχουοι·
1214 259 1280 286 ἀλλὰ
1295 260 1325 286 τὸ
1339 260 1429 295 ἐαυτῷ
1445 259 1495 296 τὴν
1517 260 1665 296 ἐπιθυμίαν
1688 261 1826 297 συλλέγειν

209 311 406 345 eupisccntiam
434 309 524 335 fovere
540 311 711 341 pcramanter
732 314 765 333 ex
781 306 894 340 pulchra
912 306 989 333 facie.

244 355 326 383 Vens.
340 355 385 382 29.
411 353 441 381 Si
453 353 544 380 oculus
559 357 619 378 tuus
635 357 679 378 aut
699 359 792 378 manus
817 355 863 377 tua
879 352 991 377 scanda-

209 401 326 427 lizat-erit
346 404 380 426 ta.
400 398 459 424 Non
471 397 504 424 de
525 397 656 423 membris
673 396 804 430 loquitur.
817 396 862 423 sed
878 397 910 423 dc
924 395 992 422 ami-

208 448 249 474 cis
262 446 307 481 qui
324 445 403 472 nobis
421 444 457 471 ob
477 443 687 470 familiaritatem
706 442 889 469 membrorum
905 442 991 469 instar

209 492 350 518 nniuntur.
369 489 560 517 Scandalizare
585 493 676 515 autem
702 488 776 519 dicit,
795 488 828 514 ad
848 493 989 522 peccatum

207 537 337 564 excitare.

243 581 326 609 Vens.
341 581 387 608 51.
402 580 472 614 Quid
484 583 527 607 est
542 579 619 610 illud,
636 578 683 605 Det
698 579 721 606 ei
734 578 852 605 libellum
868 579 990 612 repudii?

207 632 233 655 et
258 626 437 662 quamobrem
469 625 535 652 illud
561 624 696 652 dabatur!
717 623 756 651 Ne
772 624 869 651 iterum
892 623 989 650 reverti

206 674 289 708 possit
303 672 337 699 ad
352 671 451 699 virum.
464 670 511 698 lllo
521 670 594 698 enim
614 670 768 702 mulierem,
782 674 808 696 et
830 669 875 696 illa
897 669 987 695 virum

205 716 366 750 accipiente,
383 716 407 742 si
421 722 518 742 rursus
534 715 677 747 retroitur,
695 721 792 749 magna
806 714 881 741 nasci
897 717 990 748 posset

207 760 410 788 autiuimicitia
424 765 470 787 aut
487 759 622 788 confusio.
646 759 831 787 Constitutum
856 764 898 786 est
925 765 990 785 vero

205 806 289 838 istud,
307 806 332 832 id
343 809 386 833 est
399 805 468 833 solvi
484 805 699 838 matrimonium,
715 813 749 832 ne
765 812 876 832 exosum
891 804 989 831 mulie-

206 859 262 878 rem
276 851 384 878 occidat
400 851 441 878 vir
453 857 556 878 veneno
574 854 620 877 aut
639 849 694 877 alio
713 849 786 877 dolo.

241 941 325 970 Vens.
338 941 382 969 52.
401 940 453 968 Per
469 941 526 968 ltazc
541 940 634 973 verba,
652 940 706 973 Qui
726 940 865 968 dimissam
882 941 986 967 duxerit
1003 926 1027 955 Β

205 986 358 1019 nuechatur,
372 986 449 1021 jubet
460 985 603 1013 mulierem
622 987 662 1013 vel
674 986 786 1013 invitam
802 986 984 1013 continentem

204 1040 280 1065 esse;
297 1039 344 1066 per
365 1031 410 1058 illa
428 1036 538 1064 autem,
556 1030 609 1064 Qui
624 1032 755 1058 dimiserit
771 1039 878 1058 uxorem
898 1041 984 1064 suam,

203 1082 309 1111 excepta
324 1077 512 1112 fornicationis
526 1085 617 1108 causa,
634 1076 697 1111 facit
713 1085 770 1104 eam
783 1078 916 1111 mmhari,
931 1085 987 1105 tne-

204 1129 261 1151 lttm
278 1123 335 1150 viro
351 1123 490 1159 iujicit~ne
505 1130 566 1151 eam
580 1123 709 1151 dimittat.

239 1216 322 1244 Vens.
339 1217 384 1247 35.
408 1216 468 1245 Non
494 1217 583 1245 solum
612 1216 751 1252 periuram
774 1218 909 1252 prohibet,
937 1218 984 1245 sed

203 1263 285 1290 etiam
303 1267 399 1290 contra
421 1262 561 1290 veritatem
585 1263 698 1298 jurare;
715 1271 768 1291 nou
794 1265 882 1291 solum
900 1264 983 1296 istud,

203 1308 250 1335 sed
266 1316 319 1335 non
335 1308 398 1336 licet
413 1316 460 1343 per
471 1313 626 1335 creatorum
641 1308 796 1343 quodquam
809 1309 912 1343 jurarc,
931 1317 984 1336 non

203 1353 276 1381 enim
291 1353 371 1381 nobis
386 1353 501 1381 meliora
514 1359 594 1386 sunt;
612 1353 710 1389 iurans
730 1361 794 1381 vero
815 1361 864 1388 per
888 1354 984 1382 melius

202 1399 426 1434 quiddamjurat.

239 1444 320 1472 Vsus.
340 1445 384 1472 59.
401 1443 461 1472 Non
476 1450 604 1472 reetstere
618 1444 700 1478 malo,
717 1445 761 1472 hic
774 1453 828 1473 non
846 1445 983 1474 diabolum

202 1490 304 1517 malum
320 1489 467 1524 significat,
482 1490 530 1517 sed
542 1490 643 1517 malum
662 1490 785 1518 fratrem.
798 1490 875 1523 Quod
892 1495 983 1518 autem

201 1535 278 1568 dicit,
293 1535 346 1562 tale
362 1539 403 1562 est
421 1544 427 1562 :
444 1534 501 1562 Non
519 1535 632 1563 reddere
645 1536 746 1563 malum
760 1544 810 1572 pro
832 1537 917 1569 malo,
937 1537 984 1564 sed

203 1589 232 1608 se
250 1581 370 1615 prae-bere
383 1581 475 1616 potius
490 1580 523 1608 ad
541 1581 642 1608 malum
668 1581 826 1616 patiendum
841 1589 924 1617 quam
947 1582 985 1609 fa-
998 1600 1022 1631 ϐ

204 1625 342 1653 ciendum.

235 1670 318 1698 Vsus.
334 1670 378 1698 40.
395 1670 429 1697 Ei
447 1671 492 1706 qui
506 1670 561 1698 vult
586 1675 673 1698 tecum
690 1671 795 1706 judicio
818 1671 986 1704 contendere,

201 1717 303 1743 dimitte
328 1717 351 1744 ei
368 1721 397 1743 et
420 1717 530 1752 pallium
546 1723 637 1749 tuum,-
663 1717 754 1750 idest,
776 1718 803 1745 Si
819 1719 852 1746 ad
868 1718 987 1745 tribunal

202 1762 315 1788 traxerit
343 1766 380 1793 te,
398 1769 452 1788 non
481 1762 569 1789 solum
594 1769 655 1797 qua
668 1763 770 1797 expetit
788 1765 919 1798 concede,
938 1764 986 1791 sed

201 1806 282 1832 etiam
298 1805 410 1840 pallium
427 1810 515 1834 tuum.

241 1850 321 1876 Vens.
339 1849 383 1876 Η.
398 1850 456 1876 Non
472 1849 630 1878 indistincte
643 1850 732 1879 danda
743 1857 786 1879 est
800 1852 985 1888 eleemosyna,

201 1895 248 1922 sed
264 1900 291 1921 ut
311 1899 417 1930 oportet
439 1895 530 1923 danda
545 1900 603 1924 εει·
622 1896 648 1924 id
679 1901 732 1930 est,
756 1898 829 1933 quod
844 1905 860 1925 a
879 1903 987 1934 petente

201 1940 350 1975 expetitur.

500 2002 616 2032 CAPUT
631 2003 676 2033 Vi.

235 2066 309 2094 Vens
334 2068 359 2095 7.
377 2066 468 2094 Nolite
479 2067 592 2095 multum
604 2068 687 2103 loqui,
704 2069 730 2097 id
742 2075 793 2103 est,
805 2071 888 2099 nolite
901 2079 916 2099 a
933 2072 986 2100 Deo

200 2120 254 2139 non
271 2113 461 2140 convenientia
481 2117 583 2148 petere.
597 2113 692 2143 Vidua:
707 2116 862 2151 exemplum
885 2118 984 2144 durum

199 2156 334 2184 ﬂectentis
350 2158 540 2192 magistratum
567 2161 771 2194 perseverantia
794 2160 983 2196 “agitationis;

197 2205 226 2227 ct
242 2201 302 2235 ejus
316 2203 363 2236 qui
383 2203 417 2230 ad
437 2203 555 2231 anticum
582 2205 745 2240 intempesta
767 2211 847 2233 nocte
864 2207 982 2239 devenit,

197 2252 226 2273 et
242 2247 422 2274 dormientem
437 2256 452 2275 a
468 2249 538 2276 lecto
560 2257 672 2285 surgere
687 2251 771 2286 cogit,
786 2257 899 2279 monent
921 2260 981 2285 nos,
998 2265 1020 2293 ι)

199 2295 229 2317 ιιι
255 2299 460 2325 perseveremus
479 2299 637 2322 constantes
663 2295 690 2322 in
721 2296 902 2329 orationibus,
927 2305 981 2325 non

197 2341 289 2363 autem
306 2337 424 2365 multum
441 2338 596 2374 loquentes.

230 2428 313 2456 Vens.
336 2429 364 2457 9.
393 2428 581 2465 Sanctiﬁcatur
605 2439 700 2459 nomen
716 2437 808 2463 luunt.
837 2434 981 2468 significat,

196 2474 375 2502 Glorifieetur
400 2482 448 2510 per
469 2475 552 2503 vitam
568 2483 702 2510 nosti-aut,
727 2483 757 2505 ut
772 2487 867 2506 onmes
880 2480 926 2514 qui
943 2481 982 2507 vi-

197 2519 289 2546 derint
302 2526 364 2551 nos,
381 2525 407 2547 te
422 2520 586 2556 glorificent,
601 2522 701 2557 inquit,
717 2523 783 2558 quia
798 2524 838 2552 sic
855 2532 906 2553 nos
916 2532 980 2553 eon-

195 2565 296 2592 versati
310 2564 456 2593 fuerimus.

175 2612 182 2635 t
231 2609 315 2638 Vens.
325 2610 370 2638 10.
384 2610 515 2639 Adveniat
527 2621 635 2648 regnum
645 2618 730 2647 tuum,
744 2615 890 2649 signiﬁcat,
903 2620 982 2643 terra:

194 2661 249 2681 non
268 2662 298 2682 se
321 2655 443 2684 detineat
459 2657 506 2692 qui
529 2662 670 2693 precatur,
688 2660 736 2687 sed
757 2660 884 2695 exquirat
900 2661 982 2688 cmic-

195 2700 248 2726 stia
266 2700 348 2727 bona.

228 2744 289 2771 Fiat
318 2746 440 2774 voluntas
464 2751 522 2779 tua,
550 2748 687 2782 precantis
704 2754 766 2776 est:
795 2750 828 2778 Ut
852 2749 982 2777 obediunt

173 2796 177 2800 ’
194 2789 294 2824 angeli,
309 2798 360 2818 nos
374 2799 484 2827 quoque
500 2793 612 2821 obedire
626 2794 711 2822 cliicc.

229 2878 310 2908 Vens.
330 2881 370 2910 Η.
398 2882 686 2918 Supersubslanlialcm
713 2895 825 2920 pauent,
846 2888 980 2922 quotidia—

1045 307 1078 332 ὲκ
1095 306 1148 331 τῶν
1163 305 1272 340 ὡραίων
1291 305 1404 341 μορφῶν
1418 306 1591 340 ἐπιτηδείως.

1085 349 1154 376 Ἐὰν
1176 350 1362 384 σκανδαλίζῃ
1388 357 1425 377 σε
1443 352 1461 377 ὁ
1487 351 1640 385 ὀφθαλμός
1654 359 1713 378 σου
1732 352 1780 379 καὶ
1806 353 1825 386 ἡ

1042 395 1107 429 χείρ
1120 402 1188 422 σου.
1210 396 1247 422 Οὐ
1270 396 1335 430 περὶ
1351 396 1440 430 μελῶν
1462 396 1551 430 λέγει.
1570 396 1638 424 ἀλλὰ
1659 398 1725 432 περὶ
1739 398 1825 431 φίλων

1042 441 1071 466 ὲν
1087 440 1165 472 τάξει
1179 440 1227 466 καὶ
1243 441 1391 476 οἰκειότητι
1411 441 1501 476 μελῶν
1515 442 1600 468 ὅντων
1617 442 1685 477 πρὸς
1701 443 1774 477 ἡμᾶς
1790 443 1823 469 δι’

1042 485 1197 520 οῑκειότητα
1208 493 1216 501 ο
1232 485 1419 518 σκανδαλίζειν
1430 487 1458 513 δὲ
1469 486 1553 521 λέγει,
1567 487 1597 513 τὸ
1609 487 1677 522 πρὸς
1689 488 1825 523 ἁμαρτίαν

1041 531 1184 565 ἐρεθίζειν.

1076 577 1108 602 Τί
1129 577 1188 603 ἐστι
1216 577 1256 608 τδ,
1281 576 1360 604 Δότω
1381 577 1459 611 αὐτῇ
1477 578 1599 609 βιϐλίον
1617 578 1824 611 ἀπίστου-[ους

1041 621 1088 648 καὶ
1105 621 1150 648 διὰ
1166 621 1192 648 τί
1211 621 1289 648 τοῦτο
1304 622 1424 654 ἐδίδοτο;
1440 622 1500 649 Ἵνα
1515 622 1551 657 μὴ
1567 623 1646 649 πάλιν
1663 624 1823 658 ὲπανακάμ-

1042 674 1121 692 πτειν
1143 666 1257 692 δύναται
1283 666 1351 702 πρὸς
1367 666 1412 693 τὸν
1438 666 1537 702 ἄνδρα⁶
1562 667 1667 694 ἐκείνου
1693 667 1747 703 γὰρ
1772 676 1823 702 γυ-

1041 712 1133 744 ναῖκα,
1152 711 1200 738 καὶ
1225 711 1333 746 ἐκείνης
1358 711 1443 747 ἄνδρα
1465 711 1667 747 λαμϐανούσης,
1691 713 1716 739 εἰ
1743 713 1823 740 πάλιν

1041 756 1209 792 ὑπέστρεφε,
1237 756 1321 792 πολλὴ
1339 756 1373 784 ἆν
1400 757 1417 791 ὴ
1440 756 1525 792 ἔχθρα
1548 757 1595 784 καὶ
1620 757 1750 792 σύγχυσις
1773 756 1822 793 ἦν·

1042 802 1223 836 συνεχωρεῖτο
1240 801 1269 828 δὲ
1285 802 1374 836 τοῦτο,
1392 802 1476 837 ἧγουν
1491 802 1521 829 τὸ
1535 802 1647 829 λύεσθαι
1662 803 1707 830 τὸν
1724 803 1822 838 γάμον,

1042 848 1085 873 ἵνα
1104 847 1166 882 μὴὸ
1186 847 1272 882 μισῶν
1285 847 1435 884 ἀποκτείνῃ
1447 849 1498 884 τὴν
1515 848 1684 883 μισουμένην
1708 848 1725 883 ἢ
1750 857 1818 883 pap-

1042 892 1122 928 μὰκῳ
1137 893 1153 928 ἢ
1169 892 1241 928 ἄλλῳ
1252 892 1330 928 δόλῳ.

1077 938 1127 965 Διὰ
1137 938 1185 964 τοῦ
1205 940 1304 970 ειπετν,
1318 940 1371 972 Ὃς
1389 939 1445 967 ἐὰν
1455 940 1687 974 ἀπολελυμένην
1701 941 1821 976 γαμήσῃ

1037 983 1189 1018 μοιχᾶται,
1211 984 1347 1020 ποιεῖτὴν
1364 986 1480 1019 γυναῖκα
1505 985 1553 1013 καὶ
1582 985 1702 1013 ἄκουσαν
1718 994 1824 1021 σωφρο-

1040 1031 1095 1055 νεῖν
1106 1037 1113 1044 ο
1133 1029 1178 1056 διὰ
1192 1030 1219 1056 δὲ
1238 1031 1286 1057 τοῦ
1303 1031 1402 1064 είπεῖν,
1422 1032 1471 1064 1’ος
1487 1031 1526 1059 ἂν
1541 1032 1684 1066 ἀπολύσῃ
1701 1032 1760 1066 τὴν
1771 1042 1823 1066 τυ-

1039 1075 1128 1102 ναῖκα
1142 1076 1237 1103 αὑτοῦ
1247 1077 1397 1111 παρεκτὸς
1406 1078 1499 1111 λόγον
1512 1079 1663 1111 πορνείας,
1681 1078 1760 1105 ποιεῖ
1772 1079 1824 1106 αὺ-

1040 1121 1098 1156 τὴν
1107 1121 1281 1156 μοιχᾶσθαι,
1295 1122 1415 1158 ἐμφοὸον
1428 1123 1615 1158 ἀπεργάζεται
1626 1123 1673 1151 τὸν
1686 1124 1769 1159 ἄνδρα
1780 1124 1822 1152 ἵνα

1041 1166 1079 1202 μὴ
1094 1167 1218 1202 ἀπολύσῃ
1231 1168 1327 1202 αὐτήν.

1076 1214 1114 1240 Οὐ
1131 1214 1211 1249 μόνον
1232 1215 1263 1241 τὺ
1278 1215 1419 1251 ἐπιορκεῖν
1440 1215 1550 1249 κωλύει,
1567 1216 1635 1244 ἀλλὰ
1657 1216 1704 1244 καὶ
1724 1217 1753 1244 τὸ
1778 1217 1822 1244 ἐπ’

1040 1259 1172 1294 ἀληθέσιν
1186 1260 1298 1294 ὀμνύειν
1310 1268 1316 1275 ·
1332 1261 1380 1288 καὶ
1393 1261 1422 1288 οὐ
1440 1262 1520 1296 μόνον
1533 1262 1624 1295 τοῦτο,
1637 1262 1695 1289 ἀλλ’
1709 1262 1769 1289 οὐδὲ
1782 1262 1823 1294 εἷς

1038 1314 1066 1332 τι
1094 1305 1148 1332 τῶν
1163 1307 1319 1341 κτισμάτων
1332 1307 1442 1342 ὀμνύειν
1466 1308 1521 1336 διτ-
1537 1309 1597 1336 οὐδὲ
1610 1309 1664 1344 γὰρ
1680 1308 1823 1344 κρείττονα

1039 1351 1118 1386 ἡμῶν
1128 1359 1135 1366 ·
1157 1352 1172 1378 ὁ
1183 1351 1212 1378 δὲ
1223 1352 1341 1387 ὀμνύων,
1355 1352 1426 1380 κατὰ
1436 1353 1484 1380 τοῦ
1497 1354 1652 1390 κρείττονος
1662 1354 1768 1389 ὀμνύει.

1074 1444 1112 1471 Τὸ
1138 1444 1176 1480 μὴ
1195 1444 1357 1479 ἀντιστῆναι
1372 1444 1411 1481 τῷ
1436 1444 1559 1481 πονηρῷ,
1570 1445 1602 1472 οὐ
1619 1445 1666 1472 τδν
1692 1445 1814 1472 διάϐολον

1039 1489 1115 1524 λέγει
1129 1490 1248 1526 πονηρὸν
1267 1490 1396 1523 ἐνταῦθα,
1409 1490 1477 1517 ἀλλὰ
1492 1491 1538 1517 τὸν
1554 1491 1673 1526 πονηρὸν
1687 1491 1802 1526 ἀδελφόν
1812 1499 1820 1507 ·

1038 1535 1052 1561 ὅ
1067 1535 1096 1562 δὲ
1119 1535 1205 1569 λέγει,
1235 1535 1356 1563 τοιοῦτόν
1381 1536 1458 1563 ἐστι*
1481 1535 1528 1572 Μὴ
1555 1537 1713 1564 ἀντιδιδόναι
1737 1537 1823 1564 κακὸν

1039 1582 1101 1608 ἀντὶ
1124 1581 1222 1615 κακοῦ,
1236 1581 1304 1609 ἀλλὰ
1319 1582 1451 1617 παρέχειν
1465 1582 1564 1614 αὐτοὺς
1582 1583 1683 1618 μᾶλλον
1707 1583 1822 1619 πάσχειν

1040 1626 1133 1658 κακῶς
1148 1627 1164 1662 ἢ
1179 1627 1276 1654 ποιεῖν.

1076 1671 1118 1703 Τῷ
1129 1671 1247 1699 θέλοντι
1261 1672 1398 1707 κριθῆναι
1407 1673 1483 1707 μετὰ
1498 1673 1568 1707 σοῦ,
1580 1673 1632 1707 δὸς
1648 1673 1696 1701 καί
1708 1673 1742 1700 τὸ
1754 1673 1820 1708 1μὰ-

1037 1717 1102 1744 τιόν
1115 1726 1173 1745 σου
1183 1726 1191 1734 ·
1207 1719 1356 1750 τουτέστιν,
1374 1719 1436 1746 Ἐὰν
1448 1719 1489 1751 είς
1504 1719 1681 1755 δικαστήριον
1694 1719 1761 1755 ἕλκῃ
1778 1727 1819 1752 σε,

1039 1761 1078 1798 μὴ
1091 1761 1172 1796 μόνον
1186 1762 1203 1790 ἂ
1217 1762 1295 1798 ζητεῖ
1309 1763 1392 1797 δίδου,
1407 1763 1475 1791 ἀλλὰ
1490 1764 1538 1791 καὶ
1554 1764 1584 1791 τὸ
1601 1763 1707 1800 ἱμάτιόν
1723 1773 1782 1792 σου.

1075 1855 1133 1890 οὐχ
1144 1855 1237 1888 ἁπλῶς
1250 1855 1342 1884 δοῦναι
1361 1857 1435 1884 ἔστιν
1449 1857 1645 1893 ἐλεημοσύνης,
1657 1857 1725 1885 ἀλλὰ
1738 1858 1768 1885 τὸ
1782 1858 1820 1892 ὡς

1038 1901 1091 1937 χρὴ
1116 1901 1227 1929 δοῦναιυ
1248 1903 1263 1929 ὃ
1287 1903 1394 1930 ἔστιτὸ
1418 1902 1583 1938 ζητούμενον
1607 1903 1683 1939 παρὰ
1707 1904 1754 1931 τοῦ
1769 1904 1819 1940 ζη-

1036 1955 1155 1979 τουντος.

1328 2011 1456 2039 κΕφΑΑ.
1478 2014 1524 2046 ς’.

1072 2072 1118 2105 Τὸ,
1133 2072 1182 2107 Μὴ
1194 2073 1415 2108 βαττολογεῖτε,
1435 2075 1514 2101 τοῦτό
1536 2076 1606 2108 ἐστι,
1623 2076 1656 2103 τὰ
1680 2076 1717 2111 μὴ
1733 2085 1818 2112 προσ-

1035 2118 1137 2151 ήκοντα
1146 2117 1184 2153 μὴ
1190 2119 1276 2144 αἰτεῖν
1283 2119 1356 2154 παρὰ
1363 2118 1433 2154 Θεῷ.
1446 2120 1483 2146 To
1491 2120 1540 2155 τῆς
1546 2122 1633 2156 χήρας
1644 2122 1818 2157 παράδειγμα

1035 2161 1086 2196 τῆς
1107 2162 1154 2189 τὸν
1177 2161 1252 2197 ὠμδν
1273 2163 1423 2197 καμψάσης
1443 2164 1560 2200 ἄρχοντα
1583 2166 1616 2200 τῇ
1634 2167 1758 2202 συνεχείᾳ
1769 2167 1819 2201 τῆς

1034 2207 1182 2240 ἐντεύξεως
1194 2216 1202 2223 '
1219 2209 1267 2236 καὶ
1292 2209 1322 2235 τὸ
1339 2209 1411 2236 κατὰ
1433 2210 1479 2237 τδν
1499 2211 1576 2245 φίλον
1600 2211 1648 2238 τὸν
1670 2212 1741 2248 ἀωρὶ
1761 2212 1817 2239 τῶν

1036 2253 1143 2280 νυκτῶν
1164 2253 1286 2287 ἐλθόντα,
1313 2255 1422 2282 καὶτὸν
1449 2256 1614 2284 καθεύδοντα
1629 2257 1677 2284 καὶ
1700 2257 1754 2284 άπὸ
1769 2258 1818 2292 τῆς

1036 2298 1130 2333 κλίνης
1151 2299 1317 2332 ἀναστάντα,
1332 2301 1516 2336 μιμνήσκεται
1533 2302 1576 2328 ἵνα
1591 2303 1818 2338 προσεδρεύωμεν

1035 2345 1305 2380 προσκαρτεροῦντες
1322 2345 1372 2380 μὲν
1384 2346 1414 2373 ὲν
1427 2348 1487 2378 ταῖς
1509 2347 1615 2383 εὐχαῖς,
1631 2348 1668 2384 μὴ
1690 2348 1818 2383 βατταλο-

1034 2389 1146 2423 γοῦντες
1157 2389 1195 2416 δέ.

1068 2433 1116 2464 Τὸ,
1149 2433 1330 2467 Ἁγιασθήτω
1351 2435 1385 2462 τὸ
1398 2435 1491 2469 ὄνομά
1505 2444 1574 2469 σου,
1589 2437 1664 2472 δηλοῖ
1677 2437 1718 2470 τὸ,
1734 2438 1817 2471 Δοξα-

1038 2478 1130 2512 σθήτω
1140 2479 1184 2506 διὰ
1200 2480 1251 2514 τῆς
1265 2481 1402 2517 ἡμετέρας
1418 2481 1502 2518 ζωῆς,
1526 2483 1569 2510 ἵνα
1585 2484 1686 2516 πάντες
1699 2485 1817 2520 ὁρῶντες

1033 2524 1118 2558 ἡμᾶς,
1132 2523 1263 2556 δοξάσωσι
1277 2533 1317 2559 σε,
1330 2526 1423 2560 φησιν,
1434 2527 1475 2553 ὅτι
1489 2527 1574 2559 οὕτως
1585 2527 1816 2563 πεπολιτεύμεοα.

1068 2614 1115 2646 To,
1137 2614 1264 2642 Ἐλθέτω
1288 2615 1307 2648 ’ἡ
1320 2615 1465 2648 ,βασιλεία
1487 2624 1556 2647 σου,
1582 2617 1710 2652 σημαίνει
1736 2618 1766 2644 τὸ
1780 2618 1817 2653 μὴ

1034 2660 1228 2696 προσηλῶσθαι
1251 2661 1284 2696 τῇ
1301 2662 1337 2697 γῇ
1356 2661 1403 2688 τδν
1418 2662 1574 2698 εὐχόμενον,
1587 2663 1656 2691 ἀλλὰ
1670 2663 1764 2698 ζητεῖν
1784 2666 1818 2691 τὶ

1034 2707 1140 2733 ἐκεῖθεν
1153 2706 1253 2741 ἀγαθά.

1068 2753 1116 2784 Τὸ,
1133 2753 1292 2786 Γενηθήτω
1307 2752 1341 2780 τὸ
1355 2753 1470 2789 θέλημά
1482 2762 1551 2786 σου,
1567 2755 1716 2790 εὐχομένου
1732 2755 1817 2782 ἐστίν.

1038 2798 1082 2829 Ὠς
1107 2798 1266 2825 ὑπείκουσιν
1292 2800 1316 2826 οἱ
1331 2800 1454 2833 ἄγγελοι,
1484 2800 1633 2828 ὑπακούειν
1661 2801 1708 2828 καὶ
1731 2802 1814 2836 ἡμᾶς.

1036 2853 1070 2878 φη
1075 2844 1112 2875 si,
1127 2847 1348 2879 παρασκεύασον.

1076 2890 1249 2916 Ἐπιούσιον
1264 2889 1365 2924 ἄρτον,
1379 2891 1425 2917 τδν
1442 2891 1579 2927 ἐφήμερον
1591 2891 1665 2926 λέγει
1680 2891 1696 2927 ἢ
1710 2891 1756 2918 τὴν
1771 2891 1817 2918 ἐπὶ
