2075 3157
252 184 323 218 1095

607 182 803 215 OPUSCULA
823 183 1139 214 SCRIPTURISTICA
1157 183 1330 213 INCERTRE
1349 183 1500 214 .ETATIS.

1799 183 1866 215 1096

249 250 309 276 pro,
325 240 363 269 Ne
381 241 497 277 primum
516 239 686 272 simulantes,
703 239 800 267 deinde
811 246 860 267 vos
873 243 900 266 et
915 243 1032 266 vestram

1085 238 1142 272 τοῦ,
1164 239 1221 266 Ἵνα
1238 239 1275 275 μὴ
1299 239 1432 274 πρότερον
1452 239 1657 273 ὑποκριθέντες,
1682 239 1794 275 ὕστερον
1819 241 1867 267 καὶ

247 287 398 314 doctrinam
415 287 563 314 invideant.

285 331 367 359 Vsus.
385 331 409 357 7.
426 330 482 358 Cur
498 334 620 364 petentes
632 336 686 356 non
701 328 863 364 accipimus,
876 334 903 356 et
914 336 1031 363 praeser-

248 377 296 404 tim
323 376 430 411 quando
455 374 606 410 spiritualia
636 375 774 410 petimus?
801 374 870 407 Quia
896 382 949 401 non
968 382 1030 402 cum

249 422 332 448 multa
348 422 372 448 vi
387 421 520 455 pulsasti;
539 425 587 448 aut
619 420 730 447 omnino
751 420 878 455 indiguus
893 428 922 447 es
936 427 1031 447 eorum

247 475 308 501 qua:
327 466 439 501 petiisti,
457 469 505 493 aut
519 465 591 500 quod
606 466 731 493 celeriter
745 470 836 500 petere
852 465 977 492 cessasti.

285 511 366 538 Vens.
396 511 441 538 M.
461 511 603 544 Quomodo
631 516 774 545 angustam
801 515 905 545 portam
934 514 961 538 et
989 517 1033 537 ar-

246 562 317 584 ctam
344 562 433 590 vocat,
452 564 516 584 cum
539 556 565 583 in
592 556 646 583 alio
658 556 718 583 loco
735 557 808 583 dicat
829 555 924 590 jugum
952 563 1031 582 suum

247 610 330 629 suave
348 606 375 628 et
398 609 469 628 onus
497 601 571 629 leve?
595 601 744 636 Gregorius
769 602 844 636 prius
869 602 902 629 de
929 602 1033 635 labore,

247 647 381 681 posterius
396 647 430 673 de
444 654 493 681 spe
507 646 713 681 interpretatur.
734 646 853 674 Joannes
867 652 958 674 autem
989 654 1034 674 so-

247 692 323 718 brios
337 699 388 719 nos
403 700 463 719 esse
474 692 553 726 jubet
567 696 594 718 et
609 692 715 727 vigiles,
732 696 760 719 et
774 693 875 720 excitat
890 694 1034 728 cogitatio-

248 745 297 764 nes
312 741 431 769 nostras,
451 744 485 763 ne
503 741 630 772 tanquam
649 736 756 764 facilem
777 744 964 772 aspernemur,
985 738 1033 766 sed

249 788 380 817 tanquam
400 788 542 817 angustam
557 783 672 810 viriliter
691 784 892 818 aggrediamur.

284 827 368 855 Vsus.
378 828 422 854 2!.
435 827 496 855 Non
509 828 593 855 omnis
608 828 652 863 qui
663 828 727 855 dicit
748 829 822 862 mihi,
841 829 961 860 Domine,
980 829 1033 855 Do-

249 873 330 903 mine.
355 873 465 900 intrabit
486 873 514 900 in
529 881 637 908 regnum
667 874 803 906 caelorum,
831 875 876 901 sed
898 875 942 909 qui
968 875 1033 909 facit

1083 285 1156 319 ὑμᾶς
1173 286 1218 311 καὶ
1234 285 1283 320 τὴν
1297 285 1407 320 διδαχὴν
1422 285 1636 320 κωμῳδήσωσιν.

1117 330 1167 356 Διά
1181 330 1207 356 τί
1221 331 1359 362 αἰτοῦντες
1369 331 1400 357 οὐ
1414 331 1587 366 λαμϐάνομεν
1600 352 1607 363 ,
1619 331 1666 357 καὶ
1676 331 1793 366 μάλιστα
1803 332 1867 358 ὅταν

1082 374 1257 409 πνευματικὰ
1271 375 1391 409 αἰτῶμεν
1405 383 1412 406 ;
1427 375 1488 401 ’Ότι
1503 375 1533 401 οὐ
1549 375 1618 409 μετὰ
1636 375 1754 407 σπουδῆς
1766 375 1865 410 πολλῆς

1083 419 1226 454 ἐκρουσας·
1237 420 1253 454 ἢ
1264 420 1372 452 πάντως
1384 420 1494 453 ἀνάξιος
1503 420 1540 446 ὢν
1551 421 1665 455 ᾔτησας,
1679 420 1694 456 ἢ
1709 421 1749 447 ὅτι
1761 422 1867 456 ταχέως

1082 465 1205 499 ἀπέστης
1224 465 1394 501 αἰτούμενος,

1117 510 1179 541 Πῶς
1197 510 1292 546 στενὴν
1304 510 1353 546 τὴν
1366 511 1453 546 πύλην
1466 511 1512 538 καὶ
1524 512 1707 546 τεθλιμμένην
1720 511 1822 544 καλῶν,
1836 511 1865 537 ἑν

1082 556 1154 591 ἄλλῳ
1171 556 1243 590 λέγει
1260 557 1305 583 τον
1317 558 1398 591 ζυγὸν
1417 558 1499 584 αὑτοῦ
1514 558 1630 593 χρηστὸν
1648 558 1695 584 καὶ
1712 557 1742 584 τὺ
1756 558 1865 592 φορτίον

1083 602 1217 636 ἐλαφρὸνς
1236 603 1265 629 Ὀ
1282 602 1331 637 μὲν
1344 603 1494 639 Γρηγόριος
1508 603 1538 629 τὸ
1553 603 1602 639 μὲν
1615 604 1659 630 διὰ
1671 603 1716 629 τὸν
1732 604 1822 634 πόνον,
1836 603 1865 629 τὸ

1082 647 1110 673 δὲ
1127 647 1170 673 διὰ
1185 647 1234 682 τὴν
1255 648 1350 674 ἐλπίδα
1365 646 1452 675 εἶπεν.
1473 649 1600 683 Ἰωάννης
1612 648 1655 680 δὲ,
1673 650 1768 683 νήφειν
1792 649 1866 684 ἡμᾶς

1083 692 1301 726 παρασκευάζων
1313 693 1360 718 καὶ
1372 693 1561 727 ἐγρηγορέναι,
1578 693 1624 718 καὶ
1637 692 1777 727 διεγείρων
1787 693 1866 728 ἡμῶν

1082 736 1117 763 τὰ
1134 738 1305 772 φρονήματα,
1322 738 1364 764 ἴνα
1380 738 1418 772 μὴ
1430 738 1468 770 ὡς
1480 738 1590 764 εὐκόλου
1606 739 1865 774 ιαταφρονήσωμεν,

1083 781 1140 808 ἀλλ’
1157 783 1193 813 ὡς
1206 783 1312 817 στενῆς,
1324 783 1513 818 ἀντεχώμεθα.

1119 827 1165 860 Τὸ,
1186 829 1227 855 οὺ
1242 827 1303 861 πᾶς
1325 830 1342 855 ό
1358 828 1456 863 λέγων
1468 837 1530 863 μοι,
1551 829 1654 862 Κύριε,
1674 829 1777 863 Κύριε,
1805 830 1868 856 εισ-

1083 872 1240 899 ελεύσεῖαι
1252 874 1295 904 εις
1308 873 1365 906 τὴν
1371 872 1536 905 ,βασιλείαν
1546 871 1605 899 τῶν
1613 872 1759 906 οὐρανῶν,
1771 873 1839 900 ἀλλ’
1850 873 1867 899 ὁ

248 918 408 945 uoluntatem
447 927 542 946 meam.
579 918 661 952 Quasi
692 919 815 952 diceret,
847 919 906 946 Non
935 920 1033 948 sntlicit

1085 917 1178 944 ποιῶν
1203 917 1236 943 τὸ
1264 917 1377 952 θέλημά
1403 926 1481 952 μου,
1511 917 1570 944 ἀντὶ
1598 917 1664 951 τοῦ,
1688 918 1725 944 Οὐ
1751 918 1792 944 δεῖ
1816 918 1867 953 μό-

248 969 351 991 tantum
369 964 447 992 Iidem
477 964 595 998 habere,
615 964 662 992 sed
675 969 702 992 et
718 973 800 1000 opera
842 966 885 1000 pia
911 967 1035 1001 proferre

246 1014 362 1044 oportet.

284 1053 367 1081 Vsus.
383 1054 427 1081 ἓξ.
460 1054 516 1082 Etsi
544 1054 617 1082 enim
643 1055 767 1091 prodigia
794 1056 878 1083 multa
907 1055 1032 1089 iecerint,

246 1099 345 1134 inquit,
365 1099 426 1126 Non
439 1101 496 1126 novi
516 1108 572 1127 vos.
587 1099 630 1127 Fit
646 1105 735 1128 autem
759 1101 810 1128 hoc
827 1109 842 1128 a
869 1101 927 1128 sola
947 1102 1033 1136 gratia

248 1145 444 1172 benevolentiae
467 1145 527 1180 ejus
551 1146 599 1180 qui
616 1146 707 1179 dedit;
735 1147 807 1174 unde
820 1151 848 1174 et
867 1147 1030 1174 condemna-

248 1189 322 1217 tione
346 1194 408 1217 sunt
431 1190 516 1225 digni.
535 1190 694 1226 Magnoperc
712 1192 748 1219 ita
765 1192 889 1219 honorati
904 1197 933 1219 ut
948 1193 1032 1219 vitam

248 1240 351 1262 rectam
368 1237 569 1270 proﬁterentur,
587 1237 684 1271 ingrati
704 1238 766 1265 facti
793 1242 858 1265 sunt
872 1243 898 1265 et
915 1238 1030 1265 insensi-

249 1280 338 1314 biles;
370 1285 420 1309 aut
441 1287 551 1317 propter
572 1283 731 1310 adeuntium
752 1283 830 1311 ﬁdem
851 1283 952 1311 factum
972 1288 1033 1316 cst;

249 1333 302 1353 non
318 1326 389 1352 enim
409 1331 461 1359 est,
474 1331 503 1354 ut
516 1327 560 1354 alii
584 1327 810 1363 interpretantur,
827 1329 899 1364 quod
915 1329 1032 1363 primutn

249 1371 358 1406 quidem
370 1371 406 1399 ob
423 1374 507 1399 vitam
530 1377 632 1401 rectam
658 1374 798 1401 miraculis
825 1375 951 1402 honorati
973 1374 1032 1401 fue-

250 1416 314 1447 rint,
337 1422 432 1451 postea
448 1422 538 1445 autem
569 1424 728 1454 peccatores
755 1419 818 1448 facti
835 1420 1034 1447 condemnandi

248 1461 314 1489 sint.

538 1525 651 1555 CAPUT
667 1527 736 1555 Vill.

283 1585 367 1613 Vsus.
393 1587 421 1615 5.
444 1587 528 1623 Cujus
551 1589 592 1616 rei
618 1597 701 1617 causa
730 1589 868 1625 leprosum
896 1591 1034 1619 mundans

249 1633 332 1659 verbo
351 1641 462 1660 manum
478 1635 625 1662 extendit?
641 1635 675 1662 Ut
699 1637 854 1664 ostenderet
868 1645 897 1664 se
912 1646 965 1664 non
983 1638 1034 1672 legi

250 1678 376 1709 subesse,
395 1679 441 1705 sed
452 1686 579 1713 prmesse,
593 1685 620 1707 et
634 1681 702 1708 nihil
725 1690 793 1716 puro
811 1682 947 1717 impurum
962 1690 1033 1710 esse.

249 1722 290 1749 οδ
307 1723 357 1751 hoc
375 1724 489 1751 Eliseeus
510 1724 631 1752 Naaman
648 1734 702 1753 non
726 1727 803 1759 vidit,
833 1735 945 1756 servans
970 1729 1035 1764 legis

253 1767 383 1802 rigorem,
398 1768 478 1803 cujus
491 1776 587 1798 servus
601 1775 672 1805 erat,
685 1779 740 1799 non
754 1772 894 1800 dominus.

287 1858 373 1886 Vens.
390 1860 417 1886 4.
434 1859 577 1892 Quomodo
602 1861 646 1890 hic
668 1862 765 1897 jubens
788 1868 816 1891 ut
843 1865 943 1891 nemini
963 1865 1036 1893 dirat

251 1905 427 1936 miraculum,
448 1906 516 1934 alias
537 1911 568 1934 ut
584 1907 676 1935 dicant
697 1908 794 1943 jubet?
810 1909 858 1936 llic
878 1911 986 1942 quidem
1007 1916 1036 1938 ut

251 1950 317 1977 vitet
331 1950 508 1984 jactationem
523 1956 549 1980 et
569 1961 666 1980 vanam
681 1954 815 1989 gloriam;
833 1955 888 1982 illic
901 1960 990 1983 autent
1006 1961 1035 1984 ut

252 2003 302 2022 nos
318 2000 410 2031 gratos
425 1996 508 2024 iaciat
524 1998 648 2026 videntes
662 2005 687 2027 et
705 2005 828 2028 curatos.

287 2041 376 2074 Quare
398 2043 482 2077 legem
509 2045 589 2072 modo
609 2046 764 2080 conﬁrmat,
781 2047 853 2074 velut
875 2055 936 2074 cum
957 2047 1034 2081 dicit,

231 2126 234 2127 ν
254 2086 367 2115 Ostende
383 2093 407 2115 te
422 2090 564 2124 sacerdoti,
581 2092 662 2118 modo
681 2092 771 2126 solvit,
789 2097 826 2125 ut,
847 2092 918 2120 Tolle
937 2095 1034 2129 graba-

252 2136 307 2157 Ium
331 2137 403 2160 tuum
417 2139 442 2160 et
460 2135 577 2168 ambula,
600 2136 626 2163 in
649 2136 768 2165 Sabbato
787 2139 840 2165 tale
854 2140 957 2174 agens?
978 2139 1036 2167 Hoc

252 2175 360 2208 quidem
382 2181 411 2203 ut
426 2179 519 2212 gratiae
535 2179 621 2214 legem
647 2180 820 2215 introducat,
840 2183 905 2210 illud
928 2191 992 2210 vero
1007 2188 1036 2210 ut

253 2217 411 2247 Judaeorum
437 2228 532 2250 contra
546 2231 576 2251 se
590 2224 732 2252 audaciam
750 2231 778 2253 et
792 2225 911 2254 furorem
936 2228 1035 2255 identi-

252 2264 313 2291 dem
330 2269 470 2300 temperet.

290 2309 371 2336 Vsus.
386 2311 411 2338 8.
439 2312 579 2348 Centurio,
605 2316 682 2349 quia
707 2316 833 2345 lllatthxo
857 2323 1034 2351 memoratur,

253 2355 324 2401 idem
339 2361 376 2383 cst
391 2365 423 2384 ac
437 2357 482 2385 ille
497 2360 544 2394 qui
569 2363 641 2395 apud
667 2362 787 2398 Lucam;
813 2364 860 2399 qui
885 2372 949 2392 vero
963 2365 1035 2401 apud

252 2399 384 2429 Joannem
400 2405 525 2432 centurio
539 2406 607 2433 alter
623 2411 673 2434 est.

290 2493 372 2524 Vens.
399 2495 442 2523 l6.
466 2496 623 2526 Morborum
641 2499 764 2535 plerique
776 2507 790 2528 a
805 2501 923 2537 peccatis
943 2503 1037 2530 oriun-

254 2543 309 2566 tur.

291 2585 371 2637 Virus.
384 2587 438 2615 Cur
452 2588 586 2618 dicentem
601 2592 734 2626 Scribam,
754 2593 856 2629 Sequar
867 2599 890 2621 te
908 2603 1037 2628 quocum-

253 2638 302 2664 que
323 2632 394 2664 ieris,
413 2641 466 2661 non
482 2637 609 2671 excepit?
625 2637 701 2670 Quod
714 2639 826 2672 putabat
850 2639 1036 2666 curationibus

253 2675 403 2711 ditescere;
425 2680 506 2707 verha
529 2687 618 2709 autem
643 2683 703 2718 ejus
721 2691 774 2711 non
799 2684 949 2712 aversantis
963 2689 1035 2717 sunt,

253 2722 299 2749 sed
316 2725 551 2758 reprehendentis.

291 2767 375 2796 Vens.
391 2771 437 2798 2i.
452 2773 503 2806 Qui
516 2773 594 2807 dicit,
614 2773 742 2802 Permitte
759 2774 963 2806 milti,Domine,
979 2775 1036 2809 pri-

254 2820 326 2840 munt
342 2815 389 2848 ire,
405 2821 428 2843 et
440 2819 548 2852 sepelire
559 2824 660 2853 putrem
676 2827 771 2851 meum,
785 2824 910 2854 acceptus
927 2820 1035 2854 quidem

256 2865 307 2892 εδει
328 2861 374 2888 εει]
388 2869 440 2889 non
467 2865 634 2899 permissus;
655 2865 701 2893 scd
717 2865 801 2893 audiit
817 2874 824 2892 :
842 2865 947 2892 Dimitte
966 2874 1035 2892 mor-

1085 971 1130 990 νον
1151 963 1242 991 πίστιν
1266 963 1354 999 ἔχειν,
1378 964 1447 991 ἀλλὰ
1470 965 1518 991 καὶ
1538 963 1606 1000 ἔργα
1624 963 1723 998 εὐσεϐῆ
1749 963 1869 998 προσάλ-

1085 1008 1189 1035 λεσθαι.

1120 1054 1180 1081 Κᾶν
1196 1054 1250 1090 γὰρ
1267 1056 1377 1090 σημεῖα,
1395 1056 1472 1090 φησὶ,
1487 1055 1572 1082 πολλὰ
1587 1055 1711 1086 ποιῶσιν,
1730 1055 1790 1081 οὐκ
1801 1052 1868 1080 οἶδα

1084 1100 1162 1135 {rmig-
1174 1108 1181 1116 ·
1197 1101 1301 1134 γίνεται
1317 1102 1345 1128 δὲ
1362 1101 1441 1128 τοῦτο
1455 1101 1509 1128 ἀπὸ
1525 1102 1635 1136 χάριτος
1655 1100 1739 1135 μόνης
1752 1099 1801 1134 τῆς
1817 1098 1864 1125 τοῦ

1083 1146 1232 1178 δεδωκότος
1255 1147 1376 1182 δωρεᾶς·
1401 1147 1463 1173 ὅθεν
1483 1147 1528 1174 καὶ
1544 1146 1591 1173 τοῦ
1617 1145 1777 1178 κολάζεσθαί
1796 1145 1865 1170 εἰσιν

1084 1190 1170 1224 ἄξιοι·
1192 1192 1320 1226 περιττὸν
1347 1192 1432 1224 οὕτως
1456 1192 1616 1227 τιμηθέντες
1642 1192 1685 1218 ἵνα
1711 1191 1768 1226 βίον
1787 1189 1867 1225 ὀρθὸν

1085 1237 1281 1268 ἐπιδείξωνται,
1300 1237 1457 1272 ἀγνώμονες
1473 1237 1616 1271 γεγόνασιν
1633 1236 1680 1262 καὶ
1697 1235 1865 1269 ἀναίσθητοι·

1085 1282 1101 1317 ἢ
1118 1282 1163 1309 διὰ
1184 1282 1234 1317 τὴν
1256 1282 1310 1309 τῶν
1326 1282 1552 1318 προσερχομένων
1572 1282 1662 1308 πίστιν
1674 1289 1682 1296 ·
1697 1281 1726 1306 οὐ
1747 1280 1813 1314 γὰρ,
1828 1278 1867 1310 ὼς

1085 1326 1173 1361 ἕτεροι
1199 1327 1344 1359 ὑπέλαϐον,
1362 1327 1450 1360 ἐστιν,
1466 1328 1507 1354 ὅτι
1527 1327 1659 1363 πρότερον
1678 1326 1727 1361 μὲν
1740 1326 1773 1351 δι’
1787 1325 1867 1360 ὀρθὸν

1086 1371 1143 1406 βίον
1169 1372 1449 1408 ὲθαυματούργησαν,
1478 1372 1590 1408 ὕστερον
1607 1372 1635 1399 δὲ
1658 1371 1867 1406 ἁμαρτήσαντες

1085 1417 1342 1452 κατακριθήσονται.

1379 1527 1503 1553 ΚΕΦΔΛ.
1533 1527 1575 1554 Il'.

1048 1583 1069 1612 (ἶ
1121 1590 1201 1622 Τίνος
1223 1589 1303 1625 χάριν
1321 1590 1459 1625 καθαίρων
1481 1589 1528 1616 τὸν
1550 1589 1650 1624 λεπρὺν
1663 1588 1735 1623 λόγῳ
1747 1588 1865 1623 ἐπέθηκε

1085 1635 1135 1671 τὴν
1150 1637 1246 1670 χεῖρα;
1265 1637 1324 1663 Ὶνα
1339 1636 1414 1671 δείξῃ
1428 1637 1468 1662 ὅτι
1482 1635 1530 1670 οὐχ
1550 1635 1692 1661 ὑπόκειται
1709 1634 1794 1670 νόμῳ,
1806 1633 1866 1661 ἀλλ’

1086 1681 1233 1712 ἐπίκειται,
1250 1681 1298 1708 καὶ
1313 1681 1354 1707 ὅτι
1366 1681 1404 1714 τῷ
1418 1679 1529 1714 καθαρῷ
1546 1679 1621 1705 οὐδὲν
1641 1679 1792 1714 ἀκάθαρτον
1803 1687 1810 1694 ·
1823 1677 1866 1704 διὰ

1086 1727 1164 1753 τοῦτο
1197 1727 1349 1757 Ἐλισσαῖος
1376 1726 1435 1752 οὐδὲ
1461 1725 1534 1760 ἑώρα
1558 1725 1603 1750 τὸν
1622 1724 1750 1758 Νεεμὰν,
1773 1723 1866 1757 τηρῶν

1086 1771 1132 1798 τοῦ
1159 1772 1241 1807 νόμου
1260 1773 1309 1807 τὴν
1335 1771 1488 1806 ἀκρεσειαν,
1513 1771 1554 1797 ὅτι
1571 1769 1662 1802 δοῦλος
1687 1767 1733 1804 ἦν,
1753 1769 1811 1796 ἀλλ’
1834 1769 1864 1795 οὺ

1086 1816 1230 1850 δεσπότης.

1123 1862 1184 1894 Πῶς
1200 1860 1250 1889 ὦδε
1265 1861 1384 1889 κελεύων
1401 1860 1495 1896 μηδενὶ
1519 1861 1605 1887 εἰπεῖν
1619 1860 1650 1886 τδ
1668 1859 1770 1894 θαῦμα,
1785 1858 1868 1886 ἀλλα-

1086 1907 1135 1942 χοῦ
1161 1907 1268 1934 κελεύει
1292 1908 1397 1940 εἰπεῖν;
1419 1904 1482 1933 Ὧδε
1510 1907 1559 1941 μὲν
1578 1906 1622 1932 διὰ
1638 1906 1668 1932 τὺ
1692 1906 1867 1940 ἀκόμπαστον

1085 1953 1134 1979 καὶ
1151 1952 1323 1985 ἀκενόδοξον,
1350 1953 1407 1979 ἐκεῖ
1424 1952 1452 1978 δὲ
1475 1952 1518 1978 διὰ
1538 1951 1568 1978 τὺ
1591 1951 1765 1985 εὐγνώμονας
1793 1950 1867 1985 ἡμᾶς

1086 1996 1155 2025 εἶναι
1171 2000 1233 2030 τοὺς
1247 1998 1367 2033 ὁρῶντας
1382 1998 1428 2024 καὶ
1442 1997 1577 2027 ῑαθέντας.

1123 2044 1174 2070 Διὰ
1187 2043 1213 2070 τί
1229 2044 1293 2070 ποτὲ
1309 2044 1357 2078 μὲν
1374 2043 1473 2078 ἐκύρου
1488 2042 1533 2069 τὸν
1552 2042 1644 2077 νόμον,
1660 2041 1697 2072 ὡς
1711 2040 1751 2073 τὸ,
1765 2040 1868 2071 Δεῖξον

1087 2090 1195 2118 ἑαυτὸν
1209 2089 1248 2122 τῷ
1263 2090 1350 2123 ἱερεῖ·
1366 2089 1430 2115 ποτὲ
1456 2089 1484 2115 δὲ
1510 2089 1626 2123 ἀναιρεῖ,
1644 2087 1682 2119 ὼς
1703 2085 1797 2120 Ἀρον
1815 2086 1868 2112 τὸν

1086 2135 1251 2168 κράϐὄατόν
1266 2142 1328 2161 σου
1348 2133 1396 2159 καὶ
1417 2133 1580 2166 περιπάτει,
1600 2133 1628 2158 ἐν
1645 2131 1773 2166 σαϐϐάτῳ
1790 2130 1869 2156 τοῦτο

1087 2179 1188 2212 ποιῶν;
1204 2178 1289 2205 Τοῦτο
1305 2178 1354 2213 μὲν
1368 2178 1497 2204 ὁδοποιῶν
1510 2177 1544 2204 τὰ
1556 2177 1606 2212 τῆς
1617 2177 1738 2212 χάριτος,
1751 2175 1830 2202 τοῦτο
1839 2175 1867 2201 δὲ

1088 2271 1154 2300 τέως
1169 2271 1311 2305 κοιμίζων.

1131 2316 1159 2342 'O
1185 2317 1382 2351 ἑκατόνταρχος
1403 2316 1416 2341 δ
1440 2314 1514 2350 παρὰ
1539 2314 1670 2348 Ματθαιῳ
1702 2311 1865 2348 μνημονευόι

1089 2371 1169 2397 μενος
1181 2383 1188 2395 ,
1202 2363 1216 2388 ὁ
1238 2362 1321 2393 αὐτός
1346 2363 1420 2388 ἐστιν
1435 2363 1449 2388 ὁ
1464 2361 1700 2396 μνημονευόμενος
1728 2358 1803 2393 παρὰ
1830 2357 1869 2391 τῷ

1086 2406 1193 2442 Λουκᾷ·
1212 2407 1226 2433 δ
1242 2407 1270 2433 δὲ
1284 2407 1359 2442 παρά
1371 2406 1409 2442 τῷ
1432 2406 1540 2442 Ἰωάννῃ
1556 2406 1751 2442 ἑκατόνταρχος
1772 2406 1865 2441 ἕτερός

1086 2453 1172 2480 ἔστιν.

1122 2498 1162 2525 Τὰ
1178 2498 1288 2526 πλείονα
1300 2499 1354 2526 τῶν
1365 2500 1527 2536 νοσημάτων
1541 2499 1596 2526 ἀπὺ
1610 2499 1814 2535 ἁμαρτημάτων
1827 2498 1869 2533 γὶ-

1086 2553 1171 2572 νεται.

1121 2589 1171 2616 Διὰ
1186 2590 1213 2617 τι
1227 2590 1266 2625 τῷ
1280 2590 1383 2617 εἰπόντι
1397 2589 1482 2624 αὐτῷ,
1504 2589 1714 2622 ’Λκολουθήσω
1730 2596 1777 2615 σοι
1792 2588 1868 2615 ὅπου

1086 2636 1141 2662 ἐὰν
1155 2636 1282 2670 ἀπέρχῃ,
1309 2636 1358 2663 οὐκ
1384 2635 1513 2668 ὲδέξατο;
1534 2636 1595 2662 Ὅτι
1622 2634 1746 2670 ἐνόμιζεν
1763 2636 1795 2661 ἐκ
1814 2635 1869 2661 τῶν

1089 2683 1187 2708 ὶὰσεων
1202 2682 1438 2718 χρηματίζεσθαι·
1455 2682 1540 2709 ταῦτα
1555 2682 1582 2708 δὲ
1600 2683 1633 2708 τὰ
1650 2683 1757 2717 ῥήματα
1774 2682 1823 2708 οὐκ
1835 2679 1868 2717 ἦν

1087 2728 1323 2764 ἀποτρεπομένου,
1340 2727 1398 2754 ἀλλ’
1413 2728 1578 2763 ἐλέγχοντος.

1128 2774 1157 2800 '0
1169 2774 1263 2806 εἰπὼν,
1273 2774 1452 2809 Ἐπίτρεψόν
1459 2782 1521 2808 μοι,
1539 2774 1635 2807 Κύριε,
1653 2773 1770 2806 πρῶτον
1779 2772 1863 2800 ἀπελ-

1087 2820 1150 2847 θεῖν
1167 2820 1216 2846 καὶ
1237 2821 1330 2854 θάψαι
1347 2820 1400 2847 τὸν
1424 2819 1537 2853 πατέρα
1553 2828 1623 2853 μου,
1647 2819 1782 2854 ἀπεδέχθη
1809 2819 1868 2854 μὲν,

1089 2867 1138 2894 οὐκ
1168 2866 1311 2902 ἐπετράπη
1340 2866 1386 2892 δέ·
1420 2865 1478 2893 ἀλλ’
1506 2865 1639 2900 ἢκουσεν·
1676 2865 1764 2898 ’Ἄφες
1799 2863 1866 2896 τοὺς
