2075 3157
169 158 237 190 1097

168 215 294 249 νεκροὺς
317 214 410 249 θάψαι
428 215 497 247 τοὺς
524 214 639 242 ἑαυτῶν
659 215 786 248 νεκρούς

168 261 212 287 διὰ
228 260 324 286 τούτου
339 260 380 286 ὅτι
394 260 408 286 ὁ
420 260 505 286 εἰπὼν
518 257 551 295 ἦν
563 260 658 291 πιστὸς
668 281 675 291 ,
695 260 710 285 ὁ
722 259 750 286 δὲ
767 259 850 286 αὐτοῦ
863 260 953 295 πατὴρ

169 305 202 342 ἦν
227 305 259 332 ἐκ
285 305 338 332 τῶν
369 305 510 332 ἀπίστων·
535 306 580 332 διὰ
607 305 685 332 τοῦτο
714 305 791 333 εἶπεν
821 306 952 341 νεκρούς·

170 351 288 378 ἐκώλυσε
312 351 340 377 δὲ
366 350 447 376 αὑτὸν
467 351 498 377 οὐ
524 352 574 386 τὴν
598 352 638 383 εἰς
662 350 725 383 τοὺς
755 351 954 386 γεγεννηκότας

173 396 251 432 τιμὴν
271 396 390 429 κωλύων,
406 396 472 423 ἀλλὰ
491 397 528 432 μὴ
548 398 683 432 προτιμᾷν
699 399 784 423 ταῦτα
806 397 860 423 τῶν
874 397 955 432 οὐρα-

171 443 244 469 νέων.

213 487 372 514 Ἐκάθευδεν
388 488 402 514 ὁ
422 487 524 522 Κύριος
546 487 727 522 οἰκονομικῶς
744 488 773 513 ὲν
794 487 832 521 τῷ
858 487 953 522 πλοίῳ,

169 534 221 559 οὐκ
239 533 344 566 ἀγνοῶν
357 532 387 558 τὸ
409 533 505 567 μέλλον
529 533 664 566 γίνεσθαι,
684 533 734 558 οὐκ
753 532 892 559 ἀδυνατῶν
905 533 955 568 τὴν

171 579 282 613 εἰρήνην
297 578 447 613 βραϐεῦσαι
459 586 466 592 ·
479 578 558 609 εἰδὼς
570 578 597 604 δὲ
608 578 757 613 μέλλουσαν
772 579 955 613 ταράσσεσθαι

173 624 223 658 τὴν
255 623 402 654 θάλασσαν,
430 622 499 649 κατὰ
517 623 564 649 δύο
583 623 672 655 αἰτίας
690 623 828 654 ἐκάθευδε,
845 624 889 649 ἵνα
909 625 956 650 καὶ

169 669 200 695 τὺ
226 669 325 703 σαθρὸν
352 669 403 702 τῆς
428 669 615 703 ὸλιγοπιστίας
641 669 694 695 τῶν
715 669 844 704 μαθητῶν
868 670 897 695 ὲν
917 669 956 705 τῷ

171 714 285 748 χειμῶνι
309 714 444 750 διελέγξῃ,
459 714 550 740 καὶτὸ
563 714 676 740 δυνατὸν
693 714 743 749 τῆς
761 714 887 749 θεότητος
907 715 954 741 αὐ-

170 759 217 786 τοῦ
233 759 356 795 ἐναργῶς
371 759 552 795 ἐπιδείξηται.

208 805 260 831 Τὸν
276 805 357 839 φόϐον
372 806 402 831 οὐ
414 806 445 831 τὸ
458 805 512 832 τῶν
529 805 691 840 πειρασμῶν
711 806 783 841 μέγα
799 806 957 842 ἐργάζεται,

172 851 241 877 ἀλλὰ
259 851 288 876 τὸ
310 852 359 885 τῆς
374 851 493 882 διανοίας
514 851 613 886 σαθρόν
626 851 702 878 ’,διὰ
729 852 806 879 τοῦτο
821 854 957 888 συγχωρεῖ

170 897 390 929 κλυδωνίζεσθαι,
409 897 453 923 ἵνα
472 899 575 932 ποιήσῃ
596 897 643 924 καὶ
659 898 758 929 αὐτοὺς
784 899 958 934 πιστοτέρους

169 942 214 968 διὰ
226 942 272 968 τοῦ
286 941 442 975 θαύματος·
460 942 490 967 οὺ
507 942 561 976 γὰρ
575 941 660 973 οὕτως
675 942 709 968 τὰ
726 942 779 969 τῶν
793 943 881 970 ἄλλων
893 943 958 970 θαύ-

173 996 256 1022 ματα,
272 988 334 1014 ὅσον
348 988 381 1014 τὰ
397 988 441 1014 ὲπ¹
458 987 574 1019 ἐκείνοις
590 988 726 1023 διήγειρεν
741 988 852 1021 αὐτούς.

208 1078 239 1104 Τί
256 1079 314 1104 ἐστι
329 1078 358 1105 τὸ
369 1078 516 1113 λεγόμενον
540 1078 592 1105 ὑπὸ
605 1077 660 1105 τῶν
679 1079 825 1114 δαιμόνων,
851 1077 958 1114 Ἦλθες

172 1125 229 1158 πρὸ
255 1124 358 1158 καιροῦ
379 1125 549 1156 ,βασανίσαι
562 1123 660 1159 mide;
683 1125 818 1160 Ἀοράτως
838 1126 892 1152 ἀπὸ
909 1128 960 1162 τῆς

172 1169 255 1196 αὑτοῦ
272 1170 424 1205 παρουσίας
455 1170 607 1205 ἐπάσχοντο
622 1171 646 1197 οἱ
661 1170 786 1205 δαίμονες
798 1179 805 1186 ·
823 1172 880 1205 πρὸ
895 1181 959 1200 και-

168 1215 225 1249 ροῦ
243 1215 270 1241 δὲ
285 1215 420 1250 λέγουσιν,
438 1216 475 1248 ὡς
498 1216 599 1248 εἰδότες
617 1216 658 1242 ὃτι
684 1217 810 1252 μέλλουσι
826 1217 873 1245 καί
891 1226 957 1245 ποτε

174 1261 350 1296 κολασθῆναι.
369 1262 401 1288 At
418 1261 504 1296 ψυχαὶ
521 1261 576 1287 τῶν
595 1262 708 1288 δικαίων
727 1263 756 1288 ὲν
771 1263 842 1298 χειρὶ
867 1263 936 1291 Θεοῦ
948 1271 958 1281 ο

167 1301 201 1332 ἀἱ
216 1307 244 1331 δὲ
261 1306 314 1332 τῶν
341 1306 447 1333 ἀσεϐῶν
471 1307 520 1333 οὐκ
535 1307 565 1334 ὲν
584 1308 734 1342 μνήμασιν,
756 1307 794 1339 ὡς
813 1308 838 1334 οι
864 1307 959 1336 πολλοὶ

173 1351 308 1385 λέγουσιν,
324 1353 383 1378 ἀλλ’
399 1352 522 1379 ἐντεῦθεν
547 1353 648 1384 εὐθέως
664 1352 831 1386 ἀπάγονται·
850 1354 896 1380 καί
910 1354 958 1389 δῆ-

173 1398 218 1424 λον
233 1398 286 1423 ἀπὸ
301 1397 348 1424 τοῦ
366 1398 493 1434 Λαζάρου
511 1399 558 1425 καὶ
574 1398 622 1425 τοῦ
643 1397 772 1424 πλουσίου
786 1406 792 1413 ·
811 1399 859 1425 καὶ
874 1399 958 1425 ἀλλα-

173 1443 234 1478 χοῦ,
262 1443 396 1478 Σήμερον
419 1443 476 1478 τὴν
492 1443 597 1478 ψυχήν
619 1451 677 1470 σου
695 1443 875 1470 ἀπαιτοῦσιν
899 1444 958 1471 ἀπὸ

173 1488 242 1515 σοῦ.
270 1490 324 1524 Οὐχ
348 1487 402 1515 οἶόν
417 1498 447 1515 τε
470 1488 516 1516 οὖν
542 1489 631 1524 ψυχὴν
657 1488 817 1522 ἐξελθοῦσαν
843 1489 959 1516 ἐνταῦθα

175 1534 336 1566 πλανᾶσθαι,
354 1535 370 1569 ἢ
386 1536 415 1561 ὲν
435 1535 506 1570 ἀέρι,
529 1535 565 1566 ὡς
581 1535 722 1568 λέγουσιν,
752 1531 832 1567 εἶναι,
857 1534 914 1561 ἀλλ’
929 1537 958 1562 ἐν

174 1577 337 1612 ὡρισμένοις
353 1579 456 1610 τόποις.

216 1623 371 1658 Ὑπήκουσε
385 1624 448 1656 τοὺς
464 1623 593 1659 δαίμονας
605 1624 618 1650 ό
634 1624 733 1660 Κύριος
744 1627 790 1653 καὶ
801 1627 840 1657 εἰς
853 1625 958 1660 χοίρους

173 1672 356 1706 ἀπεπέμψατο
381 1673 491 1705 αὐτοὺς,
511 1672 619 1707 πρῶτον
635 1673 684 1708 μὲν
699 1673 742 1699 ἵνα
759 1673 832 1708 δείξῃ
849 1672 959 1699 ὃτιοὺδὲ

169 1718 245 1744 κατὰ
257 1717 357 1752 χοίρων
370 1718 475 1751 ἔχουσιν
487 1717 620 1750 ἐξουσίαν,
634 1718 670 1753 μή
683 1727 709 1744 τι
723 1726 754 1752 γε
770 1720 840 1745 κατὰ
855 1716 960 1752 ἀνθρώ-

175 1771 235 1789 πων
248 1771 254 1777 ·
272 1763 369 1789 ἔπειτα
383 1764 425 1789 ῐνα
441 1764 465 1789 οἱ
482 1763 545 1795 τοὺς
564 1764 663 1795 τόπους
678 1763 816 1795 οἰκοῦντες
833 1763 959 1799 μάθωσιν

170 1809 255 1836 αὑτὸν
271 1809 344 1841 ὅστις
373 1807 426 1844 ἦν·
452 1809 562 1835 ἄπιστοι
579 1809 633 1845 γὰρ
656 1807 739 1844 ἦσαν·
757 1809 804 1835 καὶ
825 1809 959 1836 δείκνυται

175 1854 254 1882 τοῦτο
269 1856 300 1881 ἐκ
315 1855 360 1881 τοῦ
379 1855 470 1889 λέγειν
493 1856 604 1887 αὐτοὺς,
615 1855 657 1881 ὅτι
674 1855 802 1882 Ἀπελθε
817 1855 876 1881 ἀπὸ
899 1854 960 1882 τῶν

175 1902 264 1935 ὀρΙων
289 1901 384 1936 ἡμῶν.
416 1902 466 1926 Διὶ
481 1901 560 1927 τοῦτο
575 1901 603 1927 δὲ
619 1901 681 1932 τοὺς
696 1901 803 1935 χοίρους
819 1900 923 1926 ἀνεῖλον
934 1900 959 1926 οἱ

173 1946 309 1981 δαίμονες,
324 1947 366 1972 ἵνα
383 1947 444 1976 τοὺς
455 1945 659 1980 ἁνθρώπουςεις
668 1946 786 1979 ἀθυμίαν
801 1945 940 1979 ἐμϐάλωσι
950 1953 957 1960 ·

175 1991 311 2026 πανταχοῦ
329 1992 383 2026 γὰρ
400 1990 539 2025 χαίρουσιν
559 1991 604 2016 ἐπὶ
618 1991 678 2021 ταῖς
698 1990 850 2024 συμφοραῖς
870 1990 958 2024 ἡμῶν.

474 2051 586 2078 ΚΕΦΛΛ
592 2072 600 2079 .
622 2051 661 2078 Θ¹.

215 2116 248 2143 Ἦ
278 2117 327 2152 μὲν
348 2115 473 2150 Βηθλεὲμ
496 2116 612 2150 ἤνεγκεν
643 2114 725 2141 αὑτὸν
757 2114 960 2150 παροδευὼτων

173 2163 227 2192 πῶν
263 2163 382 2196 γονέων·
410 2162 426 2196 ἡ
452 2161 481 2187 δὲ
517 2160 643 2197 Ναζαρὲθ
683 2159 814 2196 ἔθρεψεν·
855 2159 959 2186 ἐκεῖθεν

662 155 825 187 SCHOLIA
843 154 991 186 VETERA
1013 152 1053 185 ΙΝ
1073 153 1307 186 ΜΙ.ΤΤΗ.ἘῙ]Μ.

1722 158 1789 190 1098

824 214 906 247 ἔδειξε
923 214 952 241 δὲ
969 218 988 245 Α
1004 220 1062 241 tuos
1079 216 1187 250 seint-e
1202 220 1319 241 mortuos
1337 222 1408 241 suat.
1429 212 1555 242 Ostendit
1575 220 1664 243 autem
1677 223 1724 251 per
1738 219 1789 244 hoc

1006 260 1082 287 illutn
1098 260 1145 295 qui
1167 260 1277 287 dicebat
1303 260 1458 287 credentem
1487 260 1582 293 fuisse,
1601 267 1705 296 patrem
1727 271 1790 290 vero

1005 306 1064 341 ejus
1079 313 1094 333 c.
1112 313 1166 333 nott
1192 305 1376 333 credentibus.
1402 305 1466 333 Ideo
1493 306 1558 333 dicit
1583 314 1630 334 eos
1655 313 1788 335 mortuos.

1005 351 1150 379 Proltibuit
1182 356 1273 378 autem
1295 359 1368 384 enm,
1396 359 1448 378 non
1477 352 1606 379 honorem
1623 353 1649 379 in
1666 359 1792 387 parentes

1007 402 1111 430 vetans,
1128 398 1174 425 sed
1192 405 1226 425 ne
1243 397 1288 424 illa
1302 397 1460 425 coelestibus
1475 397 1631 425 anteferret.

1042 490 1124 518 Vens.
1142 490 1186 517 24.
1204 490 1360 517 Dormieltat
1378 490 1507 517 Dominus
1522 498 1536 516 τι
1550 490 1688 525 proposito
1703 491 1729 518 in
1744 484 1792 518 na-

1006 537 1105 568 vicula,
1134 544 1186 563 non
1206 536 1336 570 ignorans
1354 536 1426 570 quod
1452 535 1509 563 fieri
1534 537 1661 570 debebat,
1686 542 1713 564 et
1737 545 1791 564 non

1006 581 1095 616 impar
1110 589 1203 616 pacem
1218 581 1408 615 componendi.
1420 580 1515 609 Sciens
1531 587 1620 610 autem
1635 584 1792 618 agitandum

1006 634 1068 654 esse
1093 634 1179 658 mare,
1199 627 1233 653 ob
1249 634 1348 654 causas
1365 627 1435 655 duas
1450 628 1613 660 dormit-bat,
1629 634 1657 656 ut
1669 629 1794 656 debilitas

1007 672 1075 700 levis
1089 672 1287 707 discipulorum
1309 673 1373 711 fidei
1385 673 1411 699 itt
1427 677 1587 707 tempestate
1610 673 1791 701 confundere-

1007 722 1066 749 tur.
1090 722 1117 745 et
1138 718 1259 752 potentia
1290 717 1441 746 divinitatis
1468 718 1528 753 eius
1548 719 1636 753 palam
1666 720 1796 746 ostende-

1008 769 1094 791 retur.

1045 811 1126 838 Vens.
1146 811 1192 839 25.
1211 810 1348 838 Timorem
1364 818 1420 839 non
1436 810 1594 845 magnitudo
1613 810 1793 838 tentationum

1009 856 1083 891 facit,
1095 857 1142 884 sed
1158 857 1257 884 mentis
1270 857 1445 885 imbecillitas
1461 866 1467 883 :
1482 856 1543 884 ideo
1555 856 1684 884 fluctibus
1695 856 1794 891 agitari

1008 910 1038 930 se
1052 902 1194 937 permittit,
1211 906 1241 929 ιιι
1254 909 1300 930 eos
1312 902 1456 929 credentes
1471 901 1556 936 magis
1570 909 1617 935 per
1630 902 1794 929 miraculum

1008 947 1126 980 efficiat;
1151 955 1204 974 non
1225 948 1297 975 enim
1323 951 1428 975 tantum
1448 951 1555 982 patrata
1575 947 1602 974 itt
1621 947 1684 974 aliis
1711 948 1795 974 mira-

1007 994 1079 1024 cula.
1106 997 1239 1028 quantum
1256 993 1282 1020 in
1307 993 1373 1027 ipsis
1400 996 1476 1028 gesta
1503 992 1553 1020 hos
1574 993 1696 1020 excitare
1715 997 1794 1027 pute-

1009 1043 1080 1065 rant.

1047 1083 1128 1111 VEBS.
1149 1084 1195 1112 29.
1212 1083 1281 1117 Quid
1295 1088 1338 1112 est
1351 1084 1424 1119 quod
1437 1091 1453 1112 a
1468 1083 1610 1111 dicmoniis
1623 1083 1725 1112 dictum
1740 1088 1794 1116 est,

1014 1130 1113 1158 Venisti
1137 1134 1198 1157 ante
1214 1134 1314 1164 tempus
1337 1134 1457 1165 torquere
1473 1129 1539 1156 nos?
1564 1128 1738 1157 lnvisibiliter
1757 1137 1793 1156 ex

1008 1175 1070 1210 ejus
1085 1175 1229 1210 praesentia
1245 1174 1379 1202 dtemonia
1395 1173 1588 1210 patiebantur;
1609 1177 1672 1201 ante
1687 1178 1794 1208 tempus

1009 1221 1112 1252 dicunt.
1141 1221 1232 1248 sciunt
1257 1227 1286 1248 se
1307 1220 1372 1247 olim
1402 1219 1529 1254 castigari
1556 1219 1664 1247 debere.
1690 1219 1795 1246 Animae

1006 1266 1144 1302 justorum
1169 1266 1195 1293 in
1215 1273 1298 1293 manu
1321 1264 1380 1299 Dei,
1408 1265 1553 1299 impiorum
1580 1268 1672 1292 autem
1697 1264 1794 1291 anima:

1008 1319 1063 1339 non
1085 1312 1112 1339 itt
1138 1312 1334 1344 monumentis,
1360 1315 1389 1337 ut
1411 1311 1502 1344 plures
1527 1310 1631 1344 dicunt,
1660 1311 1706 1338 sed
1732 1310 1795 1338 inde

1008 1356 1151 1385 confestim
1168 1357 1345 1389 auferuntur;
1363 1361 1389 1384 et
1403 1360 1476 1390 patet
1492 1355 1518 1382 in
1531 1355 1636 1383 Lazaro
1647 1360 1674 1384 et
1688 1356 1793 1388 divite;

1008 1407 1035 1430 et
1051 1402 1129 1434 alias,
1154 1401 1240 1429 Hodie
1266 1402 1384 1428 animant
1415 1406 1489 1428 tuam
1515 1407 1657 1436 repetenta
1673 1407 1708 1429 te.
1732 1401 1791 1428 Non

1008 1448 1139 1483 possibile
1156 1454 1196 1476 est
1221 1448 1303 1483 igitur
1324 1448 1443 1475 animam
1463 1455 1599 1482 egressam
1620 1447 1664 1474 hic
1687 1455 1791 1479 errare,

1009 1500 1055 1522 attt
1070 1495 1097 1521 in
1117 1501 1190 1526 aere,
1209 1498 1238 1521 ut
1257 1494 1361 1525 dicunt,
1387 1500 1459 1524 esse,
1473 1493 1520 1520 sed
1540 1493 1567 1519 in
1583 1492 1650 1520 l0t-is
1664 1493 1794 1519 determi-

972 1553 992 1580 ρ
1011 1541 1093 1567 natis.

1046 1631 1128 1658 Vens.
1145 1629 1189 1657 52.
1204 1628 1349 1656 Exaudivit
1361 1628 1491 1656 Dominus
1504 1628 1641 1656 dmmones
1652 1632 1679 1656 et
1690 1629 1716 1655 in
1730 1636 1792 1663 por<
1806 1631 1810 1635 '

1010 1684 1058 1705 cos
1075 1676 1210 1709 inttnisit;
1228 1676 1316 1711 primo
1330 1675 1440 1710 quidem
1460 1681 1488 1702 ut
1502 1675 1658 1702 ostenderet
1674 1682 1721 1702 eos
1739 1683 1792 1702 tton

1006 1723 1037 1750 in
1051 1730 1147 1758 porcos
1159 1726 1317 1756 potestatem
1332 1721 1443 1754 habere,
1461 1728 1548 1756 neque
1563 1720 1644 1747 ullam
1664 1721 1690 1747 in
1705 1721 1794 1748 ltonti-

1010 1776 1076 1800 nes;
1087 1768 1185 1795 deinde
1199 1767 1356 1794 utloeorutn
1373 1765 1469 1794 incola:
1483 1766 1618 1794 discerent
1631 1766 1692 1801 quis
1702 1771 1792 1798 esset;

1008 1821 1064 1841 non
1083 1815 1224 1841 credentes
1243 1812 1315 1839 enim
1331 1817 1419 1839 erant.
1439 1812 1472 1839 Et
1485 1811 1588 1839 indicat
1600 1812 1637 1843 id,
1658 1812 1733 1846 quod
1747 1811 1792 1838 isti

1009 1861 1113 1891 dicunt,
1129 1865 1158 1887 ut
1182 1859 1310 1886 transiret
1326 1866 1340 1886 a
1357 1858 1458 1885 linibus
1477 1865 1582 1886 eorum.
1611 1857 1674 1885 [duo
1696 1865 1792 1892 porcos

1009 1906 1179 1934 abstulerunt
1195 1906 1342 1937 tltctnones,
1355 1909 1384 1932 ut
1400 1904 1523 1932 homines
1535 1904 1562 1931 in
1577 1904 1792 1939 desperationem

1010 1950 1178 1984 conjicct'ent
1191 1957 1199 1976 :
1212 1957 1274 1976 ttant
1290 1957 1398 1984 semper
1413 1949 1440 1976 in
1459 1949 1562 1976 nostris
1585 1949 1793 1976 adrersitatibus

1010 1995 1138 2028 gaudent.

1309 2053 1423 2081 CAPUT
1446 2054 1491 2082 lX.

1044 2118 1124 2146 Vens.
1143 2119 1168 2145 1.
1184 2117 1320 2145 Bethleem
1337 2118 1445 2152 quidem
1462 2118 1566 2153 peperit
1580 2125 1654 2151 eum,
1675 2118 1794 2152 parenti~

1011 2165 1062 2193 bus
1077 2165 1127 2192 iter
1142 2164 1319 2195 facientibus;
1334 2160 1465 2190 Nazarctlt
1480 2171 1544 2190 vero
1560 2164 1697 2196 educavit,
1730 2164 1793 2190 inde

174 2210 229 2245 γὰρ
251 2210 275 2236 οἱ
303 2209 410 2243 γονεῖς’
429 2209 445 2243 ἡ
466 2207 494 2233 δὲ
516 2207 704 2243 Καπερναοὺμ
733 2206 805 2242 εἶχεν
832 2205 957 2233 οἰκοῦντα

1010 2217 1083 2238 ennn
1098 2215 1175 2236 erant
1190 2213 1331 2244 parentes;
1345 2213 1371 2235 ct
1387 2207 1577 2244 Capltaruaunt
1597 2209 1714 2236 incolatu
1731 2217 1792 2235 eum

174 2256 314 2291 διηνεκῶς.

216 2302 245 2327 ’0
263 2302 311 2336 μὲν
326 2300 464 2331 Matinio;
484 2299 548 2334 περὶ
569 2298 614 2325 τοῦ
630 2297 815 2333 παραλυτικοῦ
832 2297 906 2331 λέγει
919 2297 959 2324 ὅτι

176 2347 344 2382 προσέφερον
374 2346 453 2372 αὐτόν
464 2353 470 2359 ·
488 2347 512 2371 οἱ
527 2345 555 2372 δὲ
570 2345 645 2372 ἄλλοι
669 2346 710 2371 ὅτι
727 2345 774 2371 καὶ
788 2344 836 2379 τὴν
861 2344 959 2377 στέγην

176 2393 347 2424 διατεμόντες
368 2391 493 2425 καθῆκαν
521 2391 612 2417 αὐτόν.
642 2390 741 2425 Ἀληθῆ
767 2388 816 2416 οὖν
835 2389 869 2415 τὰ
893 2389 958 2415 δύο·

175 2439 283 2474 πρῶτον
301 2439 349 2473 μὲν
367 2439 569 2473 ἀπεστέγασαν,
588 2435 647 2464 εἶτα
668 2436 786 2472 πλήθου;
809 2435 883 2467 ὄντος
896 2435 960 2469 περὶ

175 2486 268 2518 αὐτὸν,
282 2485 484 2520 προσήνεγκαν.

210 2531 358 2562 Εἰπόντων,
378 2531 425 2562 Τίς
443 2528 568 2556 δύναται
582 2527 701 2563 ἀφιέναι
717 2527 861 2563 ἁμαρτίας
875 2528 900 2553 εἰ
915 2526 958 2561 μὴ

171 2577 264 2612 μόνος
280 2578 296 2603 ὁ
312 2577 398 2608 Cede;
413 2575 493 2606 αὐτὸς
508 2575 614 2606 δεικνὺς
631 2573 700 2600 κατὰ
714 2574 758 2600 τὸν
774 2574 850 2607 λόγον
870 2573 960 2599 αὐτῶν

173 2625 212 2650 ὅτι
224 2623 289 2654 Θεός
305 2624 374 2654 ἐστι,
387 2621 461 2655 λέγει
473 2629 479 2636 ·
495 2622 525 2648 Τί
535 2621 621 2647 ἐστιν
629 2619 842 2653 εὐκολώτερον,
854 2619 958 2651 εἰπεῖν,

171 2669 340 2714 ιἈφέωνταί
358 2676 426 2699 σου,
451 2667 470 2701 ἢ
485 2667 591 2698 ειπεῖν,
612 2664 700 2700 Ἆρον
720 2665 774 2693 τὸν
796 2666 961 2700 κράϐαττόν

175 2724 234 2742 σου
250 2715 299 2741 καὶ
317 2713 490 2748 περιπάτει;
509 2714 541 2739 "0
556 2713 584 2739 δὲ
600 2712 686 2746 λέγει,
703 2711 823 2739 τοιοῦτόν
838 2712 895 2737 ἐστι
906 2720 913 2728 ·
927 2711 960 2737 Τί

175 2762 247 2788 δοκεῖ
261 2760 370 2787 εὔκολον
385 2761 450 2795 ὑμῖν
464 2757 544 2790 εἶναι,
560 2759 590 2785 τὸ
605 2759 715 2792 σφίγξαι
728 2757 957 2793 παραλελυμένον,

174 2807 191 2842 ἢ
208 2806 295 2841 ψυχῆς
317 2806 504 2841 ἁμαρτήματα.
527 2804 625 2837 Nam;
641 2803 759 2839 Εὔδηλον
778 2803 818 2829 ὅτι
835 2803 961 2838 ἁμαρτή-

175 2861 248 2888 ματα
261 2852 349 2879 λῦσαι.
371 2851 440 2877 Ἀλλ’
458 2851 552 2885 ἐπειδὴ
564 2850 595 2876 τὸ
612 2850 659 2884 μὲν
669 2849 780 2883 ἀφανὲς,
793 2849 822 2875 τὸ
837 2849 863 2875 δὲ
876 2857 959 2883 φανε-

332 2898 466 2930 ΡΑτεοι..
489 2899 549 2929 Gn.
564 2898 640 2928 CVI.

1011 2256 1106 2283 ltabttit
1120 2259 1260 2290 perpetuo.

1047 2301 1128 2328 Vens.
1147 2301 1174 2327 2.
1190 2300 1333 2327 Mattheus
1349 2299 1381 2326 de
1404 2299 1552 2335 pat'alytico
1576 2299 1642 2326 dicit
1666 2300 1736 2334 quod
1754 2298 1795 2326 of—

1011 2347 1134 2374 ferebant
1149 2355 1210 2373 eutn
1225 2355 1231 2378 ;
1247 2346 1293 2373 alii
1309 2351 1399 2372 autem
1426 2345 1497 2380 quod
1517 2350 1617 2372 tectum
1638 2352 1794 2381 rumpentes

1011 2393 1085 2420 illnttt
1100 2391 1270 2426 proferrent;
1288 2399 1381 2418 verum
1410 2391 1490 2425 igitur
1506 2397 1547 2418 cst
1563 2396 1725 2426 utrumque;
1741 2392 1794 2426 pri-

1011 2446 1085 2464 tnuut
1101 2437 1210 2472 quidem
1231 2445 1279 2470 per
1295 2441 1394 2463 tectum
1413 2434 1593 2468 detnisetunl,
1608 2436 1716 2468 deinde,
1732 2445 1794 2464 cum

1011 2483 1156 2511 multitudo
1169 2483 1246 2517 juxta
1263 2481 1356 2510 Jesutn
1376 2488 1459 2513 esset.
1484 2483 1652 2510 obtulerunt.

1048 2528 1129 2555 Vens.
1152 2528 1179 2555 5.
1195 2528 1352 2555 Dicentibus
1378 2528 1442 2559 illis,
1464 2527 1530 2560 Qui:
1557 2532 1641 2563 potest
1666 2528 1795 2554 remittere

1010 2579 1116 2613 peccata
1132 2574 1182 2601 nisi
1198 2574 1270 2601 solus
1286 2574 1375 2601 Deut?
1392 2574 1449 2608 ipse
1465 2575 1611 2602 ostendens
1625 2582 1656 2601 ex
1675 2574 1794 2608 ipsorum

1011 2629 1136 2649 sermone
1154 2629 1184 2648 se
1198 2619 1282 2648 Deum
1298 2628 1369 2653 esse,
1387 2621 1472 2648 dicit:
1491 2619 1560 2653 Quid
1574 2624 1612 2646 est
1628 2618 1735 2654 [acilius
1750 2619 1795 2645 di-

1011 2675 1077 2699 cere,
1094 2667 1272 2694 Dimittuntur
1295 2666 1353 2698 tibi,
1374 2674 1408 2692 an
1425 2665 1523 2698 dicere,
1554 2664 1626 2692 Tolle
1653 2664 1795 2699 grabatum

1012 2717 1085 2739 tamn
1099 2717 1123 2738 et
1139 2711 1267 2738 ambula?
1283 2710 1360 2743 Quod
1377 2716 1466 2738 autent
1484 2709 1561 2743 dicit,
1576 2709 1629 2737 tale
1647 2714 1707 2737 est:
1724 2708 1795 2741 Ouid

1013 2758 1118 2785 videtur
1133 2757 1212 2783 vobis
1226 2756 1305 2784 facile
1319 2764 1390 2788 esse,
1408 2755 1588 2791 paralyticum
1602 2755 1748 2790 stringere,
1761 2763 1795 2782 an

1012 2804 1109 2831 anime
1123 2807 1233 2837 peccata
1247 2801 1371 2830 solvere?
1385 2801 1541 2836 Patetquod
1554 2805 1664 2836 peccata
1679 2802 1796 2829 solvere.

1014 2849 1066 2877 Sed
1081 2849 1212 2884 quoniam
1238 2850 1289 2876 hoc
1303 2848 1412 2883 quidem
1439 2846 1586 2879 invisibile,
1611 2847 1677 2875 illud
1706 2853 1796 2875 autem

1565 2895 1605 2927 35
