2075 3157
306 159 374 193 1099

665 155 859 197 OBUSCULA
883 154 1196 185 SCRIPTUIHSTICA
1215 155 1389 187 INCERTIE
1405 156 1560 187 lETATIS.

1722 168 1778 208 Ἆρ’
1853 160 1919 188 “Ui!

303 218 408 246 visibilc
431 222 481 249 est,
500 215 631 243 minorem
649 223 705 248 rem
724 222 841 249 expono,
858 219 887 242 ut
905 214 990 249 major
1004 219 1030 241 ct
1048 214 1081 240 in-

1143 214 1200 250 ρδν,
1218 215 1385 250 προστίθημι
1395 215 1426 242 τὸ
1440 215 1664 250 καταδεέστερον,
1673 215 1717 242 ἵνα
1730 213 1760 241 τδ
1773 214 1862 250 μεῖζον
1875 216 1920 242 καὶ

304 263 417 291 visibilis
430 263 567 290 credatur.

336 309 420 336 Vens.
435 309 462 336 9.
480 307 640 335 lns‘diantes
657 307 764 339 evitans
781 314 835 334 non
851 310 973 333 moratur
990 305 1086 333 iisdem

302 354 380 388 locis,
398 354 443 381 sed
461 353 617 388 frequenter
638 345 784 386 immutat,
810 352 902 380 odium
924 357 953 380 ut
979 351 1086 379 facilius

320 401 431 427 lacelur.

301 409 482 472 “2:32.”.
500 442 644 470 Mattha‘us
662 442 825 478 publicanus
836 462 844 476 ,
864 441 910 477 qui
925 446 952 469 et
968 448 1085 477 evange-

300 491 372 523 .ista,
389 490 515 523 ingressu
529 488 630 516 Citriin
643 488 808 520 honoratus,
819 494 915 514 omnes
924 486 1085 522 publicanos

299 534 469 563 convocavit.

333 579 419 608 'Vstts.
436 579 480 606 l5.
494 578 563 606 'ldm
578 577 674 605 dicunt
694 576 825 604 Pharisai
841 577 983 611 discipulis
1000 584 1007 604 :
1024 576 1085 603 Ma-

300 625 380 659 gister
392 627 475 651 vester
491 624 591 649 anticus
604 621 806 656 publicanorum
818 625 843 649 et
856 627 1021 657 peccatorum
1035 625 1084 654 est,

298 671 420 699 volentes
431 674 553 697 avertere
566 669 626 696 illos
637 669 672 696 ab
685 675 727 696 eo.

335 761 418 789 Vens.
437 760 480 788 Η.
503 760 593 794 Quare
612 759 728 788 Joannis
750 759 901 794 discipulos
923 759 1085 794 objicieules

300 808 371 843 quod
385 807 445 842 ejus
465 806 591 841 discipuli
610 813 664 832 non
682 803 858 840 jejunarent,
878 812 933 832 non
950 805 1086 839 vituperat

301 857 331 880 ut
343 861 411 880 vane
426 852 571 888 gloriosos,
589 851 635 878 sed
647 850 740 885 sponsi
750 850 904 885 exemplum
920 850 976 878 illis
990 850 1084 878 alien?

1140 259 1242 294 ἀφανὲς
1255 260 1399 296 πιστευθῇ.

1181 304 1328 332 Ἔκκλινων
1343 306 1407 337 τοὺς
1422 304 1657 337 ἐπιϐουλεύοντας,
1669 304 1719 331 οὐκ
1731 304 1852 338 ἐπιμένει
1867 304 1920 336 τοῖς

1140 351 1244 383 τόποις,
1261 351 1329 378 ἀλλὰ
1346 351 1432 386 συχνὰ
1450 350 1655 387 μετανίσταται,
1671 349 1759 381 διδοὺς
1773 348 1921 385 ὑποχωρεῖν

1140 397 1186 424 τὸν
1199 397 1308 431 φθόνον.

1182 441 1212 467 '0
1227 441 1366 473 Ματθαῖος
1378 440 1498 477 τελώνης
1510 460 1518 473 ,
1531 440 1562 472 ὃς
1584 439 1632 467 καὶ
1646 438 1843 473 εὖαγγελιστὴς
1858 438 1922 465 καλ-

1138 486 1325 522 λωπιζόμενος
1334 488 1366 523 τῇ
1378 487 1473 522 εἰσόδῳ
1481 485 1610 523 Χριστοῦ,
1621 485 1725 517 πάντας
1732 485 1795 516 τοὺς
1806 483 1922 516 τελώνας

1140 533 1329 560 συνεκάλεσεν.

1174 579 1223 606 Διὰ
1244 578 1324 606 τοῦτο
1346 578 1472 613 λέγουσιν
1492 578 1518 606 οἰ
1540 579 1681 614 Φαρισαῖοι
1698 578 1757 610 τοῖς
1774 577 1925 613 μαθηταῖς,

1138 624 1179 650 ὅτι
1193 623 1219 650 '0
1230 622 1415 657 διδάσκαλος
1428 624 1513 659 ὑμῶν
1523 624 1614 658 φίλος
1623 623 1760 651 τελωνῶν
1770 624 1819 651 καί
1832 624 1923 659 τιμαρ-

1137 669 1240 696 τωλῶν
1249 670 1324 703 ἐστι,
1338 669 1495 706 βουλόμενοι
1509 670 1688 705 ἀποχωρῆσαι
1703 669 1802 702 αὐτοὺς
1813 669 1861 696 ἀπ’
1876 669 1924 696 αὖ·

1138 722 1195 741 του.

1174 758 1254 791 Τίνος
1265 758 1359 786 ἕνεκεν
1372 760 1436 790 τοὺς
1457 759 1580 788 Ἰωάννου
1597 758 1722 795 μαθητὰς
1741 759 1923 794 ἓγκαλοῦντας

1137 805 1178 831 ὅτι
1196 804 1316 840 μαθηταὶ
1332 804 1414 832 αὑτοῦ
1430 805 1461 831 οὐ
1476 805 1669 841 νηστεύουσιν,
1689 805 1739 832 οὐκ
1758 806 1873 841 ἐπιτιμᾷ
1886 804 1924 836 ὡς

1138 848 1303 882 κενοδόξους,
1317 849 1384 875 ἀλλὰ
1398 849 1516 884 νυμφίου
1530 851 1682 885 μέμνηται;
1695 850 1753 877 Οὐκ
1766 850 1881 885 ἐπιτιμᾷ
1891 848 1924 876 δι’

299 898 358 926 Νοη
373 899 510 934 vitttperat
531 905 579 933 per
598 896 856 930 mansuetudinem;
873 903 1004 931 sponsum
1021 904 1081 924 vero

1136 894 1307 920 ὲπιείκειαν’
1334 893 1452 929 νυμφίου
1479 893 1508 921 δὲ
1539 895 1676 930 μέμνηται
1707 895 1924 930 ἀναμιμνήσκων

299 943 436 980 proportit,
448 943 502 970 illis
513 942 539 969 in
553 941 711 969 memoriam
723 948 856 969 revocans
864 941 979 969 Joannis
992 942 1084 976 verba,

299 997 362 1017 cum
389 988 458 1016 dixit
481 995 488 1013 :
507 987 559 1020 Qui
577 994 700 1021 sponsam
714 986 791 1013 habet
808 993 920 1020 sponsus
939 991 990 1013 est.
1006 987 1085 1019 Quod

299 1040 388 1063 autem
404 1033 469 1061 dicit
486 1033 539 1060 tale
555 1038 598 1060 est
614 1041 621 1060 :
644 1031 764 1066 Tempus
782 1039 870 1058 meum
886 1036 914 1059 et
933 1040 999 1059 meae
1024 1033 1085 1060 vita:

298 1082 417 1116 tempus,
442 1079 543 1107 laetitia:
558 1083 600 1106 est
626 1079 680 1106 illis
704 1078 834 1111 occasio;
861 1078 969 1105 venient
993 1083 1083 1106 autem

298 1127 357 1155 dies
375 1125 485 1161 quando
501 1125 534 1152 ab
551 1124 604 1152 illis
620 1123 761 1151 auferetur
778 1131 906 1158 sponsus.

333 1170 418 1198 Vnus.
444 1170 487 1198 16.
513 1169 585 1203 Quid
608 1174 650 1197 est
666 1169 738 1203 quod
760 1169 837 1203 dicit,
861 1169 945 1196 Nemo
966 1171 1083 1197 immittit

299 1217 498 1243 camuriuuram
521 1215 602 1250 panni
629 1214 703 1241 rudis
731 1213 759 1240 in
781 1214 963 1240 vestimentum
988 1216 1083 1242 vetns?

298 1261 425 1289 Ostendit
438 1269 491 1288 non
510 1260 598 1288 factos
617 1267 676 1287 esse
694 1258 798 1286 validos
812 1259 901 1287 adhuc
915 1260 1081 1295 discipulos;

298 1313 327 1336 et
343 1308 381 1335 ita
406 1307 434 1334 in
459 1307 605 1342 praesentia
627 1305 715 1333 obviis
738 1312 792 1332 non
818 1309 924 1340 oportet
942 1305 1083 1341 imponere

294 1356 431 1388 ‘przecepta
450 1358 580 1379 onerosa.

332 1397 417 1425 Vsns.
435 1397 477 1424 l7.
493 1396 574 1425 Utres
591 1400 618 1424 et
634 1397 727 1424 vinum
744 1397 883 1434 proponit,
903 1396 1033 1431 quoniam
1049 1396 1083 1424 de

298 1442 360 1478 gula
384 1449 474 1470 sermo
492 1446 570 1476 erat;
585 1441 645 1469 ideo
660 1442 694 1469 ab
719 1442 814 1470 iisdem
833 1442 917 1470 sumit
937 1441 1061 1477 exempla
1074 1461 1082 1474 ,

297 1492 324 1515 ct
336 1487 409 1522 quod
422 1487 488 1514 nihil
499 1492 639 1515 austerum
652 1488 798 1522 prmcipere
809 1490 931 1522 oporteat
941 1494 991 1515 nec
1002 1493 1083 1522 grave

297 1534 340 1562 his
356 1534 401 1570 qui
417 1533 558 1569 incipiunt.

1135 939 1233 970 αὐτοὺς
1247 939 1302 965 τῶν
1323 939 1446 968 Ἰωάννου
1465 940 1615 975 ῥημάτων,
1638 940 1671 966 δι’
1695 937 1733 967 ὧν
1753 940 1846 974 ἔλεγεν
1858 947 1866 956 ⁸
1893 939 1931 967 '0'

1134 984 1213 1019 ἔχων
1224 985 1281 1019 τὴν
1293 985 1416 1019 νύμφην
1429 986 1560 1020 νυμφίος
1573 986 1669 1013 ἐστιν’
1684 986 1698 1012 ὃ
1717 986 1745 1012 δὲ
1759 985 1834 1020 λέγει
1847 1005 1855 1018 ,
1869 993 1924 1012 τοι·

1134 1030 1213 1057 οὖτόν
1233 1031 1317 1057 ἐστιν’
1333 1030 1367 1070 γό
1381 1032 1477 1066 καιρδς
1491 1032 1505 1058 ό
1528 1031 1594 1066 ὲμδς
1607 1032 1655 1058 καὶ
1668 1032 1721 1067 τῆς
1739 1031 1808 1066 ἐμῆς
1823 1031 1923 1065 διαγω-

1133 1076 1195 1111 γῆς,
1213 1077 1302 1111 χαρᾶς
1326 1076 1401 1102 ἐστιν
1420 1077 1511 1108 αὐτοῖς
1537 1077 1688 1110 ὑπόθεσις·
1713 1077 1871 1104 ἐλεύσονται
1893 1076 1923 1104 δὲ

1133 1122 1235 1157 ἡμέραι
1257 1123 1320 1149 ὅταν
1335 1121 1383 1148 ἀπ’
1401 1123 1490 1149 αὐτῶν
1503 1123 1574 1159 ἀρθῇ
1592 1125 1605 1150 ὁ
1622 1124 1750 1159 νυμφίος.

1169 1169 1203 1195 Tt
1217 1169 1293 1195 ἐστιν
1304 1168 1318 1195 ὃ
1333 1169 1419 1204 λέγει,
1432 1169 1472 1196 ὅτι
1486 1169 1592 1202 οὐδεὶς
1607 1169 1762 1196 ἐπιϐάλλει
1773 1169 1922 1203 ἐπίϐλημα

1129 1213 1241 1248 ῥάκους
1260 1214 1397 1249 ἀγνάφου
1415 1214 1465 1242 ἐπὶ
1485 1214 1589 1249 Ιματιῳ
1612 1213 1746 1247 adiuuit;
1763 1215 1859 1249 Δηλῶν
1882 1215 1922 1241 rm

1133 1259 1210 1287 οὔπω
1234 1260 1378 1294 γεγόνασιν
1398 1260 1505 1296 ἰσχυροὶ
1526 1261 1551 1286 οἰ
1570 1260 1700 1296 μαθηταί·
1718 1260 1789 1287 οὕτω
1808 1259 1837 1287 δὲ
1860 1260 1922 1296 ἄρτι

1133 1305 1322 1341 διακειμένους
1334 1326 1341 1339 ,
1359 1306 1389 1333 οὐ
1407 1305 1461 1342 χρὴ
1496 1305 1650 1333 ἐπιτιθέναι
1675 1307 1852 1341 ἐπιτάγματα
1874 1306 1921 1342 βαι

1135 1359 1243 1386 ρουντα.

1173 1395 1277 1422 ’Δσκῶν
1292 1396 1428 1432 μέμνηται
1444 1397 1492 1424 καὶ
1505 1396 1578 1424 οἴνου
1591 1415 1599 1429 ,
1617 1396 1712 1432 ἐπειδὴ
1724 1396 1788 1431 περὶ
1804 1405 1919 1431 γαστρι-

1134 1442 1254 1477 μαργίας
1269 1440 1303 1478 ἦν
1315 1443 1329 1469 ό
1343 1443 1432 1477 λόγος·
1449 1443 1494 1470 διὰ
1508 1443 1586 1469 τοῦτο
1601 1442 1656 1469 ἀπὸ
1673 1442 1727 1469 τῶν
1740 1442 1834 1469 αὐτῶν
1850 1442 1920 1477 λαμ-

1132 1486 1208 1514 ϐάνει
1226 1488 1260 1514 τὰ
1275 1487 1463 1523 ὑποδείγματα
1477 1494 1485 1503 ”
1502 1488 1549 1514 καὶ
1565 1488 1606 1514 ὃτι
1625 1486 1704 1514 οὐδὲν
1714 1486 1852 1523 αὐστηρὸν
1864 1488 1920 1515 ἔπιε

1132 1533 1238 1559 τάττειν
1248 1533 1300 1569 χρὴ
1315 1533 1364 1560 καὶ
1377 1533 1460 1569 βάρος
1475 1533 1537 1569 ἔχον
1551 1533 1611 1566 τοῖς
1627 1532 1801 1570 ἀρχομένοις.

335 1564 416 1608 νιξιιε.
436 1564 481 1607 2οί
512 1580 568 1607 Cur
592 1587 645 1607 non
661 1579 748 1615 palam
766 1578 978 1607 haemorrhoissa
989 1578 1081 1606 venit!

1171 1578 1220 1605 Διά
1358 1564 1525 1615 φανερώςηῆ
1543 1564 1729 1616 αῑμόρῥὸὸξᾶα
1744 1564 1850 1614 ἧλθενς
1877 1578 1920 1611 ’σς

292 1627 375 1662 'Quod
397 1627 533 1662 impuram
553 1633 613 1653 esse
630 1634 659 1653 se
682 1625 794 1661 putabat
815 1625 850 1653 ob
868 1625 988 1660 ﬂuxum;
1002 1629 1084 1661 atque

297 1672 378 1699 etiam
388 1670 459 1706 quod
467 1670 672 1698 convenientem
680 1678 733 1698 non
745 1670 862 1698 habebat
872 1670 905 1697 de
915 1670 960 1697 illo
974 1670 1082 1705 opinio-

298 1724 371 1748 nem,
388 1723 450 1742 natn
468 1715 551 1742 latere
567 1723 620 1742 non
642 1719 773 1750 putasset.
785 1715 832 1743 ille
850 1720 940 1743 autem
955 1722 1010 1742 non
1023 1722 1084 1750 pcr-

294 1761 373 1788 misit
386 1768 445 1787 eam
458 1760 552 1790 latere.
564 1764 592 1787 ut
607 1760 724 1794 primum
735 1759 863 1787 timorem
875 1759 934 1793 ejus
949 1760 1081 1793 solveret;

294 1805 417 1834 secundo
434 1810 464 1832 ut
474 1805 625 1839 corrigeret
640 1812 711 1839 eam,
727 1805 856 1840 quoniam
874 1805 958 1833 latere
969 1809 1082 1840 putave-

291 1855 357 1884 ~rat;
371 1850 450 1878 tertio
466 1854 496 1876 ut
510 1849 588 1877 ﬁdem
607 1849 667 1884 ejus
687 1850 825 1885 publicam
845 1849 963 1883 faceret;
983 1854 1082 1885 quarto

296 1901 398 1929 autem,
411 1901 441 1923 ut
451 1895 696 1931 archisynagogum
711 1896 866 1923 credentem
881 1896 998 1923 etlicerct
1008 1896 1081 1923 circa

295 1941 524 1970 resurrectionem
537 1941 614 1974 tiliae;
633 1948 696 1968 nam
714 1944 778 1969 tunc
791 1941 866 1968 illum
880 1941 932 1969 iste
948 1942 1080 1977 implora-

297 1988 354 2014 bat.

330 2034 411 2061 Vens.
431 2033 476 2061 23.
498 2031 537 2061 Ne
561 2033 648 2061 latens
671 2032 886 2068 angustiaretur,
905 2037 932 2061 et
947 2037 976 2060 ut
1000 2032 1080 2061 ﬁdem

294 2079 432 2115 publicam
445 2079 564 2113 faceret;
581 2083 609 2106 et
622 2078 748 2106 morbum
763 2078 945 2113 comprimere
958 2085 1011 2106 non
1027 2078 1080 2105 mi-

294 2129 347 2149 nus
363 2126 499 2157 estquam
516 2122 685 2157 perspicere.

329 2166 412 2195 Vens.
428 2167 474 2195 25.
495 2167 532 2194 De
550 2167 708 2195 tibicinibus
723 2167 751 2196 in
766 2168 848 2195 domo
870 2168 1077 2203 archisynagogi

1135 1622 1289 1660 ἀκάθαρτος
1306 1623 1376 1652 εἶναι
1389 1624 1538 1660 νομίζουσα
1548 1624 1592 1652 διὰ
1604 1625 1653 1660 τὴν
1667 1623 1761 1660 ῥύσιν·
1774 1624 1816 1651 ἔτι
1829 1623 1860 1651 δὲ
1874 1623 1920 1651 καὶ

1134 1669 1183 1704 τὴν
1201 1670 1392 1706 προσήκουσαν
1409 1671 1474 1705 περὶ
1489 1669 1573 1698 αὑτοῦ
1589 1670 1627 1706 μὴ
1639 1670 1738 1706 ἔχουσα
1752 1670 1844 1703 δόξαν,
1860 1669 1919 1697 ἐπεὶ

1133 1715 1183 1741 οὐκ
1198 1715 1230 1741 ἂν
1249 1715 1357 1750 ἐνόμισε
1372 1714 1515 1742 λανθάνειν
1527 1723 1534 1731 ·
1552 1715 1603 1742 οὑκ
1616 1715 1706 1750 ἀφῆκε
1720 1715 1748 1741 δὲ
1770 1714 1857 1749 αὐτὴν
1872 1714 1919 1741 λα-

1132 1759 1199 1792 θεῖν,
1214 1760 1258 1787 ἵνα
1269 1761 1378 1796 πρῶτον
1388 1760 1437 1796 μὲν
1447 1760 1515 1797 λύσῃ
1530 1761 1614 1796 αὐτῆς
1629 1761 1674 1788 τὸν
1690 1760 1782 1794 φόὁονο
1791 1760 1918 1796 δεύτερον

1133 1805 1178 1832 ἵνα
1191 1805 1371 1841 διορθώσηται
1384 1806 1498 1842 ταύτην,
1515 1806 1611 1842 ἐπειδὴ
1629 1806 1739 1841 ἐνόμισε
1755 1805 1899 1833 λανθάνειν
1909 1813 1917 1822 ·

1132 1850 1224 1885 τρίτον
1245 1851 1288 1878 ῐνα
1304 1853 1354 1887 τὴν
1373 1852 1467 1879 πίστιν
1485 1852 1570 1888 αὐτῆς
1588 1851 1772 1888 δημοσιεύσῃ·
1788 1852 1918 1887 τέταρτον

1132 1895 1160 1922 δὲ
1178 1895 1222 1922 ἴνα
1236 1896 1284 1923 καὶ
1303 1896 1350 1923 τὸν
1372 1896 1599 1932 ἀρχισυνάγωγον
1624 1896 1721 1923 πιστὸν
1739 1896 1842 1932 ποιήσῃ
1856 1895 1918 1931 περὶ

1131 1943 1181 1979 τὴν
1194 1943 1340 1970 ἀνάστασιν
1353 1943 1400 1970 τοῦ
1411 1944 1516 1975 παιδός·
1529 1944 1589 1971 τότε
1601 1943 1656 1980 γὰρ
1665 1943 1748 1970 αὐτὸν
1760 1944 1864 1979 ἐζήτει.

1119 2025 1123 2035 ³
1167 2033 1225 2060 Ἵνα
1239 2033 1277 2069 μὴ
1293 2033 1399 2069 ἀγωνιᾷ
1423 2033 1589 2068 κεκλοφυῖα,
1606 2032 1653 2060 καὶ
1673 2033 1718 2059 ἴνα
1738 2032 1917 2068 δημιοσιεύσῃ

1129 2078 1178 2112 τὴν
1196 2078 1287 2105 πίστιν
1298 2086 1306 2094 ·
1325 2080 1372 2105 καὶ
1387 2078 1418 2105 τὺ
1437 2078 1535 2113 στῆσαι
1549 2078 1578 2104 δὲ
1599 2078 1649 2114 τὴν
1663 2078 1752 2111 νόσον,
1765 2077 1816 2104 οὐκ
1832 2078 1912 2105 ἔλατ-

1129 2132 1176 2150 τον
1189 2124 1235 2151 τοῦ
1248 2124 1344 2160 νοῆσαι
1355 2125 1441 2151 ἐστιν.
1473 2150 1477 2155 ,

1171 2169 1309 2205 Ἐμνήσθη
1325 2169 1381 2196 τῶν
1396 2169 1523 2204 αὐλητῶν
1535 2169 1564 2196 ἐν
1577 2168 1617 2204 τῷ
1630 2168 1858 2205 ἀρχισυναγώγῳ,
1872 2169 1915 2195 ἵνα

293 2217 470 2245 memoratur,
487 2217 516 2239 ιιι
531 2213 558 2239 in
575 2213 626 2240 ltoc
639 2220 748 2248 quoque
762 2213 850 2249 palam
862 2213 1023 2241 ostendatur
1035 2221 1078 2240 ar-

1132 2215 1179 2242 καὶ
1199 2216 1229 2242 ἐν
1249 2215 1339 2251 τούτῳ
1355 2215 1523 2251 δημοσιεύσῃ
1541 2215 1591 2251 τὴν
1608 2215 1662 2242 τῶν
1682 2214 1914 2250 ἀρχισυναγώγων

292 2258 540 2293 cltisynagogorum
557 2258 673 2285 insania.

329 2302 523 2330 Latnentantes
538 2307 565 2329 et
581 2302 706 2329 tibicines
722 2309 738 2329 ο
756 2305 838 2330 domo
852 2303 966 2338 expulit.
985 2307 1014 2330 ut
1034 2304 1078 2331 in-

292 2348 388 2382 dignos
408 2347 455 2383 qui
483 2347 607 2375 miraculi
628 2352 712 2375 testes
739 2351 841 2376 essent.
877 2347 905 2376 lu
938 2349 1019 2377 domo
1033 2357 1078 2376 ar-

292 2393 468 2429 chisynagogi
482 2393 556 2420 foras
568 2400 665 2421 omnes
681 2393 783 2427 emisit,
800 2399 826 2422 et
841 2395 989 2430 discipulos
1004 2395 1076 2423 solos

292 2437 402 2464 admisit
427 2438 461 2464 ad
488 2437 643 2472 prodigium
660 2437 827 2472 videndum;
853 2439 955 2467 docens
974 2447 1024 2467 nos
1047 2444 1078 2467 ut

292 2483 405 2519 gloriam
421 2490 482 2519 quae
498 2491 514 2511 a
528 2483 621 2512 multis
642 2484 717 2512 venit
729 2484 848 2512 vitemus
859 2504 868 2517 ,
883 2489 911 2512 et
926 2485 1076 2520 discipulos

291 2530 383 2557 animo
403 2529 538 2557 ﬁrmiores
557 2529 671 2557 faciens.

328 2575 410 2603 \‘ens.
427 2575 473 2602 24.
492 2574 555 2603 Non
577 2579 682 2602 mortua
709 2579 748 2603 est
767 2576 873 2611 puella,
897 2576 943 2603 sed
965 2576 1073 2603 dormit.

289 2621 443 2650 Ostendunt
462 2622 521 2650 haec
535 2621 618 2650 verba
642 2625 757 2650 mortem
773 2629 827 2650 non
846 2629 908 2650 esse
926 2629 999 2650 nunc
1016 2630 1074 2650 me-

289 2668 429 2695 tuendam.

324 2714 477 2750 ldcojubet
499 2718 529 2741 ut
543 2713 582 2741 illi
605 2713 684 2741 detur
699 2713 882 2747 manducare,
899 2721 932 2742 ne
949 2713 1074 2741 videatur

288 2760 460 2795 phantasiam
472 2768 532 2788 esse
542 2759 615 2796 quod
632 2759 734 2788 factum
747 2764 798 2787 est.
811 2759 940 2794 (Pertinet
956 2759 988 2787 ad
1000 2758 1072 2786 Mar-

288 2813 361 2840 cum,
376 2814 401 2841 ν,
413 2806 470 2843 45.)

323 2848 406 2880 Vens.
426 2852 471 2881 21.
499 2851 593 2882 Cmcos
617 2852 731 2881 attrahit
747 2851 916 2886 clamantes,
942 2856 996 2880 n'on
1022 2860 1071 2888 per

1130 2261 1234 2288 ἄνοιαν.

1163 2307 1232 2338 Τοὺς
1256 2305 1423 2343 θρηνοῦντας
1452 2307 1499 2333 καὶ
1522 2306 1672 2338 αὐλοῦντας
1694 2306 1747 2339 ἔξω
1760 2306 1812 2341 τῆς
1824 2306 1914 2337 οἰκίας

1128 2350 1269 2384 ἐξέϐαλεν,
1286 2352 1324 2384 dt;
1341 2352 1467 2385 ἀναξίους
1484 2352 1582 2383 αὐτοὺς
1596 2352 1643 2378 τοῦ
1659 2351 1798 2387 θαύματος
1813 2352 1913 2387 κρίνων

1127 2395 1207 2424 εἶναι.
1228 2397 1290 2424 Ἐπὶ
1305 2397 1352 2424 τοῦ
1363 2397 1591 2433 ἀρχισυναγώγου
1606 2397 1696 2425 πάντα
1709 2397 1836 2430 ἐξέϐαλεν
1848 2398 1910 2429 ἔξω,

1126 2441 1190 2473 τοὺς
1202 2442 1230 2468 δὲ
1249 2442 1374 2477 μαθητὰς
1387 2442 1484 2477 μόνους
1500 2442 1658 2477 εἰσήνεγκεν
1674 2443 1741 2478 όρᾷν
1754 2442 1785 2468 τὺ
1802 2442 1910 2477 θαῦμα·

1126 2487 1258 2515 διδάσκων
1279 2488 1352 2522 ἡμᾶς
1367 2487 1417 2523 τὴν
1433 2488 1508 2523 παρὰ
1523 2487 1578 2514 τῶν
1593 2487 1699 2514 πολλῶν
1719 2487 1910 2522 διακρούεσθαι

1125 2532 1214 2566 δόξαν,
1230 2533 1294 2564 τοὺς
1311 2533 1434 2568 μαθητὰς
1449 2533 1478 2559 δὲ
1493 2532 1713 2568 προθυμοτέρους
1727 2532 1823 2559 ποιῶν.

1163 2578 1211 2611 Τδ,
1231 2579 1272 2605 Οὐ
1290 2578 1446 2612 τέθνηκεν,
1464 2578 1545 2606 ἀλλὰ
1562 2577 1699 2605 καθεύδει
1709 2598 1717 2610 ,
1732 2577 1821 2611 λέγειν
1832 2597 1839 2610 ,
1855 2576 1911 2604 6st-

1124 2623 1201 2651 κνύει
1216 2623 1257 2651 ὅτι
1274 2623 1305 2650 οὺ
1319 2623 1435 2660 φοϐερὸς
1453 2624 1468 2650 ό
1483 2623 1597 2655 θάνατος
1614 2624 1668 2651 ἀπὸ
1683 2623 1731 2650 τοῦ
1745 2623 1804 2652 νῦν.

1162 2716 1212 2743 Διὰ
1225 2716 1305 2743 τοῦτο
1326 2715 1433 2742 κελεύει
1452 2715 1521 2751 αὐτῇ
1536 2715 1646 2751 δοθῆναι
1668 2715 1784 2750 φαγεῖν,
1806 2715 1850 2742 ἵνα
1871 2713 1910 2750 μὴ

1124 2761 1189 2798 δόξῃ
1207 2763 1341 2797 φαντασία
1361 2760 1430 2789 εἷναι
1446 2763 1478 2789 τὸ
1492 2763 1686 2798 γεγενημένον.

1160 2854 1231 2886 Τοὺς
1244 2853 1362 2888 τυφλοὺς
1379 2852 1512 2889 παρέλκει
1527 2853 1691 2888 κράζοντας,
1707 2854 1738 2880 οὒ
1751 2850 1908 2884 κενοδοξᾶγι,
