2075 3157
189 158 255 191 1101

683 158 844 190 SCHOLIA
864 157 1012 191 VETERA
1033 157 1072 189 IN
1090 156 1325 189 MA'l‘TH/EUM.

1737 159 1806 193 1102

186 214 244 241 ἀλλ’
256 214 300 242 ἵνα
310 213 386 251 δείξῃ
396 214 426 242 τὸ
440 214 535 242 πιστὸν
546 215 647 243 αὐτῶν.
660 215 818 251 Κατηγορία
837 216 972 242 Ἰουδαίων

1035 222 1126 242 ranam
1139 214 1264 250 gloriam,
1282 216 1328 242 sed
1344 214 1376 241 ad
1393 213 1586 242 ostendendam
1602 223 1697 243 eorum
1713 217 1805 246 ﬁdem.

188 261 236 286 καὶ
252 259 331 286 τοῦτο
351 258 396 296 ἦν,
413 260 445 287 τὸ
467 260 497 294 ἐξ
513 261 599 296 άκοῆς
618 262 703 296 μόνης
718 261 810 295 ζητεῖν
827 261 877 296 τὴν
901 261 973 288 ἴασιν

187 307 243 336 τοῖς
259 306 370 341 τυφλοῖς
381 315 388 321 ·
406 307 507 341 ἢκουον
522 307 577 342 γάρ
600 307 665 342 περὶ
679 307 726 334 τοῦ
746 307 863 342 Χριστοῦ
884 306 970 334 οὕτω·

188 351 287 378 ἐκεῖνοι
302 351 329 378 δὲ
346 352 394 379 καὶ
407 352 521 379 ἔϐλεπον
537 352 585 380 καὶ
599 353 650 380 οὐκ
664 353 819 380 ἐπίστευον.

223 441 286 468 Υίὸν
302 441 385 469 Δαὸὶδ
399 443 423 469 οἱ
437 442 534 477 τυφλοὶ
549 442 673 476 ἐκάλουν,
685 443 753 472 διότι
766 444 849 481 τιμῆς
861 442 932 473 εἶναι
944 446 975 473 τὸ

187 485 274 521 ὄνομα
291 487 390 514 ἐδόκει.

225 532 360 566 Δευτέραν
376 532 510 568 ἐρώτησιν
527 534 661 569 προσάγει
675 535 744 570 πρὸς
759 535 871 568 αὐτοὺς,
884 536 915 563 οὐ
929 536 974 564 δσ-

190 577 325 612 ξομανῶν,
353 578 420 606 ἀλλὰ
446 580 606 612 σπουδάζων
631 581 800 608 ίκετεύεσθαι
826 582 973 614 πολλάκις·

191 622 235 649 ἵνα
249 623 286 658 μὴ
303 623 402 660 νομίσῃ
417 633 457 655 τις
474 625 569 652 τοῦτον
583 625 621 658 ὥς
636 626 778 661 φιλότιμον
796 627 861 655 ὅντα
873 629 975 664 ἐπιπη-

189 667 238 703 δᾷν
254 670 310 700 τοῖς
325 668 471 704 θαύμασιν.

228 715 293 741 Ὀτε
308 715 338 741 τὸ
355 715 447 750 μεῖζον
462 715 544 744 αὐτδν
555 717 687 744 ἐκάλεσαν
700 717 785 753 δνομα
795 718 907 753 ᾐτοῦντο
918 719 975 746 Κύ-

192 768 261 795 ριον,
275 760 335 787 τότε
357 762 428 788 ἰᾶται
444 762 554 796 αὐτοὺς,
583 763 762 799 ἐφελκόμενος
779 763 818 796 είς
835 763 914 791 τοῦτο
932 773 977 792 πι-

192 805 298 832 στεύειν
313 806 374 837 τοϋς
392 806 550 839 ἀκούοντας.

228 851 416 886 Παραγγέλλει
443 853 539 889 μηδενὶ
564 854 653 881 εἰπεῖν
678 854 722 882 διὰ
744 854 775 881 τὸ
801 854 904 890 ἄτυφον
930 857 976 883 καὶ

191 896 358 930 ἀκενόδοξον.

234 943 266 969 'ﬂ
289 943 433 978 κώφευσις,
446 944 497 972 οὒκ
517 942 552 980 ἦν
566 946 669 982 φυσικὴ
688 946 827 981 ἀσθένεια,
852 947 920 976 ἀλλὰ
945 949 977 975 ἐκ

191 987 319 1023 δαίμονος
334 989 493 1025 ἐπιϐουλῆς.

488 1053 613 1082 ΚΕΦΔΔ.
652 1055 680 1081 1’.

227 1116 277 1143 Διὰ
293 1116 319 1143 τί
333 1116 442 1152 Σίμωνα
459 1117 533 1153 λέγει
555 1118 601 1146 τὸν
625 1119 771 1154 λεγόμενον
795 1120 915 1156 Πέτρον;
931 1124 979 1148 καί

191 1161 237 1190 διὰ
257 1163 284 1190 τί
313 1163 441 1191 Ἰάκωϐον
464 1165 511 1191 τδν
538 1165 669 1200 Ἆλφέου;
685 1166 749 1193 Ὀτι
769 1164 804 1202 ἦν
828 1168 875 1195 καὶ
898 1168 980 1200 ἄλλος

193 1209 285 1244 Σίμων
303 1209 350 1236 καὶ
360 1210 439 1242 ἄλλος
460 1210 599 1243 Ἰάκωϐος.

231 1255 290 1282 Ἵνα
307 1255 344 1290 μὴ
364 1256 522 1291 ὲπαρθῶσιν
545 1256 598 1284 ὗπδ
613 1258 669 1285 τῶν
688 1258 840 1294 γινομένων
863 1260 909 1287 ὑπ’
930 1260 980 1287 αὒ-

193 1300 249 1328 τῶν
263 1301 411 1336 θαυμάτων
420 1321 428 1334 ,
443 1299 520 1329 εἶπεν
533 1310 540 1319 ·
563 1303 678 1338 Δωρεὰν
700 1303 823 1331 ἐλάϐετε
835 1323 843 1337 ,
868 1304 982 1340 δωρεὰν

194 1347 274 1376 δότε.

233 1392 267 1420 Τί
279 1393 333 1429 γὰρ
345 1394 362 1429 ἡ
378 1394 475 1430 ῥάϐδος
488 1394 590 1422 κωλύει
602 1395 671 1432 πρὸς
685 1396 716 1423 τδ
728 1397 859 1433 κήρυγμα
870 1405 877 1430 ;
888 1397 905 1433 ἢ
917 1398 984 1426 ποία

197 1439 318 1475 ἁμαρτία
332 1437 365 1476 ἦν
379 1440 396 1476 ἡ
409 1439 459 1475 τῆς
475 1440 573 1476 ῥάϐδου
588 1441 740 1478 κράτησιςς
761 1443 842 1470 ’Λλλά
854 1443 884 1470 τδ
895 1444 983 1479 τραχὺ

197 1487 248 1521 τῆς
272 1485 398 1517 παιδείας
420 1487 454 1521 τῇ
479 1486 571 1522 ράὃδῳ
596 1487 791 1523 παρεικάζων.
814 1489 984 1524 ἀπαγορεύει

197 1532 266 1563 τέως
285 1530 324 1566 τῷ
348 1530 458 1567 σκληρῷ
478 1532 527 1566 τῆς
551 1532 676 1564 παιδείας
703 1532 741 1568 μὴ
763 1534 882 1568 χρᾶσθαι
908 1535 1018 1583 scapha

196 1577 248 1613 τὴν
261 1577 348 1614 ἀρχὴν
361 1579 411 1614 τῆς
427 1578 613 1610 διδασκαλίας”
629 1578 670 1605 ὅτι
683 1577 712 1605 at
728 1578 776 1605 ὲπὶ
791 1579 890 1614 ῥάϐδου
909 1578 982 1614 λαμ-

199 1623 308 1651 ϐάνεται
332 1623 362 1650 ἰδ
383 1623 518 1659 αὐστηρὸν
537 1623 587 1658 τῆς
610 1623 753 1657 παιδείας,
780 1625 984 1660 μαρτυρησάτω

199 1676 245 1704 μοι
260 1668 377 1701 Παῦλος·
393 1669 513 1699 ἀκούσας
531 1669 586 1704 γὰρ
604 1669 634 1695 ὲν
655 1669 780 1705 Κορίνθῳ
802 1670 878 1701 τινὰς
893 1670 984 1706 ἀμαρ-

197 1715 352 1750 τήσαντας,
376 1714 478 1750 γράφει
501 1714 607 1750 λέγων·
635 1716 666 1742 Τί
687 1715 807 1748 ﬂexere;
829 1716 865 1749 ὲν
884 1716 985 1750 ,ῥάϐδῳ

199 1761 278 1789 ἔλθω
290 1762 366 1796 πρὸς
378 1761 467 1797 ὑμᾶς,
487 1761 507 1796 ἢ
520 1761 556 1789 ἐν
568 1761 672 1797 dli-dam
687 1761 836 1796 πνεύματί
849 1770 882 1789 τε
894 1762 986 1797 πραό-

199 1815 306 1841 τητοςς
319 1807 370 1835 Διὰ
380 1808 460 1835 τοῦτο
473 1808 522 1836 καὶ
536 1808 550 1835 ὸ
562 1807 664 1843 Κύριος
674 1808 738 1839 τοὺς
754 1806 853 1834 νεωστὶ
867 1807 985 1843 προσελ-

201 1850 298 1885 θόντας
323 1853 399 1890 αὐτῷ
424 1853 605 1890 ἀνθρώπους,
630 1853 661 1881 οὗ
686 1854 820 1890 πρότερον
845 1853 987 1890 νηστεύειν

200 1898 360 1934 ιπιτρὺιει,
378 1899 447 1926 ἀλλὰ
465 1898 598 1934 πρότερον
615 1899 757 1926 πιστεύειν
777 1898 826 1925 καὶ
851 1899 913 1925 τότε
935 1908 985 1934 νη-

202 1944 317 1971 στεύειν·
339 1944 400 1971 ὅθεν
416 1943 615 1978 ἐγκαλούμενος
631 1943 685 1971 ὑπὸ
701 1943 756 1970 τῶν
770 1943 926 1978 Φαρισαίων
942 1944 987 1971 διὰ

201 1989 228 2016 τί
239 1990 265 2016 οί
287 1989 410 2016 Ἰωάννου
427 1988 549 2023 μαθηταὶ
565 1988 745 2023 νηστεύουσι.
761 1988 925 2023 προσφόρως
940 1987 988 2014 καὶ

202 2033 377 2070 ἁρμοζόντως
391 2033 570 2068 ἀποκρίνεται
585 2031 672 2066 λέγων
683 2040 692 2048 ⁸
710 2031 818 2065 οὐδεὶς
831 2031 988 2059 ἐπιϐάλλει

204 2080 354 2113 ἐπίϐλημα
362 2077 476 2112 ῥάκους
491 2076 629 2112 ἀγνάφου
642 2075 691 2104 ἐπὶ
702 2076 807 2112 ίματίῳ
822 2075 950 2108 παλαιῷ·
962 2076 990 2102 ει

203 2125 238 2152 δὲ
246 2124 290 2160 μή
301 2132 343 2160 γε,
357 2124 463 2151 πλεῖον
474 2123 591 2158 σχίσμα
602 2122 723 2158 γίνεται.
731 2122 850 2158 Ἰμάτιον
862 2120 988 2154 παλαιὸν,

203 2171 250 2197 τὸν
260 2171 289 2197 ἐν
299 2171 333 2205 τῇ
345 2169 504 2204 παλαιότητι
517 2168 701 2204 παραϐάσεως
711 2168 758 2195 τοῦ
766 2167 883 2204 ἀρχαίου
902 2167 989 2202 ’Δδὰμ

1024 260 1223 288 Condemnatio
1236 259 1392 287 Iudaeorum
1408 260 1434 287 id
1449 267 1558 296 quoque
1571 266 1629 288 crat
1641 282 1648 294 ,
1661 262 1732 296 quod
1746 263 1807 291 solo

1024 306 1118 333 auditu
1142 311 1295 340 qua-rerent
1317 306 1485 333 curationem
1510 308 1586 334 επεὶ.
1608 307 1655 334 Sic
1675 309 1748 336 enim
1773 309 1808 337 de

1024 351 1135 379 Christo
1150 351 1309 385 audierant;
1328 351 1366 378 illi
1379 356 1468 379 autem
1486 351 1613 380 videbant
1629 357 1656 381 et
1671 361 1726 381 non
1748 363 1808 383 ere-

1024 397 1134 425 deliant.

1060 442 1159 470 Filium
1172 442 1257 471 David
1267 443 1332 471 cui
1343 443 1488 478 vocabant,
1499 443 1565 480 quia
1580 444 1694 474 honoris
1707 454 1807 475 nomen

1024 495 1085 515 esse
1098 488 1249 516 videbatur.

1060 532 1142 560 Vens.
1157 533 1202 560 28.
1219 532 1372 560 Secundam
1388 533 1627 570 interrogationem
1645 534 1679 563 ad
1701 537 1752 564 hos
1765 536 1808 563 di-

1026 578 1099 613 rigit,
1113 585 1166 605 nou
1177 585 1225 613 per
1233 578 1406 613 jactantiam,
1418 579 1464 607 sed
1479 579 1574 607 volens
1584 580 1685 616 sapius
1700 582 1808 615 rogari;

1026 632 1060 652 ue
1072 625 1134 660 quis
1149 629 1226 660 putet
1244 625 1320 652 illum
1332 624 1368 652 ob
1382 625 1473 654 laudis
1486 626 1662 655 ambitionem
1677 627 1810 655 miracula

1027 674 1148 706 patrare.

1063 715 1177 749 Quando
1191 716 1287 751 majori
1298 716 1376 744 illum
1387 720 1520 744 vocarunt
1530 718 1650 750 nomine,
1665 718 1810 747 Dominum

1026 762 1223 797 supplicantes.
1241 767 1306 790 tunc
1316 769 1365 790 eos
1377 767 1467 797 curat,
1476 762 1610 792 adductus
1623 763 1657 791 ad
1670 764 1696 791 id
1708 769 1738 791 ut
1751 771 1812 791 cre-

1025 808 1121 836 derent
1130 809 1283 837 audientes.

1061 853 1145 881 Vsus.
1160 854 1205 881 50.
1222 854 1348 890 Pra'cipit
1364 855 1469 883 nemini
1483 856 1576 884 dicant
1589 863 1637 892 per
1651 857 1811 886 modestiam

993 888 1014 917 Β
1028 902 1055 926 et
1067 906 1142 926 vana:
1156 899 1249 934 gloriae
1265 900 1446 928 aversionem.

1066 943 1148 972 Vens.
1164 945 1208 972 52.
1227 944 1371 973 Mutismus
1386 953 1440 973 non
1456 945 1599 975 inﬁrmitas
1613 951 1672 975 erat
1688 947 1812 983 physica.

1029 990 1076 1018 sed
1092 998 1107 1018 e
1123 991 1255 1019 dannonis
1269 991 1387 1019 artiﬁcio
1401 991 1550 1019 oriebatur.

1337 1053 1452 1082 CAPUT
1470 1054 1502 1082 Χ.

1067 1116 1149 1145 Vens.
1164 1117 1193 1145 2.
1205 1117 1261 1145 Cur
1276 1116 1416 1145 Simonem
1429 1122 1518 1150 vocat,
1533 1118 1579 1153 qui
1589 1118 1688 1146 dicitur
1699 1117 1814 1147 Purus?

1030 1167 1058 1191 et
1072 1171 1121 1190 cur
1134 1162 1264 1190 Iacobum
1282 1163 1404 1198 Alphei?
1420 1163 1488 1196 Quia
1506 1163 1575 1191 alter
1591 1167 1651 1191 erat
1670 1163 1766 1193 Simon
1786 1170 1815 1194 et

1032 1208 1101 1236 alter
1112 1207 1243 1236 Jacobus.

1068 1253 1152 1282 Vens.
1175 1254 1203 1281 8.
1226 1253 1266 1282 Ne
1289 1253 1462 1282 lueril‘aciant
1480 1261 1512 1282 ex
1537 1254 1677 1284 miraculis
1694 1255 1728 1284 ab
1749 1256 1818 1292 ipsis

1032 1302 1157 1337 patratis,
1173 1302 1261 1330 dicit:
1279 1301 1370 1331 Gratis
1391 1303 1540 1338 accepistis,
1557 1305 1641 1340 gratis
1655 1304 1727 1332 date.

1071 1394 1153 1423 Vens.
1176 1394 1220 1422 10.
1242 1394 1312 1428 Quid
1337 1395 1410 1423 enim
1433 1395 1537 1431 virgam
1563 1401 1635 1424 vetat
1659 1395 1760 1425 habere
1783 1396 1818 1424 ad

1033 1439 1268 1475 praedicationem,
1278 1445 1326 1467 aut
1333 1448 1393 1475 quae
1402 1440 1481 1475 culpa
1491 1445 1562 1468 esset
1572 1441 1654 1477 virgze
1665 1441 1821 1477 possessio?

1035 1485 1146 1513 Scilicet
1173 1493 1295 1513 severam
1323 1485 1525 1513 institutionem
1547 1487 1630 1522 virgae
1657 1486 1818 1520 conferens.

1035 1531 1161 1565 prohibet
1172 1538 1205 1558 ne
1217 1535 1326 1558 austera
1339 1531 1510 1559 institutione
1521 1535 1633 1559 utantur
1644 1532 1671 1559 in
1685 1532 1820 1568 principio

1036 1575 1248 1612 praedicationis.
1264 1575 1343 1609 Quod
1356 1581 1447 1604 autem
1463 1576 1490 1603 in
1507 1576 1582 1611 virga
1598 1577 1729 1605 severitas
1741 1577 1820 1605 insti-

1036 1621 1151 1649 tutionis
1167 1621 1364 1654 ndumbretur,
1380 1622 1458 1649 testis
1482 1621 1549 1648 mihi
1573 1621 1609 1649 sit
1625 1620 1744 1655 Paulus;
1769 1630 1820 1649 au-

1036 1667 1114 1696 diens
1139 1667 1211 1695 enim
1238 1668 1370 1703 quosdam
1393 1667 1517 1696 Corinthi
1534 1667 1707 1704 peccavisse,
1725 1667 1822 1696 scribit

1036 1711 1131 1739 dicens
1148 1720 1155 1738 :
1173 1711 1242 1744 Quid
1256 1711 1358 1740 uultis?
1369 1711 1396 1738 in
1407 1712 1480 1746 uirga
1495 1713 1597 1740 veniam
1614 1713 1648 1739 ad
1661 1721 1715 1745 vos.
1726 1717 1771 1740 aut
1794 1713 1822 1739 in

1037 1756 1167 1784 tharitate
1178 1761 1203 1784 et
1216 1757 1313 1791 spiritu
1326 1758 1536 1785 mansuetudinis
1546 1758 1559 1785 ?
1571 1758 1611 1785 0b
1623 1765 1682 1785 eam
1697 1765 1753 1784 rem
1770 1757 1822 1785 Do-

1037 1802 1130 1830 minus
1149 1802 1274 1830 homines
1288 1802 1375 1837 prima
1388 1803 1448 1830 vice
1464 1804 1497 1830 ad
1513 1802 1589 1830 illum
1611 1804 1753 1835 adeuntes,
1768 1811 1823 1830 non

1037 1849 1155 1884 primum
1164 1847 1289 1883 jejunare
1300 1848 1435 1881 hortatur,
1443 1849 1489 1877 sed
1500 1849 1588 1884 primo
1598 1849 1718 1881 credere,
1728 1849 1826 1877 deinde

1036 1894 1171 1930 jejunare.
1187 1894 1264 1922 Unde
1277 1893 1462 1930 interrogatus
1481 1902 1496 1922 a
1510 1894 1657 1922 Pharisaais
1674 1903 1724 1922 cur
1739 1894 1822 1922 Joan-

1039 1941 1083 1968 nis
1099 1940 1225 1975 discipuli
1243 1941 1382 1975 jejuncnt,
1401 1948 1549 1975 congruam
1569 1944 1597 1968 et
1619 1941 1824 1968 convenientem

1038 1985 1247 2019 responsionem
1262 1986 1309 2012 dat
1318 1985 1433 2014 dicendo
1447 1984 1550 2013 :Nemo
1568 1985 1686 2012 ίηηηὶιιίι
1700 1987 1824 2014 commis-

1039 2038 1131 2057 suram
1149 2031 1231 2064 panni
1247 2031 1322 2057 rudis
1334 2031 1362 2057 in
1379 2031 1559 2057 vestimentum
1571 2035 1642 2058 uetus
1653 2038 1663 2063 ;
1674 2031 1714 2058 sin
1727 2036 1826 2064 autem,

1039 2075 1114 2110 pejor
1130 2075 1247 2102 scissura
1258 2076 1298 2110 ﬁl.
1313 2075 1365 2104 Per
1378 2076 1568 2104 vestimentum
1583 2081 1670 2109 vetus,
1685 2076 1826 2104 hominem

1040 2121 1068 2148 in
1085 2123 1221 2148 vetustate
1235 2120 1464 2156 transgressionis
1479 2121 1582 2156 antiqui
1598 2121 1684 2149 Adam
1705 2122 1825 2156 genitum

1040 2166 1195 2202 signiﬁcat;
1214 2173 1261 2201 per
1277 2173 1377 2194 novum
1398 2170 1490 2193 autem
1506 2173 1626 2201 pannum
1637 2186 1645 2199 ,
1661 2174 1757 2194 recens
1774 2167 1826 2194 ista

202 2216 366 2252 γεννηθέντα
380 2215 524 2250 ἄνθρωπον
546 2214 622 2248 λέγει
635 2222 643 2230 ν
666 2213 760 2241 καινὸν
778 2213 808 2240 δὲ
830 2212 931 2248 ῥάκος,
957 2211 986 2239 τὺ

1038 2213 1138 2249 jejunii
1152 2213 1320 2248 praedicatio.
1336 2212 1365 2239 Si
1385 2212 1459 2248 enim
1482 2212 1605 2240 volueris
1619 2213 1678 2240 seni
1701 2212 1773 2241 facto
1798 2213 1826 2240 in

203 2263 300 2298 νεαρὸν
319 2262 448 2298 κήρυγμα
461 2261 512 2296 τῆς
529 2259 657 2296 νηστείας
667 2267 674 2275 ·
690 2259 738 2286 ἐὰν
752 2258 807 2294 γὰρ
822 2258 938 2294 θελήσῃς
949 2257 990 2293 τῷ

205 2308 388 2335 παλαιωθέντι
401 2308 430 2334 ὲν
442 2307 475 2342 τῇ
493 2305 616 2341 ἁμαρτίᾳ
631 2304 742 2340 ’Έλληνι
754 2304 862 2340 πρῶτον
877 2302 990 2330 ὶπιόάλ-

205 2352 262 2378 λειν
280 2353 310 2379 τὸ
326 2352 422 2387 νεαρὸν
439 2352 571 2387 κήρυγμα
583 2351 633 2386 τῆς
649 2349 786 2385 νηστείας,
803 2349 885 2376 πλέον
899 2348 990 2384 σχίζε-

205 2407 250 2425 ται
265 2399 337 2434 ῆπερ
353 2398 530 2431 συνάπτεται,
542 2397 624 2424 πλέον
639 2395 787 2432 χωρίζεται
803 2396 854 2431 τῆς
875 2395 990 2430 Ἐκκλη-

206 2444 278 2477 σίας.

237 2491 285 2524 Τὸ,
306 2490 402 2523 Ἄξιος
427 2490 553 2525 ἐργάτης
577 2488 631 2517 τοῦ
647 2489 758 2524 μισθοῦ
780 2489 890 2521 αὐτοῦ,
904 2488 949 2515 διὰ
961 2487 992 2514 τὸ

204 2536 237 2563 ἐκ
248 2536 302 2563 τῶν
318 2535 391 2562 ἰδίων
403 2535 534 2571 μαθητῶν
551 2534 711 2571 τρέφεσθαι*
730 2533 806 2568 λέγει
819 2533 874 2569 γὰρ
892 2532 992 2564 αὐτοὺς

204 2583 268 2613 τοὺς
287 2581 454 2612 ἀποστόλους
469 2580 599 2615 δηλονότι.

245 2628 276 2655 [δ
300 2627 338 2662 μὴ
356 2627 446 2654 οἰκίαν
470 2626 500 2660 ἐξ
520 2626 609 2658 οἰκίας
628 2625 766 2661 ἀμείϐειν,
783 2624 866 2651 ἕνεκα
886 2624 934 2651 τοῦ
954 2625 991 2660 μὴ

203 2674 360 2708 δοξομανεῖν
381 2673 505 2708 εἴρηται,
520 2671 536 2708 ἤ
551 2671 598 2698 τοῦ
621 2671 659 2707 μὴ
673 2670 818 2697 λυπεῖσθαι
837 2669 883 2696 τὸν
906 2677 992 2696 κατα-

204 2719 417 2754 λιμπανόμενον.

246 2764 283 2791 To
297 2763 471 2790 ικτινάσσειν
496 2762 542 2789 τὸν
562 2760 701 2796 κονιορτὸν
720 2759 775 2787 τῶν
792 2759 880 2786 ποδῶν
904 2759 993 2786 αὐτῶν

207 2809 373 2836 ἐπετέτακτο
400 2809 448 2836 καὶ
468 2809 618 2845 ἐπράττετο
642 2806 787 2841 αὐτοῖς,ἢ
811 2805 882 2832 ὥστε
908 2806 993 2839 δεῖξαι

207 2854 292 2889 μηδὲν
308 2854 401 2883 λαῦεῖν
416 2854 516 2887 αὐτοὺς
533 2854 598 2890 παρ’
614 2853 703 2881 αὐτῶν
719 2851 785 2888 μηδὲ
802 2850 962 2886 βούλεσθαι·
975 2850 992 2886 ἢ

1042 2259 1161 2294 peccatis
1177 2259 1272 2286 Graeco
1293 2258 1410 2293 primum
1435 2258 1548 2293 injicere
1571 2263 1708 2286 recentem
1729 2258 1826 2294 jejouii

1041 2305 1275 2340 praedicationem,
1287 2304 1422 2332 scinditur
1437 2304 1525 2340 magis
1536 2311 1620 2339 quam
1636 2305 1827 2338 committitur,

1042 2348 1184 2382 magisque
1201 2348 1235 2376 ab
1253 2347 1373 2376 Ecclesia
1388 2352 1541 2376 amovetur.

1078 2486 1158 2520 illud.
1170 2486 1271 2522 Dignus
1285 2491 1323 2514 est
1342 2485 1478 2521 operarius
1500 2485 1559 2512 cibo
1574 2493 1632 2518 suo,
1652 2493 1788 2521 quemque
1812 2494 1828 2514 a

1043 2532 1102 2560 suis
1117 2532 1260 2567 discipulis
1276 2532 1396 2567 propriis
1407 2531 1535 2559 alendum
1548 2538 1610 2558 esse
1628 2530 1748 2563 iudicat;
1765 2531 1829 2558 dicit

1042 2578 1116 2606 cnim
1132 2578 1183 2605 hos
1204 2577 1342 2612 apostolos
1359 2577 1458 2612 palam.

1080 2623 1162 2651 Vens.
1184 2623 1227 2650 12.
1249 2623 1289 2650 Ne
1301 2623 1412 2650 domum
1437 2622 1520 2650 domo
1538 2626 1644 2649 mutent
1668 2627 1770 2653 monet.
1798 2627 1829 2650 ut

1044 2678 1098 2697 non
1113 2669 1272 2704 iactantiam
1292 2668 1455 2700 exhibeant,
1470 2672 1518 2695 aut
1533 2675 1587 2695 non
1609 2667 1698 2695 doleat
1713 2668 1758 2702 qui
1782 2676 1827 2695 rc-

1044 2715 1124 2742 iietus
1136 2718 1219 2743 esset.

1080 2759 1162 2787 Vens.
1179 2759 1223 2787 Η.
1236 2759 1370 2786 Excutere
1385 2757 1522 2793 pulverem
1537 2756 1570 2784 de
1582 2756 1695 2792 pedibus
1707 2756 1828 2792 ipsorum

1044 2806 1212 2842 praecipitur.
1220 2810 1247 2833 et
1259 2809 1402 2832 exercetur
1412 2803 1446 2831 ab
1455 2803 1506 2835 eis,
1516 2803 1574 2830 sive
1586 2801 1620 2830 ad
1631 2802 1828 2830 ostendcndmn

1045 2860 1092 2881 eos
1104 2851 1170 2880 nihil
1184 2851 1236 2879 sibi
1253 2851 1377 2886 accipere
1391 2857 1423 2877 ex
1435 2849 1489 2877 illis
1499 2848 1575 2882 velle,
1588 2848 1645 2876 sive
1658 2852 1686 2876 ut
1702 2849 1737 2877 sit
1751 2849 1829 2877 testi-
