2075 3157
261 169 330 203 1103

612 166 807 198 OPUSCULA
828 164 1144 196 SCRIPTURISTICA
1164 163 1339 195 ΙΝΟΕΠΤίΕ
1359 163 1512 194 AiTATIS.

1812 162 1880 193 1104

262 226 382 254 monium
407 225 479 260 longi
501 223 573 259 quod
598 227 793 258 percurrerunt
808 222 915 249 itineris
937 227 1046 257 propter

1100 220 1170 247 ὥστε
1195 221 1235 252 εἰς
1261 219 1410 255 μαρτύριον
1435 219 1526 250 αὐτοῖς
1553 218 1679 252 γενέσθαι
1697 220 1745 253 τῆς
1772 220 1880 254 μακρᾶς

261 273 332 299 illos.
345 285 380 291 ———
395 270 516 297 Excutite
531 269 660 303 pulverem
674 268 706 295 de
718 267 825 302 pedibus
840 267 942 300 vestris,
959 267 1000 294 vel
1015 271 1044 294 ut

261 316 420 348 ostendatis,
433 314 516 347 dicit,
533 322 579 341 vos
594 313 661 340 nihil
678 313 816 347 accepisse
829 332 836 345 ,
852 312 893 339 vel
913 318 942 339 ut
957 313 1043 347 signi-

262 361 347 388 lieetis
360 361 413 387 illis
425 367 472 386 vos
488 359 596 393 longum
613 358 663 385 iter
675 365 834 392 peragrasse
849 362 957 392 propter
971 357 1042 388 illos,

261 407 311 434 etsi
330 406 397 433 nihil
412 403 585 439 profecerim.

295 495 376 523 Vens.
391 494 434 521 16.
450 493 517 520 Ecce
530 501 575 528 ego
591 494 665 520 mitto
688 501 750 525 vos;
779 491 833 528 Ego
851 491 921 519 idem
941 500 972 519 ac
987 491 1043 527 Ego

260 540 388 567 dominus
402 543 428 566 et
443 542 539 573 potens
558 543 655 571 sonat;
671 537 744 572 quod
767 537 865 564 sullieit
880 537 912 564 ad
929 545 1044 571 persua-

260 585 375 612 sionem.

295 629 373 659 lllud,
388 628 464 656 Sicut
478 636 536 655 oves
550 628 578 654 in
594 626 679 654 medio
700 628 832 661 luporum,
844 626 952 653 illorum
966 632 1044 652 man-

261 674 432 702 suetudinem
445 673 557 706 indicat,
572 681 652 708 quam
667 672 811 707 oportebat
828 671 927 699 habere
947 671 1044 705 praedi-

260 723 365 746 cantes.

295 761 329 789 Et
353 762 485 790 columbae
503 762 706 797 simplicitatem
730 761 793 789 illos
820 768 929 788 servare
950 765 977 787 et
1000 760 1042 787 in-

260 808 422 835 noxietatem
448 812 558 840 monet;
583 812 609 835 et
632 807 800 842 conjungere
825 805 918 833 volens
942 806 992 833 ista
1015 810 1044 833 ut

260 855 348 880 virtus
363 853 476 885 oriatur,
491 853 662 887 prudentiam
677 851 815 886 serpentis
832 851 912 879 docet
928 851 1041 883 habere,

262 903 290 926 ut
306 899 458 926 custodiant
472 899 544 926 velut
556 898 601 925 ille
616 901 708 932 caput,
724 897 750 924 id
763 901 804 924 est
818 896 909 924 ﬁdem.

294 990 377 1018 Vens.
396 989 439 1018 19.
456 989 547 1016 Nolite
559 990 676 1025 cogitare
689 989 752 1024 quid
762 989 916 1024 loquamini.
933 988 974 1016 Ad
986 988 1044 1016 ani-

259 1044 332 1063 mum
349 1035 512 1063 sumendum
535 1036 570 1062 ita
602 1042 649 1063 cos
672 1036 791 1067 excitat;
822 1042 883 1061 nam
911 1033 1043 1062 illitterati

259 1084 334 1108 erant
342 1101 348 1108 .

294 1125 377 1154 Vens.
391 1127 436 1154 23.
452 1126 512 1153 Non
526 1125 742 1152 consummabilis
753 1125 873 1151 ciuitates
887 1123 986 1156 Israel,
998 1124 1043 1151 do-

259 1180 304 1199 nec
319 1172 405 1199 veniat
424 1171 512 1199 Filius
529 1171 642 1198 hominis
654 1191 661 1203 ,
683 1171 708 1198 id
724 1175 765 1197 est
784 1169 873 1196 donec
891 1177 937 1196 vos
955 1169 1043 1197 susei-

259 1217 340 1251 piam.
363 1217 429 1244 Nam
447 1216 598 1244 sulliciebat
614 1216 647 1243 ad
673 1214 877 1250 persnadendos
897 1222 944 1242 eos
966 1215 1042 1241 illum

260 1262 300 1289 vel
317 1261 404 1289 solum
419 1261 520 1288 videre.

297 1315 378 1342 Vens.
395 1314 441 1341 24.
461 1313 521 1340 Non
549 1319 586 1340 est
615 1312 760 1347 discipulus
783 1320 860 1346 super
873 1312 1041 1347 magistrum,

259 1359 366 1388 scilicet
383 1367 398 1386 a
415 1359 519 1394 majore
539 1359 652 1386 verbum
677 1357 827 1391 accipitur;
852 1358 903 1384 hoc
926 1357 999 1384 enim
1015 1361 1044 1383 ut

259 1406 417 1440 plerumque
433 1404 582 1439 contingit,
600 1409 626 1431 et
642 1403 758 1430 maxime
772 1402 880 1437 quando
896 1406 937 1429 est
948 1408 1043 1428 servus

259 1455 305 1478 aut
315 1451 477 1486 discipulus.

294 1495 377 1524 Vens.
396 1496 439 1523 ΞΒ.
458 1496 563 1529 Quanto
585 1495 667 1530 magis
690 1494 846 1521 domesticos
863 1493 936 1527 ejus,
956 1492 981 1519 id
1002 1496 1043 1519 est

259 1549 324 1570 vos:
345 1551 398 1570 non
413 1542 482 1569 dixit
502 1549 607 1573 servos,
635 1541 680 1568 sed
704 1539 889 1571 domesticos,
915 1545 1040 1573 magnam
1057 1565 1079 1595 ο

352 1588 358 1594 .
399 1587 409 1595 .
518 1589 534 1595 ..
558 1593 564 1595 _
821 1584 1041 1595 Λητὼ-ΛΜ,

258 1595 319 1615 cum
335 1588 374 1615 eis
397 1587 610 1616 familiaritatem
630 1587 777 1614 ostendens
789 1605 796 1618 ,
817 1589 845 1612 et
864 1585 970 1612 animos
988 1584 1041 1611 illis

257 1634 371 1662 addens.

292 1689 375 1717 Vens.
386 1689 431 1716 ‘26.
445 1688 522 1716 Nihil
538 1694 576 1716 est
595 1692 712 1722 opertum
723 1687 792 1722 quod
807 1694 858 1713 non
873 1683 1041 1715 revelabitur,

258 1734 361 1761 dictum
378 1734 524 1769 apostolis,
543 1734 624 1760 talem
641 1732 872 1768 signiﬁcationem
893 1730 993 1757 habet:
1011 1737 1043 1756 ex

258 1785 321 1811 Isto,
338 1778 367 1806 Si
386 1768 425 1806 rite
441 1779 570 1813 persecuti
596 1778 710 1812 fuerint,
727 1782 752 1805 et
785 1785 829 1804 vos
846 1768 1043 1811 persequentur,

258 1824 376 1851 sumitur
392 1823 554 1859 principium
575 1823 729 1855 sententiae,
742 1823 821 1857 quasi
835 1822 938 1849 diceret
952 1829 959 1848 :
973 1820 1044 1848 Cou-

259 1874 409 1897 temnentes
422 1877 470 1897 vos
485 1869 602 1905 primum
616 1889 623 1901 ,
641 1873 735 1904 postea
750 1872 917 1903 cognoscent
934 1867 1043 1902 quinam

258 1913 329 1941 sitis.

293 1966 375 1995 Vnus.
390 1967 434 1994 27.
449 1966 586 1995 Tenebras
598 1971 624 1994 et
635 1974 728 1994 aurem
750 1969 893 1997 memorat,
904 1972 956 1992 non
973 1964 1044 2000 quod

257 2011 287 2042 in
305 2020 401 2041 aurem
422 2013 464 2040 vel
481 2013 507 2040 in
525 2012 647 2041 tenebris
660 2012 842 2044 disettrratur,
858 2010 904 2039 sed
917 2010 989 2045 quod
999 2010 1043 2038 illa

257 2067 318 2094 qua:
334 2058 404 2086 clam
436 2056 590 2085 didicerunt
613 2064 675 2084 cunt
702 2056 826 2083 libertate
851 2055 957 2082 docturi
973 2055 1042 2087 sint;

257 2111 340 2140 super
357 2108 439 2136 tecta,
454 2102 525 2130 idem
537 2106 579 2130 est
590 2110 623 2129 ac
638 2110 685 2137 per
713 2102 872 2130 universum
888 2100 992 2128 orbem.

293 2195 376 2223 Vens.
396 2195 441 2222 29.
460 2195 515 2221 Duo
529 2201 646 2229 passeres
666 2201 725 2220 asse
750 2196 869 2220 veneunt.
898 2190 1044 2218 Providen-

258 2241 322 2268 tiam
350 2241 460 2272 indieat,
476 2240 513 2267 ita
533 2244 562 2266 ut
579 2239 624 2266 isti
649 2246 704 2266 non
729 2238 884 2272 capiantur,
904 2237 1044 2271 ignorante
1059 2232 1082 2260 Ι)

260 2288 323 2318 Deo.
364 2293 452 2320 neque
485 2286 545 2312 sittc
572 2284 643 2311 illius
683 2283 841 2318 operatione
873 2284 901 2310 in
933 2282 1045 2316 laqueos

258 2331 365 2358 Cadanl.

296 2384 376 2412 VERS.
394 2385 437 2412 50.
461 2384 545 2411 Vestri
567 2383 657 2418 capilli
680 2384 811 2410 numerati
825 2387 896 2417 sunt,
911 2384 1046 2419 signiﬁcat

260 2431 321 2458 illos
349 2438 364 2457 a
381 2430 434 2457 Deo
447 2430 533 2464 diligi,
546 2429 684 2464 cognosci,
697 2434 723 2456 et
739 2429 852 2464 protegi.

297 2521 375 2549 Vens.
393 2521 436 2549 52.
454 2520 512 2548 Non
525 2520 604 2553 dixit,
614 2520 793 2548 Conﬁtebitur
808 2527 860 2552 me,
877 2521 935 2554 sed,
948 2520 979 2548 In
989 2530 1044 2553 me;

260 2568 406 2596 ostendens
423 2568 496 2594 hunc
518 2575 572 2594 non
589 2566 698 2601 propria
713 2566 813 2593 virtute
826 2585 834 2599 ,
847 2567 894 2594 sed
922 2575 1047 2601 superna:

259 2613 360 2641 auxilio
393 2613 487 2646 gratia:
517 2612 652 2644 conﬁteri,
683 2611 730 2646 qui
768 2611 907 2639 Christum
934 2613 1046 2640 conﬁte-

260 2665 313 2687 tur.

295 2704 379 2732 Vsus.
396 2705 440 2731 55.
463 2704 500 2730 De
520 2707 635 2737 negante
647 2710 700 2729 non
717 2702 796 2735 dixit,
809 2702 886 2735 Mihi,
905 2703 963 2735 sed,
986 2703 1045 2736 Me;

260 2768 323 2787 nam
350 2760 497 2788 destitutus
512 2757 610 2793 aliquis
628 2766 643 2785 a
668 2757 723 2784 Deo
733 2757 769 2785 ita
782 2757 921 2786 Christum
953 2764 1045 2794 negat.

297 2851 378 2881 Vens.
396 2853 440 2880 δι.
467 2852 688 2886 Νοηυεηίραοεηι
714 2852 826 2885 mittere,
847 2852 891 2879 sed
919 2852 1044 2887 gladium.

1095 266 1251 301 ὁδοιπορίας
1265 266 1299 300 ἢν
1312 265 1437 292 ὲΰάδισαν
1452 263 1486 290 δι’
1499 263 1608 295 αὐτούς.
1624 263 1671 295 Τὸ,
1692 263 1882 297 Ἑκηνάξατε

1095 312 1149 338 τὸν
1170 311 1325 345 κονιορτὸν
1346 310 1405 337 τῶν
1428 310 1529 337 ποδῶν
1551 309 1644 344 ὑμῶν,
1662 310 1690 345 ἢ,
1717 310 1778 336 Ὀτι
1803 310 1880 336 οὐδὲν

1095 356 1215 387 ἐλάϐετε,
1234 356 1331 390 φησὶν,
1348 354 1454 388 δείξατε
1468 363 1474 370 ·
1490 355 1517 389 ἢ,
1532 355 1572 381 ὅτι
1593 354 1701 386 Δείξατε
1725 355 1817 386 αὐτοῖς
1838 356 1880 383 ὅτι

1097 401 1206 436 μακρὰς
1229 401 1423 436 ζόοιπορήσατε
1441 401 1476 427 δι’
1488 400 1586 431 αὐτοὺς
1596 419 1603 431 ,
1618 399 1667 425 κᾶν
1683 399 1757 426 οὐδὲν
1770 400 1877 435 ὠφελή-

1096 447 1193 482 θησαν.

1138 492 1215 519 Ἰδοὺ
1227 492 1283 526 ἐγὼ
1293 491 1471 519 ἀποστέλλω
1480 490 1568 526 ὑμᾶς.
1584 492 1632 523 Τὸ,
1653 490 1734 525 Ἐγὼ,
1747 489 1805 516 ἀντὶ
1820 490 1878 523 τοῦ,

1104 538 1174 572 Ἐγὼ
1185 540 1198 564 ὁ
1210 539 1340 573 κραταιὸς
1351 538 1396 565 καὶ
1407 538 1517 570 δυνατός
1526 547 1533 554 ·
1550 538 1617 574 ὅπερ
1636 537 1716 573 ἀρκεῖ
1732 537 1771 568 είς
1789 545 1878 571 παρα-

1098 584 1206 618 μνοίαν.

1130 629 1176 661 Τὸ,
1197 629 1244 662 Ὧς
1258 629 1389 662 πρόϐατα
1398 628 1432 664 ἐν
1445 628 1528 662 μέσῳ
1538 629 1650 660 λύκων,
1661 629 1709 663 τὴν
1725 627 1880 664 ἡμερότητα

1095 675 1185 701 αὐτῶν
1197 675 1336 710 ἐμφαίνει,
1352 674 1386 709 ἢν
1402 663 1473 708 ἐξίειν
1484 674 1523 701 δεῖ
1535 674 1713 701 διδασκόντων
1727 674 1825 700 αὐτῶν.

1129 765 1185 792 Καὶ
1203 765 1253 800 τῆς
1270 765 1435 800 περιστερᾶς
1449 765 1499 800 τὴν
1522 765 1660 799 ἁπλότητα
1684 764 1758 798 λέγει
1781 764 1881 796 αὐτοὺς

1096 810 1239 844 φυλάττειν
1267 811 1314 836 καὶ
1343 810 1461 837 ἀκακίαν
1476 819 1482 826 ·
1503 811 1550 837 καὶ
1579 810 1694 845 κεράσαι
1719 809 1879 845 βουλόμενος

1095 855 1181 882 ταῦτα
1198 855 1242 882 ἴνα
1257 856 1369 890 γένηται
1393 855 1476 891 ἀρετὴ
1487 876 1494 888 ,
1512 855 1561 891 τὴν
1585 856 1715 890 φρόνησιν
1730 855 1775 882 τοῦ
1791 855 1880 891 ὅμως

1060 903 1079 929 Β
1095 901 1168 936 ἔχειν
1183 901 1267 934 λέγει,
1283 902 1322 932 είς
1337 900 1367 927 τὺ
1384 902 1477 936 τηρεῖν
1496 901 1533 932 ὡς
1557 901 1658 932 ἐκεῖνος
1676 901 1724 935 τὴν
1739 900 1877 936 κεφαλὴν,

1094 947 1177 982 ἤγουν
1189 946 1238 982 τὴν
1251 947 1352 973 πίστιν.

1130 993 1176 1024 Τὸ,
1194 992 1242 1026 Μὴ
1256 992 1462 1028 μεριμνήσητε
1481 994 1509 1019 τι
1530 993 1688 1027 λαλήσητε
1699 1012 1706 1025 ,
1723 992 1754 1019 τὸ
1768 992 1880 1029 θαρῤεῐν

1094 1039 1198 1073 εἰσάγει
1214 1038 1322 1070 αὐτούς·
1344 1038 1459 1074 ἀμαθεῖς
1469 1039 1522 1074 γὰρ
1535 1037 1616 1074 ἦσαν.

1130 1130 1177 1161 To,
1195 1131 1236 1157 Οὐ
1255 1131 1298 1164 μὴ
1319 1131 1463 1173 τελέσητε
1479 1131 1532 1163 τὰς
1547 1133 1652 1164 πόλεις
1666 1131 1719 1158 τοῦ
1744 1131 1880 1166 Ἰσραὴλ,

1093 1174 1149 1207 ἕως
1171 1174 1210 1202 ἂν
1228 1175 1302 1209 ἔλθῃ
1321 1177 1338 1202 ὀ
1362 1175 1427 1208 Υἱὸς
1446 1176 1500 1203 τοῦ
1522 1176 1698 1210 ἀνθρώπου,
1721 1176 1878 1208 τουτέστιν,

1096 1220 1166 1251 Ἕως
1181 1217 1211 1246 οὗ
1224 1221 1296 1256 ὑμᾶς
1310 1221 1511 1256 καταλήψομαν
1526 1223 1572 1248 καὶ⁴
1584 1222 1637 1256 γὰρ
1647 1223 1726 1258 ἤρκει
1737 1224 1776 1253 εἰς
1789 1231 1878 1257 παρα-

1095 1265 1194 1301 μυθίαν
1209 1266 1299 1297 αὐτοῖς
1315 1265 1344 1292 τὸ
1361 1266 1424 1292 ἰδεῖν
1439 1266 1520 1293 αὑτὸν
1533 1266 1580 1293 καὶ
1598 1267 1688 1302 μόνον.

1130 1319 1176 1353 Τὸ,
1192 1321 1251 1347 οὐκ
1258 1321 1462 1354 ἔστιμιιθητὴς
1471 1320 1545 1353 ὑπὲρ
1562 1321 1614 1347 τὸν
1621 1320 1817 1353 διδάσκαλον,
1824 1319 1880 1347 ἀπὸ

1089 1365 1140 1395 ,τοῦ
1164 1365 1286 1397 πλείονος
1306 1366 1351 1392 τὸν
1366 1365 1444 1399 λόγον
1458 1365 1533 1397 δέξαι
1544 1373 1551 1380 ·
1567 1365 1646 1392 τοῦτο
1661 1367 1715 1400 γὰρ
1730 1365 1767 1397 ὡς
1784 1366 1831 1391 ἐπὶ
1848 1366 1879 1391 τὸ

1095 1412 1219 1437 πλεῖστον
1232 1419 1238 1425 ·
1262 1410 1308 1438 καὶ
1325 1411 1443 1446 μάλιστα
1456 1412 1508 1442 ἕως
1524 1412 1582 1437 ἐστὶ
1597 1410 1687 1442 δοῦλος
1710 1411 1726 1446 ἢ
1743 1411 1877 1446 μαθητής.

1132 1504 1219 1535 Πόσῳ
1235 1502 1353 1536 μᾶλλον
1369 1503 1438 1536 τοὺς
1457 1502 1625 1536 οἰκείακοὺς
1651 1501 1756 1534 αὑτοῦ,
1786 1499 1876 1533 εἶπεν,

1095 1548 1189 1583 ἢγουν,
1214 1547 1297 1582 ὑμᾶς’
1320 1548 1371 1574 οὐκ
1388 1545 1465 1574 εἶπεν
1481 1547 1600 1578 δούλους,
1627 1546 1684 1574 ἀλλ’
1710 1547 1875 1578 οἰκειακοϋς,

1095 1592 1195 1627 πολλὴν
1210 1592 1278 1627 πρὸς
1294 1591 1392 1622 αὐτοὺς
1406 1592 1563 1628 οἰκειότητα
1582 1591 1816 1627 ἐπιδεικνύμενος,
1829 1591 1876 1618 καὶ

1095 1638 1206 1673 Θαρρεῖν
1221 1637 1320 1669 αὐτοὺς
1339 1637 1434 1664 ποιῶν.

1129 1690 1176 1721 Τὸ,
1192 1690 1287 1718 οὐδέν
1298 1690 1383 1717 ἐστιν
1391 1690 1568 1725 ἀπόκρυφον
1583 1691 1598 1717 ὅ
1615 1692 1652 1718 οὐ
1667 1690 1878 1726 φανερωθήσε-

1095 1745 1152 1769 tat,
1170 1735 1237 1772 πρὸς
1255 1736 1318 1767 τοὺς
1331 1736 1497 1767 ἀποστόλους
1509 1736 1664 1771 λεγόμενον,
1677 1736 1807 1771 τοιαύτην
1822 1736 1880 1770 ἔχει

1094 1780 1143 1815 τὴν
1159 1780 1288 1812 διάνοιαν,
1304 1780 1356 1807 ἀπὸ
1368 1780 1425 1812 τοῦ,
1442 1781 1476 1806 El
1489 1780 1542 1814 ἐμὲ
1569 1780 1711 1814 ἐδίωξαν,
1736 1781 1785 1807 καὶ
1801 1779 1880 1814 ὑμᾶς

1094 1823 1246 1856 διώξουσι,
1272 1823 1356 1850 λαϐὸν
1370 1825 1419 1859 τὴν
1441 1823 1527 1860 ἀρχὴν
1543 1825 1592 1859 τῆς
1610 1825 1724 1856 ἑννοίας·
1744 1825 1805 1851 ἀντὶ
1819 1825 1880 1859 τοῦ,

1095 1869 1321 1905 Κωμῳδήσςιντες
1338 1871 1409 1905 ὑμᾶς
1425 1871 1568 1907 πρότερον,
1592 1871 1705 1906 ὕστερον
1723 1873 1874 1905 γνωρίσου-

1095 1924 1137 1942 σιν
1148 1916 1245 1948 οἴτινές
1261 1917 1333 1943 ἐστε.

1130 1970 1227 2002 Σκότος
1244 1971 1291 1997 καὶ
1308 1969 1355 2002 οὖς
1374 1971 1457 2005 λέγει,
1480 1971 1530 2007 οὐχ
1555 1972 1596 1998 ὅτι
1611 1972 1652 2003 εἰς
1679 1972 1708 1998 τὺ
1727 1970 1773 2003 οὖς
1787 1972 1834 1998 καὶ
1847 1973 1878 1998 ὲν

1097 2017 1192 2052 σκοτίᾳ
1209 2017 1356 2052 διελέγετο,
1385 2017 1443 2044 ἀλλ’
1466 2017 1518 2050 ὅτι,
1549 2018 1626 2052 φησὶ,
1644 2018 1677 2044 τὰ
1695 2017 1825 2052 κρυπτῶς
1838 2017 1878 2044 δι-

1095 2062 1251 2097 δασκόμινα
1264 2062 1334 2097 μετὰ
1347 2063 1505 2098 παρρησίας
1530 2063 1646 2090 ἔσονται·
1663 2064 1693 2090 τὸ
1708 2064 1746 2096 δὲ,
1762 2064 1810 2091 ἐπὶ
1821 2064 1880 2091 τῶν

1095 2108 1246 2142 δωμάτων,
1267 2108 1327 2135 ἀντὶ
1359 2108 1418 2140 τοῦ,
1439 2110 1478 2140 είς
1506 2108 1556 2144 τὴν
1580 2109 1745 2145 οἰκουμένην
1774 2110 1876 2143 πᾶσαν,

1095 2154 1179 2188 λέγει.

1133 2200 1190 2227 Δύο
1198 2201 1341 2233 στρουθία
1352 2201 1502 2234 ἀσσαρίου
1511 2200 1662 2227 πωλεῖται.
1678 2201 1733 2235 Τὴν
1747 2201 1878 2236 Πρόνοιαν

1095 2245 1211 2278 εἰσάγει,
1225 2245 1262 2276 ὡς
1276 2244 1337 2271 οὐδὲ
1351 2245 1441 2271 ἐκεῖνα
1467 2244 1700 2279 κρατηθήσονται,
1717 2244 1878 2278 ἀγνοοῦντος

1095 2289 1143 2316 τοῦ
1165 2290 1244 2323 Θεοῦ,
1259 2291 1308 2325 οὐχ
1322 2291 1363 2316 ὅτι
1378 2290 1553 2324 ἐνεργοῦντος
1567 2289 1650 2316 αὐτοῦ
1675 2290 1821 2316 πίπτουσιν
1840 2290 1880 2321 εἰς

1097 2336 1209 2370 παγίδα.

1133 2393 1180 2424 Τὸ,
1197 2392 1250 2420 Καὶ
1266 2393 1294 2419 αὶ
1305 2393 1404 2426 τρίχες
1416 2392 1499 2426 ὑμῶν
1514 2391 1708 2427 ἠριθμημέναι
1720 2392 1790 2424 εισι,
1803 2391 1882 2418 τοῦτο

1099 2439 1238 2473 σημαίνει,
1257 2438 1294 2469 ὼς
1311 2438 1453 2478 φιλεῖσθαι.
1461 2437 1537 2472 παρὰ
1552 2437 1611 2472 Θεῷ
1634 2439 1681 2464 καὶ
1697 2437 1880 2471 γινώσκεσθαι

1091 2476 1143 2510 ’καὶ
1160 2484 1342 2520 προνοεῖσθαι.

1134 2531 1190 2557 Οὐκ
1205 2528 1289 2562 εἶπεν,
1301 2529 1343 2556 ὅτι
1368 2530 1544 2565 Ὁμολογήσει
1565 2530 1626 2565 ἐμὲ,
1645 2530 1718 2561 ἀλλ’,
1739 2530 1791 2556 ‘Er
1804 2528 1880 2563 ἐμοι·

1098 2576 1204 2607 δεικνὺς
1220 2576 1260 2601 ὅτι
1277 2576 1327 2602 οὐκ
1338 2576 1425 2610 οἰκείᾳ
1439 2575 1564 2610 δυνάμει,
1579 2575 1646 2602 ἀλλὰ
1660 2576 1692 2610 τῇ
1702 2575 1757 2602 ἄνω
1770 2573 1882 2608 βοηθού-

1099 2630 1180 2657 pavo;
1197 2621 1288 2656 χάριτι
1298 2621 1425 2655 ὁμολογεῖ
1441 2622 1582 2655 ὁμολογῶν
1594 2622 1721 2656 Χριστόν.

1133 2714 1202 2748 Περὶ
1224 2713 1271 2739 τοῦ
1302 2713 1469 2749 ἀρνουμένου
1500 2713 1550 2740 οὐκ
1580 2711 1668 2745 εἶπεν,
1699 2713 1785 2747 Ἐμοὶ,
1812 2712 1881 2744 ἀλλ’,

1105 2759 1180 2794 Ἐμέ·
1196 2758 1298 2793 ἔρημος
1313 2758 1366 2794 γὰρ
1382 2757 1527 2794 γενόμενός
1549 2766 1592 2789 τις
1608 2756 1676 2784 Θεοῦ
1690 2757 1775 2788 οὕτως
1793 2757 1883 2793 ἀρνεῖ-

1099 2814 1142 2832 ται
1160 2805 1205 2831 τδν
1217 2804 1343 2839 Χριστόν.

1135 2851 1192 2878 Οὐκ
1215 2850 1296 2886 ἦλθον
1316 2850 1406 2886 βαλεῖν
1433 2851 1555 2887 εἰρήνην,
1576 2849 1645 2879 ἀλλὰ
1677 2849 1826 2885 μάχαιραν·
1852 2847 1884 2874 ἰδ
