2075 3157
263 188 334 224 1115

600 190 812 222 'OPUSCULA
829 191 1148 223 SCRIPTURISTICA
1167 191 1345 222 INCERTE.
1364 170 1521 223 IETATIS.

1819 190 1888 225 1116

298 248 382 276 Vsus.
403 248 449 276 35.
471 247 563 275 Simile
576 251 614 274 est
633 256 742 283 regnum
759 248 805 275 Dei
821 249 960 283 fertnento,
980 248 1048 284 quod

1137 249 1188 281 Τὸ,
1210 249 1309 284 Ὁμοία
1329 248 1418 276 ἐστιν
1432 249 1451 283 ὴ
1471 248 1618 282 ,βασιλέα
1641 248 1694 276 τοῦ
1710 249 1785 277 Θεοῦ
1803 250 1888 286 ζύμῃ,

262 295 393 328 occipiam
417 294 512 321 mulier
536 294 674 320 abscondit
693 294 721 320 in
739 294 836 329 farina:
860 295 927 322 satis
943 295 1046 328 tribus,

262 341 343 366 donec
360 339 544 374 fermentatum
561 344 599 366 est
616 344 711 366 totum.
733 338 907 366 Fermentum
923 339 1046 367 divinum

261 386 376 412 verbum
400 386 426 412 in
442 385 573 419 apostolis
590 389 642 416 est,
659 384 730 418 quod
757 389 881 419 penetrat
898 392 946 420 per
967 393 1045 412 suam

261 432 388 458 virtutem
416 430 572 458 universum
599 430 748 463 mundum,
779 431 852 457 velut
881 430 1045 458 fermentum

263 486 309 514 per
333 485 410 506 suam
426 478 480 505 vim
497 476 628 505 larinam.
646 478 709 505 Tria
732 483 802 511 sata,
826 487 876 513 pro
893 479 987 506 multis
1004 479 1047 511 di—

260 529 381 556 cuntur;
398 531 446 559 pro
464 523 639 550 multitudine
655 525 726 550 enim
745 523 817 551 hunc
832 532 976 551 numerum
1000 533 1046 552 su-

260 576 335 595 mere
352 568 492 604 Scriptura
508 568 615 602 suevit;
631 569 677 596 sed
693 568 774 596 etiam
789 569 886 601 exteri,
904 574 952 596 ut:
972 579 981 596 ι
994 569 1047 598 Ter

261 613 331 640 beati
349 612 443 640 Danai.
464 623 473 639 ι

299 658 379 686 Vrsas.
403 659 448 686 56.
477 658 546 686 Cum
575 658 603 686 in
634 659 774 694 parabolis
799 659 963 694 loquebatur
989 660 1046 694 eis,

261 704 439 738 interrogans
453 703 486 731 ad
512 711 560 731 eos
585 711 615 731 se
636 704 770 739 dirigebat
785 713 792 737 ;
807 712 869 732 cum
888 705 981 732 nullus
1004 706 1046 732 iu-

261 753 426 783 terrogaret,
443 749 584 776 dimittens
598 756 646 776 eos
662 750 737 776 abiit.

298 795 354 822 Cur
376 795 409 821 ad
434 794 510 821 illum
533 794 635 822 adeunt
659 802 720 822 cum
743 795 868 823 libertate
895 801 1047 831 qumrentes

262 839 472 874 explicationem
504 839 640 874 parabolae
674 841 863 868 zizaniorum?
890 841 960 874 Quia
989 842 1045 877 jam

263 884 406 912 audierant
422 894 429 912 :
452 884 529 911 Vobis
542 885 634 911 datum
652 890 692 912 est
713 887 804 913 audire
822 888 946 922 mysteria
963 889 1046 923 regni.

263 931 296 958 Et
307 938 356 958 cur
371 930 397 957 in
413 931 572 965 particulari
590 931 782 966 interrogant?
794 932 853 960 Non
866 935 938 969 quod
952 935 1047 962 Inulti—
1064 925 1086 953 Β

261 975 349 1003 tudini
374 975 532 1008 inviderint,
550 976 598 1004 sed
622 981 653 1004 ut
672 977 776 1005 Christi
797 979 885 1014 legem
907 985 1048 1008 servarent

262 1022 379 1049 dicentis
397 1022 460 1049 aliis
477 1030 531 1049 non
546 1030 607 1050 esse
626 1023 731 1051 datum.
749 1024 892 1060 Tanquam
912 1026 946 1053 de
959 1030 1049 1053 extra-

263 1074 315 1094 nea
335 1067 423 1102 magis
439 1067 608 1095 zizaniorum
628 1069 759 1103 parabola
777 1070 957 1106 interrogant,
971 1079 1049 1105 para-

263 1113 341 1140 bolas
354 1120 418 1140 vero
430 1113 533 1148 sinapis
546 1119 574 1141 et
584 1113 709 1141 [ermenti
726 1116 946 1150 prater-mittunt.
962 1116 1049 1151 Opor-

264 1162 303 1185 tet
326 1159 397 1185 seire
414 1159 486 1193 quod
506 1160 727 1194 quandoquidem
752 1161 879 1193 seminat,
895 1169 943 1195 per
962 1169 992 1189 se
1007 1170 1049 1190 se-

264 1205 368 1238 minat;
384 1205 450 1232 dicit
464 1205 554 1232 enim:
569 1205 621 1238 Qui
635 1206 747 1232 seminat
761 1206 947 1234 bonnmsemen
960 1207 1048 1235 Filius

264 1255 302 1276 est
319 1250 450 1281 hominis;
471 1250 582 1284 quando
606 1255 698 1277 autem
721 1252 855 1286 castigat,
872 1260 919 1287 per
940 1253 1049 1287 angelus

266 1295 332 1322 iilud
346 1295 421 1323 facit.
434 1295 560 1323 Ostendit
573 1295 612 1322 sic
627 1295 820 1331 benignitatem
832 1297 860 1324 in
876 1298 1047 1331 seminando,

263 1341 292 1368 id
310 1347 352 1368 est
374 1341 400 1368 in
417 1341 605 1376 pnrdieando,
625 1345 652 1368 et
672 1348 687 1368 a
704 1342 793 1376 pcenis
816 1343 956 1371 sumendis
973 1351 1050 1371 aver-

263 1387 381 1414 sionem.

300 1431 383 1460 Vsus.
408 1432 453 1460 57.
470 1431 537 1464 Cur.
557 1432 658 1461 amotis
680 1433 778 1466 turbis,
788 1433 938 1469 discipulos
954 1435 980 1462 in
1002 1442 1050 1470 pa-

263 1479 367 1506 rabolis
387 1479 558 1514 alloquitur?
581 1479 718 1512 Quoniam
743 1480 922 1515 sapientiores
944 1489 977 1509 ex
993 1481 1049 1517 jam

263 1523 344 1552 dictis
359 1524 495 1559 parabolis
511 1525 575 1552 facti
589 1530 679 1553 erant.

1098 294 1140 329 ἣν
1161 295 1299 322 λαϐοῦσα
1328 295 1407 331 γυνὴ
1435 295 1571 330 ἔκρυψεν
1591 296 1635 329 εὶς
1657 296 1788 330 ἀλεύρου
1811 297 1889 324 σάτα

1098 341 1175 376 τρία,
1188 341 1243 374 ἕως
1257 339 1293 369 οὗ
1310 341 1443 376 ἐζυμώθη
1461 341 1546 369 ὅλον.
1560 336 1645 376 ’Ζύμη
1661 341 1675 367 ὸ
1695 342 1766 373 θεῖος
1782 341 1861 376 λόγος
1874 343 1890 370 ό

1099 387 1130 413 ιν
1142 387 1199 417 τοῖς
1218 385 1389 417 ἀποστόλοις.
1405 387 1419 413 ὸ
1440 386 1613 421 μεταστήσας
1638 385 1707 420 πρὸς
1723 386 1773 421 τὴν
1789 386 1888 413 ἑαυτοῦ

1099 432 1214 467 δύναμιν
1234 431 1280 458 τὸν
1302 433 1391 459 πάντα
1416 431 1537 466 κόσμον·
1560 430 1656 466 ὥσπερ
1683 432 1699 466 ἡ
1720 431 1794 467 ζύμη
1820 432 1889 467 πρθις

1098 479 1148 514 τἠν
1168 479 1269 513 ἑαυτῆς
1290 478 1366 513 ίσχὺν
1390 478 1422 504 τὺ
1441 477 1572 513 ἄλευρον·
1598 477 1663 513 τρία
1687 477 1716 504 δὲ
1739 477 1826 510 σάτα,
1853 478 1888 504 τά

1100 523 1185 550 πολλὰ
1202 523 1295 557 λέγει⁵
1321 523 1368 550 ἐπὶ
1387 523 1506 558 πλήθους
1530 523 1585 560 γάρ
1609 523 1656 550 τὸν
1675 523 1791 558 ἀριθμὸν
1812 523 1888 550 τόνδε

1099 568 1247 604 λαμϐάνειν
1271 569 1288 603 ὴ
1305 569 1401 604 Γραφὴ
1423 569 1549 603 πέφυκε·
1572 568 1640 595 ἀλλὰ
1656 569 1703 595 καὶ
1719 569 1744 595 οί
1766 567 1829 600 ἔξω,
1850 568 1889 600 ὠς

1099 615 1140 647 τὸ,
1158 625 1167 640 ι
1185 615 1381 650 Τρισμάκαρις
1396 614 1503 641 Δαναοί.
1525 623 1541 641 ι·
1560 623 1565 628 ”

1135 660 1197 686 Ὀτι
1216 661 1244 686 ὲν
1266 657 1438 694 παραϐολαῖς
1452 658 1543 685 ὲλάλει
1561 658 1671 690 αὐτοῖς,
1689 658 1730 690 εἰς
1752 658 1888 694 ὲρωτησιν

1099 705 1198 737 αὐτοὺς
1215 705 1436 740 προτρεπόμενος
1446 713 1453 720 ·
1467 704 1562 740 ιπειδὴ
1578 704 1607 731 δὲ
1626 703 1714 736 οὐδεὶς
1729 703 1885 740 ἠρώτησεν,

1099 751 1179 786 ἀφεὶς
1196 751 1295 783 αὐτοὺς
1310 750 1441 786 ἀπῆλθεν.
1458 762 1461 765 λ

1133 796 1181 823 Διὰ
1196 796 1222 823 τί
1235 796 1390 833 προσῆλθον
1402 795 1477 831 αὺτῷ
1491 796 1560 832 μετὰ
1570 796 1727 833 παρρησίας
1741 795 1886 833 ζητοῦντες

1098 841 1149 877 τὴν
1167 841 1244 869 λύσιν
1260 842 1310 877 τῆς
1332 842 1491 878 παραϐολῆς
1511 842 1566 869 τῶν
1586 841 1734 875 ζιζανίων;
1757 843 1817 869 Ὀτι
1835 843 1885 878 ἤδη

1101 888 1232 923 ἤκουσαν
1251 887 1339 922 ἠιῒιν
1353 887 1471 914 δέδοται
1483 887 1606 915 ἀκούειν
1621 888 1657 914 τὰ
1669 887 1821 922 μυστήρια
1832 887 1887 922 τῆς

1097 933 1260 965 βασιλείας
1272 940 1278 947 ·
1295 932 1343 959 καὶ
1356 932 1400 959 διὰ
1414 932 1441 958 τί
1456 932 1517 959 κατ’
1537 932 1605 959 ἰδίαν
1620 931 1777 967 ὲρωτῶσιν;
1795 931 1832 958 οὑ
1846 931 1885 965 τῷ

1100 978 1197 1014 πλήθει
1215 978 1425 1014 βασκαίνοντες,
1448 978 1517 1005 ἀλλὰ
1530 978 1576 1005 τὸν
1597 977 1677 1013 νόμον
1699 976 1818 1012 Χριστοῦ
1834 986 1886 1012 φυ-

1098 1025 1241 1057 λάττοντες
1265 1025 1310 1052 τδν
1337 1024 1461 1059 λέγοντα,
1482 1024 1523 1051 ὅτι
1536 1024 1628 1055 αὐτοῖς
1647 1024 1678 1050 οὐ
1694 1023 1809 1050 δέδοται.
1842 1024 1887 1055 Ὡς

1098 1071 1252 1106 δεινοτέρας
1265 1070 1349 1103 οῠσης
1359 1071 1410 1105 τῆς
1424 1070 1478 1097 τῶν
1493 1068 1621 1102 ζιζανίων
1637 1069 1807 1105 παραϐολῆς,
1821 1069 1886 1096 ταύ-

1098 1124 1149 1151 την
1163 1115 1304 1151 ἐρωτῶσι·
1320 1115 1371 1150 τὴν
1386 1115 1414 1141 δὲ
1431 1114 1479 1141 τοῦ
1499 1114 1637 1146 σινάπεως
1659 1115 1706 1140 καὶ
1729 1114 1780 1149 τῆς
1797 1113 1886 1148 ζύμης

1099 1163 1238 1198 παρῆκαν.
1257 1161 1317 1197 Χρὴ
1333 1161 1443 1194 ειδέναι,
1467 1161 1509 1188 ὅτι
1525 1161 1569 1187 ὅτε
1579 1161 1627 1195 μὲν
1638 1159 1756 1194 σπείρει,
1771 1160 1806 1186 δι’
1825 1159 1888 1185 ἑαυ-

1098 1207 1146 1234 τοῦ
1173 1207 1280 1242 σπείρει
1293 1214 1300 1222 '
1327 1206 1402 1240 λέγει
1422 1207 1476 1241 γάρ
1491 1215 1498 1222 ·
1530 1206 1561 1232 '0
1583 1206 1716 1239 σπείρων
1735 1205 1768 1232 τὸ
1790 1205 1887 1231 καλὸν

1099 1252 1229 1287 σπέρμα,
1246 1251 1335 1278 ἐστιν
1355 1253 1371 1278 d
1392 1251 1460 1284 Υίός
1476 1250 1529 1277 τοῦ
1546 1250 1706 1284 ἀνθρώπου
1719 1259 1726 1266 -
1739 1251 1782 1276 ὅτε
1794 1249 1822 1276 δὲ
1840 1258 1887 1276 κο-

1099 1298 1187 1331 λάζει,
1203 1297 1246 1324 διὰ
1262 1296 1316 1323 τῶν
1333 1296 1458 1330 ἀγγέλων
1471 1295 1550 1322 τοῦτο
1567 1296 1654 1321 ποιεῖ’
1669 1294 1754 1321 οὗτω;
1766 1294 1886 1320 δείκνυσι

1099 1343 1148 1370 καὶ
1175 1343 1225 1378 τὴν
1249 1341 1455 1376 φιλανθρωπίαν
1475 1341 1504 1367 ὲν
1522 1340 1561 1375 τῷ
1588 1340 1721 1375 σπείρειν,
1741 1339 1826 1374 ἦγουν
1846 1338 1886 1374 τῷ

1100 1387 1248 1418 διδάσκειν,
1262 1387 1310 1413 καὶ
1322 1386 1353 1413 τὸ
1369 1386 1438 1422 πρὸς
1450 1385 1587 1425 τιμωρίαν
1604 1384 1831 1420 ἠλλοτριωμένον.

1138 1432 1189 1458 Διά
1198 1432 1234 1464 τί,
1250 1431 1489 1466 ἀναχωρησάντων
1505 1431 1559 1457 τῶν
1574 1430 1670 1465 ὄχλων,
1681 1429 1736 1460 τοῖς
1751 1429 1886 1464 μαθηταῖς

1101 1479 1130 1505 ἑν
1147 1477 1315 1513 παραϐολαῖς
1328 1477 1498 1511 διαλέγεταις
1511 1476 1620 1511 Ἐπειδὴ
1630 1475 1778 1511 σοφώτεροι
1789 1475 1820 1501 ὲκ
1833 1474 1887 1501 τῶν

1101 1524 1254 1560 είρημένων
1274 1523 1324 1559 ἢδη
1345 1522 1507 1558 παραϐολῶν
1524 1523 1659 1557 ἐγένοντο.

300 1568 382 1597 Vsus.
396 1570 442 1597 42.
458 1571 485 1598 In
499 1571 633 1606 supplicio
649 1571 792 1599 sumendo.
805 1571 941 1600 Memento
956 1576 1047 1600 autem

1117 1569 1126 1578 '
1143 1571 1187 1596 Ἐν
1214 1570 1254 1604 τῷ
1279 1568 1404 1601 κολάζειν
1416 1577 1424 1584 ·
1444 1567 1580 1604 μνήσθητι
1601 1567 1630 1594 δὲ
1645 1567 1686 1594 ὅτι
1710 1566 1759 1593 καὶ
1777 1565 1824 1592 ἐπὶ
1839 1564 1886 1592 τοῦ

264 1614 339 1650 quod
353 1615 380 1642 in
395 1615 532 1642 Abraham
548 1620 575 1643 et
591 1615 743 1644 Sodomitis
755 1616 827 1644 idem
842 1616 946 1644 fecerit.

301 1659 385 1688 Vsus.
407 1660 453 1688 45.
477 1660 568 1695 Quare
589 1661 658 1689 alias
679 1661 745 1694 justi
768 1662 941 1690 adducuntur
958 1661 1049 1697 primi.

263 1705 310 1732 hic
340 1711 431 1733 autem
454 1711 598 1742 postquam
623 1707 784 1743 praecipitati
808 1711 874 1734 sunt
892 1712 1050 1742 peceatOres

263 1750 292 1777 in
312 1751 579 1786 condemnationem,
605 1757 671 1780 tunc
695 1753 760 1787 iusti
785 1752 944 1788 fulgebunt?
958 1754 1050 1781 Addu-

263 1800 366 1822 cuntur
385 1796 466 1831 primi
491 1797 559 1831 justi
581 1797 700 1826 venienti
717 1798 827 1826 Christo
842 1799 950 1826 obviam
966 1799 1049 1834 ituri;

264 1843 372 1868 astante
400 1846 490 1869 autem
508 1842 555 1870 illo
574 1847 601 1870 et
619 1843 727 1871 traditis
748 1844 782 1871 ad
807 1844 970 1880 supplicium
987 1853 1050 1880 pec-

263 1885 414 1919 catoribus,
431 1891 496 1916 tunc
508 1889 534 1916 tn
547 1896 660 1925 regnum
673 1890 806 1918 ccelorum
822 1890 925 1918 intrant
936 1891 1014 1926 justi.

304 1981 386 2009 Vsus.
401 1981 446 2009 l5.
465 1981 607 2017 Margarita
623 1982 742 2017 pretiosa
761 1990 776 2010 a
797 1983 865 2010 mari
881 1987 933 2016 est,
948 1987 975 2011 et
989 1991 1049 2011 ma-

265 2027 310 2063 gni
329 2027 407 2063 pretii
432 2026 584 2055 aestimatur
611 2027 647 2055 ob
673 2028 861 2056 dillicultatem
881 2029 1047 2058 inveniendi.

263 2071 324 2099 Non
350 2079 441 2099 escam
469 2071 580 2106 praabet,
607 2072 653 2099 sed
675 2072 855 2107 jactantism;
884 2081 938 2101 non
968 2078 1050 2109 potus

263 2117 461 2153 iucunditatem
487 2117 607 2152 praebet,
639 2117 687 2144 sed
716 2118 862 2145 multarum
893 2118 1049 2146 divitiarum

264 2162 378 2195 famam,
398 2162 554 2197 superbiam
574 2162 777 2196 producentem.
797 2163 896 2191 Eadem
918 2164 986 2192 levis
1007 2168 1050 2193 est

263 2208 410 2244 ponderis;
442 2214 579 2243 parvaque
602 2215 665 2235 cum
694 2208 748 2241 sit,
774 2216 871 2243 magna
890 2213 997 2244 potest,
1023 2214 1051 2237 et

1107 1615 1232 1650 Ἀϐραὰμ
1249 1615 1296 1642 καὶ
1312 1614 1366 1642 τῶν
1381 1612 1534 1649 Σοδομιτῶν
1547 1613 1627 1640 τοῦτο
1645 1613 1727 1639 ποιεῖ,

1136 1661 1215 1693 Τίνος
1228 1661 1308 1696 χάριν
1324 1660 1439 1695 ἀλλαχοῦ
1456 1660 1481 1687 οἱ
1499 1659 1597 1686 δίκαιοι
1618 1658 1787 1694 ἀρπάζονται
1810 1657 1886 1692 πρῶ-

1099 1715 1151 1741 τοι,
1164 1707 1213 1734 νῦν
1225 1707 1254 1734 δὲ
1266 1707 1307 1734 ὅτι
1325 1707 1395 1742 μετά
1407 1706 1437 1732 τὸ
1453 1705 1622 1740 ἐμϐληθῆναι
1636 1704 1699 1735 τοὺς
1710 1702 1887 1738 ἁμαρτωλοὺς

1100 1753 1141 1784 είς
1161 1752 1272 1779 κόλασιν
1284 1770 1292 1784 ,
1310 1751 1371 1778 τότε
1395 1751 1419 1777 oi
1436 1751 1538 1777 δίκαιοι
1555 1749 1758 1784 ὲκλάμψουσιν;
1785 1747 1887 1783 Ἀρπὰ-

1100 1799 1191 1831 ζονται
1210 1798 1259 1833 μὲν
1278 1797 1382 1832 πρῶτοι
1396 1798 1422 1824 of.
1436 1795 1699 1831 δίκαιοιὲρχομένου
1715 1794 1832 1830 Χριστοῦ
1847 1794 1887 1826 εἰς

1100 1845 1252 1879 ἀπάντησιν
1261 1850 1269 1858 ”
1286 1843 1509 1878 παραγενομένου
1524 1841 1553 1869 δὲ
1566 1840 1647 1868 αὑτοῦ
1659 1840 1707 1867 καὶ
1721 1839 1887 1875 παραδοθέν-

1100 1898 1154 1916 των
1169 1890 1209 1921 είς
1220 1889 1331 1916 κόλασιν
1344 1888 1398 1915 τῶν
1414 1880 1596 1924 ἁμαρτωλῶν,
1612 1886 1673 1913 τότε
1691 1887 1730 1917 εἰς
1749 1886 1886 1921 βασιλείαν

1099 1935 1222 1971 οὐρανῶν
1236 1929 1402 1970 ἀπέρχϐνται
1417 1934 1443 1960 οί
1458 1933 1568 1960 δίκαιοι.

1143 1980 1172 2008 '0
1187 1980 1360 2016 μαργαρίτης
1375 1980 1389 2007 ό
1407 1979 1499 2015 τίμιος
1512 1979 1586 2006 ἐστιν
1600 1979 1654 2006 ἀπὸ
1668 1978 1817 2012 θαλάσσης,
1836 1975 1886 2003 καὶ

1100 2025 1201 2057 πολλῆς
1225 2026 1310 2061 τιμῆς
1332 2024 1408 2057 ἄξιός
1433 2025 1507 2051 ἐστιν
1527 2023 1571 2050 διὰ
1590 2024 1621 2050 τδ
1646 2023 1818 2058 δυσεύρετον.
1845 2022 1883 2049 Οὐ

1099 2072 1215 2107 παρέχει
1235 2071 1346 2106 βρῶσιν,
1365 2071 1432 2097 ἀλλά
1451 2070 1599 2105 καύχημασ
1624 2070 1654 2096 οὐ
1669 2070 1782 2105 παρέχει
1801 2067 1884 2095 ποτοῦ

1099 2117 1260 2149 ἀπόλαυσιν,
1284 2116 1342 2143 ἀλλ’
1365 2115 1487 2148 εὐδοξίαν
1505 2115 1610 2141 πολλῶν
1625 2115 1773 2150 χρημάτων
1790 2112 1885 2140 ποιοῦ-

1101 2171 1151 2189 σαν
1172 2162 1253 2196 ϐγκον
1265 2169 1272 2177 ·
1295 2159 1372 2193 οὗτος
1386 2161 1408 2188 δ’
1423 2161 1597 2195 ἐπικουφίζει
1611 2160 1642 2186 τὸ
1665 2160 1759 2195 βάρος.
1776 2159 1886 2194 Βραχύς

1100 2208 1138 2235 ὢν
1158 2208 1264 2244 μεγάλα
1280 2208 1410 2235 δύναται·
1427 2207 1474 2234 καὶ
1487 2206 1621 2241 σύντομος
1637 2207 1677 2237 εἰς
1690 2206 1721 2232 τὸ
1733 2204 1885 2241 βασταχθῆ-

264 2253 376 2287 praecisa
393 2253 426 2280 ad
442 2253 697 2288 transportandum,
717 2257 744 2281 et
764 2254 873 2281 mobilis
889 2255 922 2281 ad
940 2259 1046 2283 restau-

1101 2263 1161 2286 ναι,
1190 2254 1238 2281 καὶ
1261 2251 1442 2289 εὐμετάθετος
1465 2253 1506 2284 είς
1527 2252 1764 2283 ἀποκατάστασιν,
1785 2249 1885 2286 ῥᾳδίως

263 2299 379 2326 randum
409 2298 436 2325 in
456 2298 546 2325 locum
574 2306 666 2330 suum,
694 2298 775 2327 facile
801 2300 994 2333 absconditur,
1021 2305 1049 2328 et

263 2343 372 2371 dil‘ﬂcile
398 2344 547 2371 invenitur.
572 2343 611 2371 lta
634 2348 677 2372 est
694 2352 808 2379 regnum
833 2345 984 2378 caelorum;
1010 2346 1047 2374 ita

263 2393 305 2416 est
325 2388 396 2416 Deus
422 2387 538 2416 Verbum
563 2388 590 2416 iu
612 2397 696 2424 parvo
712 2397 837 2425 magnam
857 2390 984 2418 virtutem
1006 2390 1048 2418 in-

263 2434 346 2461 duhie
375 2433 535 2469 possidens;
564 2441 618 2461 non
647 2434 783 2469 profertur
806 2435 838 2462 ad
864 2443 974 2468 escam,
993 2443 1047 2462 non

262 2479 336 2507 enim
356 2483 400 2506 est
421 2483 661 2512 momentaneum;
690 2487 743 2506 non
763 2484 805 2507 est
829 2480 994 2515 pauperibus
1021 2481 1047 2508 in

264 2531 361 2556 usum,
388 2523 434 2552 sed
460 2524 486 2551 in
509 2525 666 2560 cognitione
688 2524 819 2553 divitibus
846 2526 872 2553 in
898 2525 1049 2560 possessio-

264 2577 346 2603 nem;
375 2569 467 2597 nullus
484 2577 546 2597 eum
569 2571 670 2598 habere
696 2574 787 2605 potest
810 2570 910 2598 virtute
925 2571 1049 2606 indigen-

264 2617 350 2648 tium;
389 2615 571 2650 perfectorum
598 2624 663 2644 vero
691 2617 838 2651 acquisitio
867 2616 905 2644 lit.
936 2616 970 2643 Et
991 2621 1048 2650 post

263 2670 360 2697 pauca.
386 2662 531 2697 Margarita
559 2662 628 2698 lapis
647 2667 690 2690 est
710 2670 725 2690 e
746 2663 876 2690 carnibus
892 2667 982 2695 ortus,
1001 2662 1049 2697 qui

265 2715 363 2742 nempe
393 2715 427 2735 ex
455 2709 554 2736 ostreis
581 2708 705 2744 provenit
730 2718 737 2735 :
757 2709 819 2743 quis
842 2716 905 2743 ergo
928 2709 1049 2736 crederet

266 2753 351 2781 Deum
366 2761 476 2789 quoque
490 2761 505 2781 e
518 2762 601 2782 carne
616 2754 754 2781 hominem
774 2760 866 2782 natum
881 2754 960 2782 esse?
971 2754 1047 2782 lllam

266 2806 320 2826 non
340 2799 506 2826 concharum
532 2799 621 2827 coitus
647 2799 788 2834 producit,
812 2798 859 2826 sed
884 2797 1000 2832 fulguris
1022 2802 1049 2825 ct

267 2851 345 2878 aqua:
357 2845 529 2878 commistio;
548 2845 584 2872 ita
603 2849 630 2872 et
649 2844 777 2872 Christus
793 2849 941 2878 conceptus
958 2848 1001 2870 est
1020 2843 1047 2871 in

269 2889 390 2926 Virgine,
412 2898 444 2918 ex
462 2890 621 2926 operatione
640 2889 759 2926 Spiritus
779 2889 877 2922 sancti,
898 2889 1048 2925 producen-

1099 2299 1262 2335 κρύπτεται,
1282 2299 1330 2325 καὶ
1345 2297 1481 2329 δυσκόλως
1503 2296 1670 2331 εὑρίσκεται.
1698 2295 1793 2326 Οὕτως
1809 2294 1883 2321 ἐστὶν

1098 2345 1116 2380 ἠ
1130 2344 1254 2380 βασιλεία
1279 2344 1334 2370 τῶν
1357 2342 1482 2378 οὐρανῶν
1495 2351 1503 2359 ·
1519 2341 1605 2373 οὕτως
1627 2340 1702 2367 ἐστὶν
1719 2342 1734 2367 ὁ
1751 2339 1818 2371 Θεὸς
1833 2339 1884 2366 Λό-

1098 2396 1157 2422 γος,
1181 2389 1210 2414 ὲν
1230 2387 1328 2422 βραχεῖ
1352 2387 1453 2422 πολλὴν
1475 2386 1590 2420 δύναμιν
1616 2385 1753 2421 περιέχων
1778 2383 1883 2419 σαφῶς.

1099 2433 1137 2460 Οὐ
1150 2433 1294 2469 πρόκειται
1309 2433 1348 2464 είς
1362 2432 1479 2467 βρῶσιν·
1493 2432 1524 2458 οὑ
1536 2432 1591 2466 γάρ
1607 2432 1680 2457 ἐστιν
1696 2430 1862 2465 πρόσκαιρος
1873 2436 1882 2445 ’

1099 2479 1150 2506 οὐκ
1167 2479 1240 2505 ἔστιν
1257 2478 1380 2514 πενήτων
1406 2477 1514 2512 χρῆσις,
1536 2477 1604 2504 ἀλλά
1620 2477 1675 2503 τῶν
1696 2475 1883 2503 πλουτούντων

1099 2525 1128 2550 ὲν
1142 2523 1241 2558 γνώσει
1258 2524 1275 2557 ἡ
1290 2521 1444 2557 κατάληψις
1456 2531 1463 2538 ·
1476 2522 1563 2553 οὐδεὶς
1579 2521 1659 2549 αὐτὸν
1678 2520 1751 2556 ἔχειν
1770 2520 1884 2547 δύναται

1099 2569 1153 2595 τῶν
1177 2568 1293 2603 πτωχῶν
1310 2569 1339 2594 ἐν
1357 2569 1458 2603 ἀρετῇ·
1480 2567 1590 2594 τελείων
1609 2567 1637 2593 δὲ
1653 2567 1748 2601 κτῆμα
1766 2566 1880 2601 γίνεται.

1100 2614 1155 2641 Kal
1165 2614 1228 2648 μετ’
1242 2614 1329 2648 ὀλίγα
1339 2621 1346 2629 ·
1364 2613 1393 2640 '0
1410 2613 1583 2648 μαργαρίτης
1594 2612 1667 2644 λίθος
1681 2612 1756 2638 ἐστὶν
1771 2612 1804 2638 ὲκ
1819 2619 1884 2645 σαρ-

1099 2659 1156 2686 κῶν
1170 2659 1324 2694 γενόμενος,
1340 2659 1381 2685 δτι
1396 2659 1429 2685 ὲκ
1444 2658 1499 2685 τῶν
1512 2659 1630 2693 ὀστρέων
1646 2657 1820 2692 προέρχεται,
1836 2656 1883 2687 Τίς

1099 2703 1146 2732 οὖν
1171 2704 1208 2740 μὴ
1237 2704 1408 2731 πιστεύσειεν
1435 2705 1477 2730 ὃτι
1497 2704 1544 2731 καὶ
1558 2703 1624 2734 Θεὸς
1642 2703 1674 2730 ὲκ
1695 2702 1820 2737 σώματος
1835 2702 1884 2728 ἀν-

1100 2751 1209 2786 θρωπος
1236 2751 1414 2786 γεγέννηται;
1438 2751 1541 2777 ἐκεῖνον
1569 2750 1618 2784 οὐχ
1640 2750 1656 2784 ἡ
1679 2748 1809 2775 συνουσία
1831 2747 1884 2773 τῶν

1100 2797 1206 2832 κόγχων
1223 2797 1345 2832 συνιστᾷ,
1361 2795 1419 2823 ἀλλ’
1435 2797 1451 2831 ἡ
1466 2796 1516 2830 τῆς
1531 2795 1675 2830 ἀστραπῆς
1695 2796 1742 2821 καὶ
1756 2794 1803 2820 τοῦ
1818 2792 1885 2820 ὕδα-

1100 2851 1145 2874 τος
1165 2843 1333 2878 σύγκρασιςο
1351 2842 1436 2872 οὕτως
1450 2842 1497 2868 καὶ
1515 2841 1530 2867 ό
1552 2840 1668 2876 Χριστὸς
1685 2838 1838 2874 συνελήφθη
1855 2838 1885 2864 ὲν

1100 2889 1135 2925 τῇ
1161 2888 1289 2924 Παρθένῳ
1314 2888 1345 2914 ἐκ
1360 2887 1408 2923 τῆς
1434 2887 1530 2922 ἡδονῆς
1547 2886 1594 2914 τοῦ
1616 2885 1694 2921 ἁγίου
1715 2883 1883 2920 [Ῑνεύματος.
