2075 3157
181 196 251 232 ιιιτ

676 196 836 228 SCIIOLIA
855 197 1004 229 VETERA
1025 197 1066 228 ῐΝ
1083 198 1320 230 MATTHIEUM.

1729 200 1802 232 1118

179 252 213 279 lx
226 251 274 279 τοῦ
298 251 458 287 φυράματος
473 251 558 288 αὐτῆς
576 253 759 289 συστήσαντος
781 253 820 288 τῷ
844 253 904 288 Θεῷ
917 253 967 288 τὴν

1025 253 1055 280 iis
1080 261 1112 281 ex
1146 255 1220 283 illius
1253 263 1336 283 carne
1369 262 1528 291 corpoream
1563 256 1618 284 Deo
1641 257 1806 291 assman-io-

180 297 344 333 πρόσληψιν.

221 343 284 370 Ἐὰν
301 343 338 378 μὴ
353 343 492 379 πωλήσῃς,
505 343 561 370 οὒτ’
576 344 610 371 ἂν
622 344 729 381 πράξῃς
742 344 833 371 πίστιν
844 351 853 359 ⁸
870 345 965 379 ἦγουν,

181 388 213 414 Ei
227 387 264 424 μὴ
276 387 340 424 ἔχῃς
353 389 548 424 ἐλεημοσύνην,
561 388 622 416 ob“
635 389 728 421 πίστις
740 398 769 416 σε
782 389 930 425 ὠφελήσει.

218 476 279 512 Χρὴ
293 475 438 510 γινώσκειν
451 477 492 503 ὃτι
507 476 649 512 διέστηκεν
659 477 676 511 ὴ
693 476 836 512 παραϐολὴ
851 476 902 512 τῆς
917 484 967 502 σα-

181 523 271 558 γήνης
290 524 323 558 τῇ
338 523 392 549 τῶν
407 523 552 556 ζιζανίωνι
570 524 628 550 ἐκεῖ
642 524 697 559 γὰρ
710 523 754 550 διὰ
767 524 873 558 αἵρεσιν
888 523 968 550 ἀπόλ-

181 569 292 596 λιιντιια⁴
308 569 355 595 καὶ
362 569 386 595 οι
401 569 454 604 πρὸ
467 569 568 604 ταύτης
581 569 631 604 τῆς
647 569 817 604 παραόολῆς,
833 568 906 602 λέγω
919 568 965 604 δὴ,

182 615 209 641 οἱ
229 615 269 646 εἰς
279 615 325 641 τδν
339 615 452 649 σπόρον,
463 614 507 641 διὰ
519 615 550 641 τὸ
566 615 604 650 μὴ
622 615 767 649 προσέχειν
781 616 838 646 τοϊς
852 614 968 649 λεγομέ-

182 669 238 692 νοις
250 668 258 676 ·
275 658 348 688 οὗτοι
370 660 400 687 Bt
420 660 465 687 διὰ
486 660 548 695 μου
566 660 701 695 πονηρίαν
713 668 722 676 ’
742 660 840 691 οἵτινες
860 660 969 687 πάντων

183 706 253 733 είσὶν
269 705 440 741 ἀθλιώτεροι,
453 706 502 741 τῆς
523 706 573 741 μὲν
588 705 717 740 γνώσεως
735 705 920 741 ἐπιτυχόντες,
937 706 968 732 οὐ

182 751 341 786 δυνηθέντες
353 752 382 778 δὲ
392 752 505 784 δεόντως
522 751 652 788 σωθῆναι.

219 844 265 870 Δεῖ
282 843 381 871 εἰδέναι
402 843 443 871 δτι
457 843 588 871 τοσαῦταί
602 844 671 871 εἰσιν
684 843 739 870 ὁδοὶ
754 844 804 878 τῆς
819 843 967 876 ἀπωλείας,

185 889 203 925 ἢ
224 889 268 916 διὰ
283 891 334 923 τῆς
352 889 456 926 πέτρης
474 889 492 924 η
517 889 562 917 διὰ
589 889 644 916 τῶν
666 889 803 921 ἀκανθῶν,
828 889 845 924 ἢ
861 888 906 916 διὰ
921 889 970 924 τῆς

1020 307 1093 328 nem.

1058 345 1139 374 Vens.
1165 347 1210 374 46.
1232 347 1288 375 Nisi
1309 347 1481 379 vendideris,
1509 355 1562 375 non
1585 356 1676 375 emere
1704 349 1807 383 poteris

1020 396 1119 425 ﬁdenti;
1141 394 1167 421 id
1189 398 1241 427 est,
1263 394 1316 421 nisi
1336 394 1538 429 eleemosynam
1561 394 1668 426 fect-ris,
1687 402 1738 421 non
1759 394 1806 420 tibi

1020 441 1142 477 proderit
1157 441 1232 467 lides.

1058 485 1140 512 Vens.
1156 485 1198 512 47.
1223 485 1336 519 Oportet
1358 492 1523 520 cognoscere
1540 486 1612 520 quod
1633 485 1740 512 differat
1757 493 1806 519 pa-

1021 533 1114 559 rahola
1131 538 1237 566 sagenae
1265 539 1280 558 a
1306 531 1473 558 zizaniorum
1496 532 1634 566 parahola.
1656 531 1713 558 Illic
1733 532 1804 558 enim

1021 576 1057 604 ob
1077 576 1202 602 lneresim
1229 575 1441 609 disperduntur,
1458 580 1484 602 et
1508 576 1534 602 hi
1555 583 1663 610 quoque
1682 576 1728 610 qui
1744 580 1807 602 ante

1021 622 1144 649 eamdem
1165 621 1333 656 parabolam,
1351 621 1400 647 hos
1414 622 1475 648 dico
1490 622 1536 656 qui
1553 625 1618 648 sunt.
1639 622 1666 648 in
1688 622 1806 648 semina-

1023 667 1105 694 tionis
1130 666 1272 700 parabola,
1286 673 1319 692 eo
1338 666 1409 700 quod
1428 674 1482 693 non
1503 667 1584 693 dictis
1598 667 1804 700 obtemperent:

1022 712 1069 740 sed
1097 712 1140 739 hic
1167 712 1203 739 ob
1231 711 1292 738 vita:
1318 712 1484 746 nequitiam,
1507 712 1554 746 qui
1579 718 1675 746 nempe
1701 711 1806 746 pejores

1022 757 1151 783 omnibus
1168 761 1242 786 sunt.
1255 756 1438 790 cognitionem
1450 756 1559 791 quidem
1575 756 1676 790 adepti,
1689 755 1737 783 sed
1752 762 1806 782 non

1022 803 1144 830 valentes
1158 806 1229 829 recte
1244 802 1353 829 salvari.

1059 847 1143 876 Vens.
1160 848 1204 875 ὅθ.
1223 847 1370 875 Sciendum
1386 853 1429 875 est
1446 852 1500 874 tam
1525 847 1624 875 multas
1639 854 1701 874 esse
1718 847 1809 882 perdi-

1024 893 1106 920 tionis
1122 893 1192 925 vias,
1213 893 1270 920 sive
1284 901 1333 927 per
1347 898 1462 927 petram,
1478 898 1526 920 aut
1539 894 1644 928 spinas.
1661 897 1709 920 aut
1723 892 1807 924 viam,

184 935 256 969 ὁδοῦ,
271 936 288 970 ἢ
301 937 346 962 διὰ
362 936 416 963 τῶν
433 936 571 969 ζιζανίων,
585 935 602 970 ἢ
617 936 662 962 διὰ
676 935 726 970 τῆς
742 935 865 970 σαγήνης
875 943 882 950 ·
904 934 971 969 ἀλη-

1025 939 1078 966 sive
1092 946 1140 973 per
1157 939 1273 970 zizanin,
1288 938 1345 966 sive
1359 946 1406 973 per
1420 946 1566 973 sagenam;
1586 945 1651 966 vere
1665 938 1749 973 igitur
1765 941 1808 964 est

185 981 240 1013 θῶς
259 981 314 1017 ἄρα
337 981 452 1008 πλατεῖίι
468 981 566 1016 ἐστινὴ
587 980 644 1012 ὁδὸς
660 980 677 1015 η
700 979 844 1014 ἀπάγουσα
864 979 904 1010 εις
919 979 971 1014 τὴν

184 1027 333 1056 ἀπώλειαν.

219 1074 268 1107 Τὸ,
294 1072 358 1106 Πᾶς
381 1072 587 1107 Γραμματεὺς,
607 1071 699 1107 φησιν,
714 1069 911 1106 μαθητευθεὶς
932 1068 970 1104 τῇ

183 1117 328 1151 ,Βασιλείᾳ
355 1117 415 1144 τῶν
436 1117 582 1151 οὐρανῶν,
595 1116 698 1151 ὅμοιός
719 1115 805 1142 ἐστιν
827 1114 972 1149 ἀνθρώπῳ

185 1164 386 1197 οἰκοδεσπότῃ
397 1183 405 1196 ,
422 1163 508 1196 ὅστις
530 1162 671 1189 ἐκϐάλλει
692 1161 727 1188 ἐκ
745 1160 799 1188 τοῦ
816 1160 972 1194 θησαυροῦ

185 1210 279 1237 αὑτοῦ
302 1209 391 1236 καινὰ
414 1209 461 1236 καὶ
484 1207 608 1236 παλαιά.
640 1207 811 1244 Γραμματέα
833 1207 907 1241 λέγει
925 1206 971 1233 τὸν

185 1256 276 1283 εῑδότα
293 1256 340 1282 τδν
360 1255 452 1290 νόμον,
469 1255 499 1281 ὃν
515 1254 660 1289 ἐπιγνόντα
681 1255 729 1280 καὶ
744 1253 779 1280 τὰ
794 1253 845 1288 τῆς
860 1252 972 1288 χάριτος

186 1300 292 1332 ιῑκάζει
303 1299 430 1326 πλούσιον
442 1298 590 1333 δυνάμενον
600 1297 672 1333 ἔχειν
686 1297 787 1324 πολλῶ
802 1296 832 1323 τὺ
844 1297 873 1324 δὲ
890 1296 972 1324 καινὰ

189 1348 236 1373 καὶ
251 1345 354 1372 παλαιὰ
366 1345 518 1376 ικσάλλιιν,
528 1345 589 1371 ἀντὶ
597 1344 656 1377 τοῦ,
672 1344 728 1371 ἀπὸ
741 1343 793 1378 τῆς
808 1343 912 1377 Καινῆς
925 1342 973 1369 καὶ

187 1391 309 1423 Παλαιᾶς
324 1391 436 1427 Γραφῖκ
445 1390 628 1424 διαλέγεσθαι,
639 1389 761 1416 δύναται.

222 1438 272 1464 Διά
284 1437 311 1463 τί
323 1438 351 1463 tv
367 1436 417 1471 μὲν
429 1437 462 1472 τῇ
477 1435 665 1471 Καπερναοὺμ
677 1434 805 1469 ὶποίησεν
817 1433 927 1469 σημεῖα,
944 1433 974 1460 tv

188 1483 218 1510 δὲ
236 1484 270 1518 τῇ
293 1482 413 1517 πατρίδι,
437 1482 486 1518 τὴν
506 1481 633 1516 Ναζαρὲθ
648 1481 731 1515 λέγω,
755 1480 806 1506 οὐκ
825 1480 972 1514 εποίησενς

189 1529 239 1556 Διά
258 1529 308 1563 τὴν
320 1527 449 1555 ἀπιστίαν
466 1527 567 1558 αὐτῶν,
587 1527 634 1554 καὶ
653 1526 698 1553 διὰ
714 1525 746 1552 τδ
759 1525 850 1559 λέγειν
863 1523 972 1555 αὐτούς·

191 1576 252 1609 οὐχ
268 1573 356 1607 οὗτός
380 1574 467 1600 ἐστιν
488 1574 504 1601 ὁ
520 1572 662 1621 τέκτονος
679 1570 759 1603 vide;
777 1569 823 1602 Ἐξ
843 1566 880 1596 ὧν
895 1570 943 1596 καὶ
960 1570 975 1596 ὁ
986 1592 1009 1621 c

190 1621 307 1656 Χριστὸς
326 1620 416 1653 λέγει,
438 1619 480 1646 ὅτι
504 1616 566 1651 Πᾶς
590 1616 746 1652 προφήτης
768 1616 803 1643 ὲν
823 1615 861 1650 τῇ
880 1616 974 1649 οἰκείᾳ

190 1666 308 1700 πατρίδι
323 1665 436 1699 ἄτιμος.
453 1664 490 1691 οὺ
505 1664 546 1690 δεῖ
559 1663 588 1690 δι
602 1662 657 1690 ἀπὸ
671 1662 725 1689 τῶν
741 1661 859 1688 εὐτελῶν
873 1660 975 1695 γονέων

190 1711 313 1744 κακίζειν
342 1711 419 1743 τινάς
433 1718 440 1726 ·
461 1710 523 1737 ἐπεὶ
542 1710 590 1737 καὶ
612 1709 705 1742 Δασὶδ,
734 1708 781 1735 καὶ
809 1706 910 1743 Ἀμὼε,
928 1705 976 1733 καὶ

190 1760 321 1793 Μωῦσῆς,
339 1758 387 1785 καὶ
403 1758 502 1789 πάντες
518 1757 542 1784 οι
558 1756 695 1792 προφῆται
706 1754 975 1789 ὲξουδενωθήτονται.

225 1806 276 1831 Διὰ
287 1804 313 1831 τι
330 1804 456 1839 ἐποίησεν
474 1803 523 1839 μὲν
539 1803 649 1837 σημεῖα,
667 1801 745 1835 ὀλίγα
767 1800 796 1828 δὲ
812 1800 884 1827 πάνυ
899 1800 928 1826 ὲν
942 1799 975 1833 τῇ

191 1850 302 1885 πατριδι
316 1849 419 1884 αὐτοῦς
445 1850 505 1877 Ἵνα
530 1849 568 1883 μὴ
593 1848 655 1883 δόξῃ
673 1847 809 1882 ὑπερορᾷν
826 1846 924 1876 αὐτοὺς
938 1844 976 1876 ὡς

191 1896 321 1931 ⁴πολέμιος
339 1896 386 1922 καὶ
401 1894 497 1930 ἐχθρός
509 1902 517 1909 '
540 1893 628 1920 πολλά
643 1893 672 1920 δὲ
687 1893 738 1919 οὐκ
751 1890 879 1926 εποίησεν
895 1891 932 1922 ὡς
948 1891 977 1916 tv

191 1938 389 1974 Καπερναοὺμ,
401 1937 446 1964 ἵνα
463 1936 501 1972 μὴ
517 1936 615 1968 αὐτοὺς
628 1935 808 1966 ἀπιστοῦντας
822 1934 978 1970 κατακρίνει

193 1983 336 2020 μειζόνως.

487 2044 613 2072 ΚΕΦΑΔ.
631 2043 682 2071 1Δ’.

234 2110 428 2141 Ἀποθανόντος
446 2107 495 2136 τοῦ
515 2107 639 2135 Ἰωάννου
655 2106 671 2143 ῆ
688 2106 737 2134 καὶ
749 2105 976 2142 παραδιδομένου,

192 2158 238 2186 ὅτε
255 2156 374 2192 ἥκουσαν
393 2155 418 2181 οἱ
437 2153 557 2181 Ἰουδαῖοι
578 2153 620 2180 ὃτι
634 2153 759 2184 πλείονας
775 2152 830 2187 ἔχει
852 2151 978 2188 μαθητὰς

193 2205 208 2232 ὸ
221 2202 349 2238 Χριστὸς,
364 2200 409 2228 διὰ
424 2199 451 2227 τί
464 2199 586 2226 κατιδίαν
599 2198 772 2234 ἀνεχώρησεν
784 2206 792 2231 ;
808 2198 871 2225 Ὅτι
884 2197 977 2233 καιρὸς

1021 984 1074 1012 lata
1089 985 1132 1011 via
1148 992 1209 1019 quae
1223 983 1299 1012 ducit
1315 984 1348 1011 ad
1364 984 1553 1019 perditionem.

1056 1074 1138 1103 Ἴης.
1162 1075 1207 1102 52.
1224 1074 1316 1102 Omnis
1332 1074 1445 1107 Scriba,
1468 1074 1552 1107 dicit,
1571 1074 1664 1101 doctus
1685 1075 1713 1102 in
1730 1082 1808 1109 regno

1021 1121 1156 1152 caelorum.
1172 1121 1268 1148 similia
1289 1126 1327 1147 est
1341 1121 1440 1147 homini
1457 1121 1659 1154 patrifamiliae,
1678 1121 1723 1155 qui
1744 1128 1807 1155 pra-

1022 1167 1073 1201 [οτι
1097 1167 1130 1193 de
1146 1167 1271 1193 thesauro
1285 1174 1333 1193 suo
1350 1174 1415 1192 nova
1436 1171 1460 1192 et
1482 1171 1577 1192 vetera.
1596 1165 1719 1192 Scribam
1742 1166 1810 1192 dicit

1022 1212 1089 1247 legis
1105 1213 1233 1248 peritum,
1250 1219 1332 1246 quem
1355 1212 1486 1238 scientem
1502 1216 1528 1238 et
1546 1211 1640 1246 gratiae
1656 1212 1726 1237 dona
1746 1219 1809 1245 pus-

1023 1257 1157 1285 sidentem
1181 1257 1263 1284 multa
1293 1257 1395 1284 habere
1419 1264 1499 1292 posse
1524 1256 1663 1291 supponit.
1685 1255 1759 1283 Nova
1782 1261 1810 1283 et

1023 1307 1112 1329 vetera
1133 1301 1265 1337 proferre,
1289 1302 1360 1329 idem
1376 1307 1456 1329 sonat
1472 1310 1504 1329 ae
1526 1309 1607 1337 posse
1622 1302 1655 1329 de
1673 1301 1763 1329 Veteri
1782 1305 1810 1329 et

1022 1347 1098 1376 Nova
1115 1347 1256 1376 Scriptura
1271 1348 1418 1376 disserere.

1061 1441 1142 1470 Vens.
1159 1441 1204 1469 58.
1218 1441 1274 1469 Cur
1293 1442 1320 1469 in
1339 1440 1530 1476 Capharnaum
1551 1441 1615 1468 fecit
1630 1441 1718 1476 signa,
1735 1443 1762 1467 et
1781 1440 1809 1466 in

1023 1489 1123 1525 patria,
1134 1488 1158 1515 id
1171 1493 1213 1516 est
1224 1488 1250 1514 in
1266 1486 1412 1519 Nazareth,
1426 1494 1480 1512 non
1496 1485 1576 1513 fecit?
1590 1484 1703 1519 Propter
1714 1491 1809 1511 eorum

1025 1534 1262 1564 incredulitatem,
1282 1537 1309 1560 et
1331 1540 1363 1559 eo
1379 1532 1450 1566 quod
1468 1531 1597 1558 dicebant
1622 1539 1629 1557 :
1652 1529 1747 1557 Nonne
1766 1529 1811 1556 hic

1025 1583 1067 1606 est
1079 1578 1149 1605 I'ahri
1161 1578 1254 1605 ﬁlius?
1274 1577 1312 1604 Ex
1329 1585 1383 1612 quo
1398 1576 1526 1603 Christus
1537 1575 1605 1602 dicit
1619 1582 1727 1602 omnem
1748 1582 1810 1609 pro-

1025 1624 1134 1659 phetam
1162 1624 1188 1650 in
1218 1622 1326 1657 propria
1350 1621 1435 1657 patria
1459 1629 1519 1648 esse
1535 1621 1594 1647 sine
1615 1620 1729 1646 honore.
1751 1618 1810 1645 Non

1028 1673 1135 1704 oportet
1149 1672 1238 1695 autem
1263 1667 1299 1694 ob
1320 1670 1463 1701 parentum
1487 1664 1702 1692 mediocritatem
1728 1670 1812 1698 quos-

1029 1714 1091 1742 dam
1116 1713 1293 1748 exprobrare,
1320 1719 1380 1738 cum
1401 1711 1495 1742 David,
1525 1710 1618 1741 Amos,
1641 1709 1758 1744 Moyses.
1782 1712 1811 1736 et

1026 1767 1122 1788 omnes
1137 1759 1275 1795 propheta:
1290 1758 1410 1785 inﬁmam
1426 1757 1560 1792 originem
1576 1756 1730 1783 habuerint.

1061 1806 1116 1834 Cur
1131 1805 1195 1832 fecit
1216 1804 1325 1839 quidem
1350 1803 1446 1838 signa,
1471 1802 1618 1829 admodum
1637 1808 1701 1827 vero
1724 1806 1812 1834 pauca

1026 1851 1052 1879 in
1069 1851 1156 1887 patria
1175 1850 1247 1877 sua?
1263 1849 1302 1877 Ne
1317 1849 1457 1876 videretur
1473 1848 1534 1876 illos
1557 1847 1697 1881 despicere
1713 1850 1742 1872 ut
1763 1845 1812 1872 ini-

1027 1898 1115 1925 micus
1126 1901 1153 1924 ct
1166 1896 1310 1929 infensus;
1324 1896 1408 1922 multa
1421 1899 1512 1922 autem
1528 1902 1581 1920 non
1597 1893 1661 1920 fecit
1675 1897 1705 1918 ut
1722 1892 1747 1918 in
1761 1891 1812 1918 Ca-

1027 1944 1190 1978 pharnaum.
1206 1949 1240 1969 ne
1256 1941 1318 1968 illos
1331 1940 1486 1968 incredulos
1501 1939 1589 1974 magis
1604 1938 1810 1965 condemnaret.

1318 2045 1432 2074 CAPUT
1450 2043 1522 2072 XIV.

1063 2112 1144 2140 Vens.
1163 2111 1189 2138 L
1216 2110 1323 2138 Mortuo
1338 2109 1443 2137 Joanne
1459 2112 1507 2135 aut
1523 2106 1556 2134 ad
1570 2106 1735 2141 supplicium
1756 2110 1812 2132 tra-

1027 2159 1099 2190 dito,
1117 2165 1180 2184 cum
1208 2156 1354 2183 audierunt
1379 2154 1465 2182 Judaei
1489 2154 1582 2188 plures
1610 2152 1708 2178 habere
1722 2151 1813 2181 ,disei-

1028 2204 1108 2238 pulos
1136 2202 1298 2234 Christum,
1323 2208 1373 2227 cur
1398 2206 1522 2227 seorsum
1544 2205 1573 2225 se
1593 2196 1725 2224 contulit?
1744 2196 1814 2229 Quia

194 2248 241 2276 τοῦ
256 2248 357 2279 πάθους
370 2246 421 2273 οὐκ
438 2243 483 2281 ἦν,
499 2245 546 2271 καὶ
558 2245 599 2271 ὅτι
612 2243 859 2279 ἀνθρωπικώτερον
870 2243 974 2277 διοικεῖ,

1029 2254 1136 2284 tempus
1148 2246 1287 2283 passionis
1307 2253 1362 2273 non
1381 2251 1450 2275 erat.
1464 2249 1491 2271 et
1505 2242 1658 2270 humaniori
1682 2242 1763 2269 modo
1784 2249 1814 2269 se

197 2294 235 2330 μὴ
259 2294 418 2330 βουλόμενος
432 2291 586 2327 γνωσθῆναι
603 2292 645 2318 ὅτι
662 2291 677 2318 ὁ
699 2291 818 2325 Χριστός
837 2291 913 2317 ἔστι·
937 2290 977 2317 διὸ

195 2341 244 2366 καὶ
256 2340 312 2370 τοϊς
331 2338 465 2373 μαθηταῖς
482 2337 574 2371 ἔλεγεν
590 2336 685 2372 μηδενὶ
700 2337 798 2367 εἰπεῖν,
817 2337 858 2364 ὅτι
871 2337 946 2363 ἐστιν
963 2337 978 2363 ὁ

194 2385 329 2421 Χριστός·
357 2383 426 2419 μετά
447 2383 501 2419 γὰρ
516 2383 564 2419 τὴν
589 2383 738 2411 ἀνάστασιν
758 2383 883 2411 ὶδούλετο
897 2383 979 2410 τοῦτο

196 2430 323 2466 γενέσθαι
337 2429 557 2465 γνωριμώτερον.

231 2478 281 2505 Διά
302 2476 330 2503 τί
353 2475 396 2503 ἀεὶ
417 2475 467 2502 οὐκ
483 2476 512 2502 tv
526 2475 650 2511 πολιτείᾳ
673 2476 689 2510 ἢ
707 2475 751 2502 ἀεὶ
767 2476 818 2502 οὐκ
832 2476 861 2502 ὲν
876 2477 980 2512 ἐρημίᾳ

195 2524 274 2560 διῆγε
286 2531 294 2556 ;
308 2522 364 2549 Καὶ
379 2522 422 2548 ἀεὶ
438 2521 489 2556 μὲν
509 2522 539 2548 tv
554 2521 678 2556 πολιτείᾳ
701 2521 730 2548 οὐ
752 2521 845 2556 διῆγεν
860 2522 877 2557 ἢ
891 2522 980 2549 ἐδίδα-

196 2578 261 2597 σκεν
273 2588 281 2600 ,
296 2568 340 2595 ἴνα
364 2567 401 2603 μὴ
423 2567 600 2602 κατηγορηθῇ
616 2566 654 2598 ὡς
672 2567 823 2602 μαχόμενος
843 2567 893 2603 τὴν
907 2568 982 2594 πολι-

195 2615 281 2647 τείαν,
295 2614 342 2641 καὶ
355 2612 510 2648 ἀποσχίζων
524 2612 628 2639 ἐκεῖθεν
638 2613 700 2643 τοὺς
715 2612 840 2645 πολλούς.

228 2661 278 2688 Διὰ
303 2660 329 2687 τί
352 2660 402 2686 οὐκ
423 2660 534 2686 ἀπαιτεῖ
551 2658 643 2685 πίστιν
660 2659 715 2689 τοῖς
739 2658 848 2693 ὄχλοιςς
874 2659 936 2685 Ὅτι
953 2658 982 2686 τὸ

197 2705 412 2742 παρακολουθεῖν
428 2704 477 2732 δια)⁵
498 2704 530 2731 τὸ
543 2705 573 2730 tv
593 2704 722 2739 ἐρημίαις
737 2703 864 2738 ἔρχεσθαι
884 2705 932 2731 καὶ
952 2705 983 2731 τὸ

197 2751 415 2787 προσκαρτερεῖν
429 2750 476 2777 καὶ
490 2750 571 2785 δίψης
584 2749 743 2784 ἀνέχεσθαι,
760 2750 809 2784 τὴν
824 2749 916 2776 πίστιν
936 2750 983 2777 αὑ·

198 2797 276 2824 τόθεν
291 2796 429 2832 γνώριμον
446 2796 513 2832 ἔχει.

233 2841 284 2868 Διὰ
303 2842 329 2868 τί
352 2843 402 2869 οὐκ
427 2841 514 2874 εἶπεν,
539 2841 640 2876 Δίδωμι
664 2841 755 2872 αὐτοῖς
772 2841 879 2875 φαγεῖν,
898 2841 982 2874 ἀλλὰ,

207 2887 306 2922 Ὑμεῖς
331 2888 399 2916 δότε
421 2889 540 2922 αὑτοῑς;
568 2886 787 2923 Είρωνικώτερόν
812 2895 869 2918 πως
896 2886 984 2921 λέγων

1029 2295 1109 2330 gerit.
1133 2294 1230 2321 nolens
1246 2291 1375 2327 cognosci
1399 2296 1429 2317 ut
1449 2290 1586 2317 Christus.
1602 2288 1666 2315 Ideo
1683 2293 1711 2314 et
1731 2287 1815 2314 disci-

1028 2340 1099 2375 pulis
1112 2339 1225 2374 jubebat
1240 2337 1342 2364 nemini
1363 2336 1486 2363 dicerent
1503 2334 1575 2369 quod
1591 2334 1717 2361 Christus
1732 2338 1814 2360 esset.

1029 2384 1097 2412 Nam
1123 2390 1183 2419 post
1207 2383 1436 2411 resurrectionem
1458 2380 1565 2408 volebat
1587 2379 1614 2407 id
1633 2379 1690 2407 lieri
1710 2379 1816 2406 illustre

1030 2431 1127 2466 magis.

1068 2475 1149 2503 Vens.
1166 2475 1210 2502 l5.
1236 2474 1326 2506 Quare
1350 2479 1457 2507 semper
1478 2475 1525 2499 aut
1543 2471 1570 2498 in
1596 2470 1743 2501 societate,
1769 2472 1816 2495 aut

1032 2529 1139 2557 semper
1157 2521 1184 2548 in
1207 2520 1358 2548 solitudine
1371 2527 1426 2546 non
1442 2518 1533 2552 degit?
1556 2516 1668 2551 Semper
1684 2516 1709 2542 in
1728 2515 1816 2542 socie-

1031 2573 1087 2596 tate
1104 2575 1157 2595 non
1175 2567 1248 2602 degit
1265 2566 1309 2592 vel
1324 2565 1429 2596 docuit,
1450 2572 1484 2591 ne
1501 2567 1678 2590 accusaretur
1693 2560 1815 2589 Societati

1032 2613 1156 2642 infensus
1170 2611 1267 2644 fuisse,
1284 2615 1311 2638 et
1328 2611 1363 2638 ab
1375 2618 1407 2637 ea
1423 2610 1524 2637 multos
1539 2613 1671 2634 aVertere.

1068 2659 1150 2686 Vens.
1170 2658 1213 2685 M.
1232 2657 1286 2685 Cur
1301 2664 1354 2684 non
1371 2657 1450 2683 Iidem
1465 2663 1480 2682 a
1501 2654 1589 2681 turbis
1610 2652 1733 2687 expetit?
1747 2651 1816 2685 Quia

1034 2706 1110 2741 sequi
1127 2705 1214 2736 illum,
1233 2704 1259 2730 in
1275 2703 1390 2730 desertis
1410 2702 1461 2728 iter
1476 2701 1576 2732 facere,
1593 2704 1620 2727 et.
1633 2705 1816 2733 perseverare,

1033 2757 1062 2779 et
1082 2752 1155 2779 sitim
1174 2750 1322 2782 sustinere,
1344 2749 1423 2776 tidem
1448 2755 1495 2782 per
1514 2754 1544 2774 se
1558 2745 1712 2773 evidentem
1736 2744 1816 2775 iacie-

1033 2798 1110 2825 bant.

1070 2843 1152 2870 Vens.
1168 2841 1210 2869 l6.
1226 2841 1281 2868 Cur
1292 2848 1344 2867 non
1358 2839 1437 2869 dixit,
1451 2838 1489 2865 Do
1502 2837 1556 2864 illis
1569 2836 1746 2869 manducare,
1758 2835 1818 2869 sed,

1036 2888 1102 2918 Date
1123 2895 1165 2914 vos
1179 2887 1232 2914 illis
1242 2887 1255 2913 ?
1270 2886 1406 2914 lronicum
1420 2883 1559 2918 quoddam
1577 2882 1616 2911 eis
1630 2882 1737 2915 dicens,
1752 2889 1816 2915 quo‘
