2075 3157
248 184 318 216 1H9

599 183 794 213 OPUSCULA
811 182 1125 214 SCRIPTURISTICA
1143 183 1319 215 [ΝεΕιιΤίΕ
1336 183 1492 213 ΑἘΤΑΤΙΞ.

1796 182 1867 218 1120

247 241 322 267 niam
352 243 384 266 ut
404 237 508 266 homini
530 237 619 265 adhuc
635 238 675 264 illi
694 236 883 270 adha‘rebaut;
906 238 965 265 ideo
990 246 1030 266 re-

1086 239 1149 273 πρὸς
1169 238 1279 269 αὐτοὺς,
1295 237 1389 272 ἐπειδὴ
1408 238 1446 268 ὡς
1468 236 1602 272 ἀνθρώπῳ
1625 239 1768 273 προσεῖχον
1793 239 1868 274 αὐτῷ

248 285 383 319 spondent
398 293 405 312 :
421 283 483 310 Non
501 283 624 310 habemus
637 283 688 309 nisi
701 283 814 317 quinque
830 291 909 316 panes
924 288 949 310 et
965 284 1031 311 duos

246 333 340 364 pisces.

286 376 369 403 Vsus.
386 375 428 402 l9.
450 374 523 406 Haec,
537 382 619 408 super
632 373 724 401 fenum
739 382 835 402 omnes
846 375 1030 407 discumbere,

249 428 276 449 et
297 428 409 448 securos
438 427 510 450 esse,
530 419 603 454 quod
629 419 695 446 nihil
713 419 799 453 magis
825 426 924 452 panum
941 424 966 445 ct
990 419 1032 454 pi-

248 467 336 494 srium
352 465 447 492 datum
460 466 522 496 erit.
540 469 567 493 et
583 472 720 499 apponere
738 465 782 491 illa
801 465 968 495 communia,
980 464 1032 491 bu-

249 513 402 543 militatem.
420 511 614 546 aequalitatem,
635 517 663 538 et
686 511 889 543 abstinentiam,
905 511 955 538 hoc
973 511 1032 538 solo

247 557 320 592 quod
337 557 428 584 omnia
444 561 508 584 sunt
524 557 677 584 communi:-
695 557 854 584 educebant.

283 603 338 630 Cur
361 603 468 638 aspexit
494 603 520 629 in
537 603 636 630 coelum
659 607 686 629 et
708 602 865 629 benedixit?
888 601 923 629 Ut
942 606 1034 630 osten-

249 649 325 676 deret
349 656 378 676 se
392 656 406 675 a
427 648 506 676 Patre
522 656 594 681 esse,
617 653 640 675 el
666 648 699 675 ad
729 655 851 675 invnsam
877 648 1033 676 accedendo

249 700 377 729 oportere
393 703 487 729 preces
501 700 528 722 et
543 695 692 729 gratiarum
710 695 832 721 actiones
849 694 882 721 ad
898 695 972 721 illum
986 696 1031 730 qui

248 746 340 766 escam
354 739 456 773 praebet
470 739 598 773 dirigere.

285 782 343 809 Non
360 783 424 810 facit
443 791 457 811 e
480 791 533 810 non
550 783 758 815 exsistentibns,
778 783 825 810 sed
848 790 879 810 ex
898 783 1034 810 exsistan-

250 828 323 856 tihus
333 829 459 864 panibus,
484 829 631 857 oceludens
652 828 798 856 Marcionis
820 833 848 856 et
873 829 1034 857 Manichae—

251 883 311 902 rum
335 884 367 904 os
385 877 550 904 creationem
572 877 609 903 illi
631 877 808 904 abnuentium
828 886 835 904 :
865 877 946 904 simul
970 879 1033 912 quia

1082 283 1138 309 ἔτι·
1160 283 1200 309 διὸ
1230 283 1278 310 καὶ
1305 282 1445 316 λέγουσιν·
1476 282 1537 309 Οὐκ
1554 282 1664 317 ἔχομεν
1677 284 1703 309 εὶ
1717 284 1760 318 μὴ
1778 283 1868 312 πέντε

1081 328 1189 362 ἄρτους
1205 327 1253 354 καὶ
1265 327 1319 354 δύο
1332 327 1446 360 Ζχθύιις.

1118 372 1155 399 Τὸ
1175 372 1221 399 ἐπὶ
1249 371 1371 403 στιϐάδος
1403 373 1502 403 αὐτοὺς
1527 371 1680 404 ἀνακλῖναι,
1710 372 1803 399 καὶτὸ
1827 373 1867 405 εὶς

1083 418 1173 445 ἄδειαν
1188 415 1270 448 εἶναι,
1287 417 1371 452 μηδὲν
1387 417 1467 443 πλέον
1482 417 1571 451 ἄρτων
1586 417 1677 444 δοῦναι
1692 418 1739 444 καὶ
1754 419 1784 444 τὸ
1798 427 1866 454 προ-

1084 465 1168 491 θεῖναι
1187 463 1257 490 αὐτὰ
1285 463 1376 494 κοινὰ,
1402 463 1653 498 ταπεινοφροσύνην
1668 464 1714 490 καὶ
1728 465 1757 490 τὸ
1776 465 1866 498 ὅμοιον

1083 510 1130 537 καὶ
1145 509 1202 536 ἴσον
1214 510 1260 536 καὶ
1275 509 1446 544 ἐγκράτειαν,
1459 509 1497 544 τῷ
1510 509 1588 536 κοινὰ
1599 507 1669 536 εἶναι
1685 511 1774 537 πάντα
1789 509 1868 537 ἐπαί-

1082 555 1167 583 δευεν.

1118 602 1196 632 Τίνος
1213 601 1292 636 χάριν
1309 601 1454 636 ἀνέϐλεψεν
1477 602 1517 633 εἰς
1535 601 1582 628 τδν
1599 601 1715 637 οὐρανὸν
1730 601 1777 628 καὶ
1794 601 1869 628 εὐλό-

1084 655 1167 681 γησεν
1179 658 1186 679 ;
1199 648 1256 674 Ἵνα
1269 647 1344 683 δείξῃ
1358 648 1400 674 ὁτι
1415 647 1469 674 ἀπὸ
1482 648 1528 673 τοῦ
1542 648 1647 682 Πατρός
1659 649 1734 676 ἐστιν
1745 656 1752 665 ’
1768 649 1814 674 καὶ
1826 649 1868 674 ὅτι

1085 692 1236 727 ἁπτόμενος
1248 693 1386 727 τραπέζης
1402 693 1454 727 χρὴ
1472 693 1681 728 προσεύχεσθαι,
1692 693 1732 728 τῷ
1744 693 1793 728 τὴν
1805 702 1870 728 τροο

1085 737 1138 771 φὴν
1151 737 1296 771 παρέχοντι
1308 737 1540 772 εὐχαριστοῦντες.

1120 782 1157 808 Οὺ
1174 784 1247 808 ποιεῖ
1259 783 1290 808 ὲκ
1305 783 1342 817 μὴ
1354 783 1439 809 ὅντων
1453 782 1511 809 ἀλλ’
1525 782 1554 815 ἐξ
1569 782 1653 809 ὖντων
1668 782 1730 814 τοὺς
1752 782 1868 817 ἄρτους,

1086 828 1248 862 ἑμφράττων
1262 827 1291 854 τὸ
1304 828 1466 863 Μαρκίωνος
1479 829 1526 854 καὶ
1539 828 1698 862 Μανιχαίων
1716 827 1804 862 στόμα
1814 827 1868 853 τῶν

1086 872 1134 908 τὴν
1157 873 1246 900 κτίσιν
1269 873 1480 908 ἀλλοτριούντων
1503 872 1600 899 αὑτοῦ·
1629 873 1687 907 ἅμα
1714 873 1754 899 ὅτι
1775 873 1870 899 καὶτὰ

251 929 311 955 qua:
329 921 453 950 videntur
466 929 548 956 opera
563 922 636 950 illius
649 927 723 955 sunt,
736 927 764 950 et
781 923 892 957 ipsequi
902 910 1032 958 loquitur:

1086 918 1212 954 ὁρώμενα
1236 919 1305 953 ἔργα
1336 918 1417 945 αὑτοῦ
1442 919 1534 945 ἐστιν⁸
1558 919 1605 945 καὶ
1631 918 1711 950 αὐτὸς
1730 919 1744 945 ὁ
1770 917 1868 945 είπών·

250 965 355 994 Educet
369 975 452 1002 aqua;
464 967 614 1002 inferiores.

287 1011 370 1039 Vsus.
387 1013 432 1040 20.
450 1012 505 1040 Cur
517 1013 600 1048 jussit
616 1021 760 1048 superesse
781 1022 865 1048 panos
888 1019 915 1042 et
933 1022 1033 1049 panum

250 1057 423 1092 fragmenta?
448 1058 486 1086 Ne
514 1063 656 1093 putaretur
679 1060 849 1093 phanlasiam
877 1067 937 1087 esse
961 1060 1034 1094 quod

251 1103 353 1129 factum
378 1108 448 1133 erat.
464 1104 510 1131 sed
534 1105 694 1138 probaretur
707 1112 753 1138 per
776 1105 933 1139 superantia
948 1109 974 1132 et
993 1105 1036 1132 die

250 1148 369 1175 crastino
381 1148 496 1176 videnda
510 1153 537 1176 et
551 1149 726 1182 comedenda,
741 1149 806 1175 illud
823 1157 915 1176 rerum
928 1157 999 1177 esse.

289 1240 369 1267 \‘sas.
384 1239 429 1266 2|.
445 1239 473 1266 in
491 1239 598 1266 deserto
613 1239 678 1266 facit
693 1247 794 1274 panum
811 1240 985 1273 miraculum,
1002 1249 1036 1268 ne

251 1285 396 1312 videantur
405 1294 420 1312 e
435 1293 503 1319 pago
516 1294 599 1319 partes
611 1287 760 1316 sumpsisse
772 1295 779 1318 ;
795 1291 821 1313 et
834 1287 900 1313 hora
914 1287 1036 1321 ejusdem

252 1339 334 1358 causa
351 1331 469 1358 indicata
484 1331 535 1357 fuit
550 1341 557 1359 :
574 1331 641 1358 Sero
654 1331 709 1366 jam
725 1336 794 1362 erat.
810 1332 915 1359 dicunt.

287 1376 369 1404 Vsus.
401 1376 447 1404 22.
467 1377 531 1404 Post
550 1377 712 1404 miraculum
743 1378 887 1404 confestim
911 1379 936 1405 in
961 1378 1037 1404 nari-

252 1421 344 1449 culam
371 1422 506 1453 ascendit,
532 1422 633 1449 docens
658 1429 711 1448 non
738 1422 773 1449 ob
798 1430 895 1449 vanam
922 1423 1036 1458 glorianti

253 1467 346 1494 turbas
361 1468 469 1494 trahere
481 1472 543 1502 post
556 1475 597 1498 se,
612 1469 675 1494 vani
688 1467 804 1494 nominis
820 1458 925 1501 gratia.-

288 1512 403 1540 Tantum
422 1513 568 1542 admirata.
581 1517 623 1540 est
637 1513 728 1545 turba,
750 1518 779 1540 ut
795 1521 883 1548 regem
902 1513 1038 1541 voluerint

1092 964 1272 999 Ὲξιιῖαγέτω
1286 965 1321 991 τὰ
1334 964 1427 991 ῧόιιτα
1441 963 1560 998 ἑρπετά.

1121 1010 1170 1036 Διὰ
1194 1009 1220 1036 τί
1243 1010 1383 1036 ἐκέλευσεν
1408 1009 1584 1044 περισσεῦσαι
1600 1009 1698 1044 ἄρτους
1717 1008 1764 1035 καὶ
1780 1009 1874 1045 ἄρτων

1086 1055 1244 1091 κλάσματα;
1263 1055 1322 1082 Ἵνα
1347 1055 1383 1091 μὴ
1400 1056 1513 1090 νομισῡῇ
1536 1055 1671 1090 φαντασία
1694 1055 1723 1081 τὸ
1741 1053 1868 1089 γεγονὸς,

1086 1102 1144 1129 ἀλλ’
1167 1101 1282 1137 ἐλεγχθῇ
1308 1103 1340 1128 ἐκ
1366 1102 1419 1128 τῶν
1438 1102 1573 1136 περιττῶν
1596 1102 1642 1128 καὶ
1667 1101 1812 1136 ὁρωμένων
1830 1101 1870 1132 είς

1086 1147 1135 1182 τὴν
1164 1146 1258 1181 αὔριον
1286 1147 1333 1174 καὶ
1366 1147 1542 1182 ἐσθιομένων,
1579 1147 1620 1173 ὅτι
1646 1147 1760 1173 κάκεῖνα
1782 1145 1870 1181 ἀληθῆ

1085 1190 1166 1228 ἦσαν.

1127 1239 1172 1265 Ἐν
1197 1239 1292 1274 ἐρήμῳ
1317 1240 1389 1265 ποιεῖ
1411 1239 1442 1265 τὺ
1467 1239 1522 1266 τῶν
1546 1238 1636 1274 ἄρτων
1655 1238 1756 1273 θαῦμα,
1774 1238 1817 1264 ἵνα
1833 1237 1871 1273 μὴ

1086 1283 1196 1316 δόξωσιν
1220 1285 1273 1311 ἀπὸ
1297 1285 1393 1320 κώμης
1417 1285 1508 1311 λαϐεῖν
1526 1285 1642 1320 ἄρτους·
1668 1285 1715 1311 καὶ
1737 1284 1827 1319 ήῶρα
1842 1283 1872 1310 δὲ

1087 1330 1131 1359 διὰ
1146 1329 1224 1356 τοῦτο
1241 1330 1373 1365 ἐδηλώθη.
1394 1331 1456 1365 Ὀψὲ
1469 1331 1523 1365 γὰρ
1538 1328 1582 1366 ἦν,
1597 1330 1689 1365 φησιν.

1122 1375 1200 1401 Μετὰ
1220 1375 1250 1401 τὶ)
1269 1375 1360 1409 θαῦμα
1379 1375 1459 1406 εὐθὺς
1473 1375 1597 1409 ὲμὸαίνει
1611 1375 1651 1405 εἰς
1665 1374 1694 1400 τὸ
1712 1373 1812 1404 πλοῖον,
1829 1372 1871 1398 δι-

1087 1420 1194 1447 δάσκων
1211 1421 1249 1456 μὴ
1267 1423 1298 1447 ὲκ
1320 1420 1475 1454 κενοδοξίας
1489 1420 1630 1456 ἐπισύρειν
1649 1419 1754 1455 ὄχλους,
1770 1417 1872 1453 ὀνόμαο

1086 1474 1132 1497 τος
1147 1465 1238 1493 ἕνεκεν
1255 1467 1344 1494 κενοῦ.

1123 1511 1255 1538 Τοσοῦτον
1271 1512 1424 1547 ἐθαύμασεν
1437 1512 1452 1538 ὁ
1467 1512 1554 1548 ὄχλος,
1571 1513 1612 1538 ὃτι
1628 1511 1674 1537 καὶ
1687 1509 1800 1544 βασιλέα
1814 1509 1872 1536 ὲοέ-

252 1558 329 1586 illum
355 1559 464 1592 facere;
490 1563 608 1586 attamen
639 1559 666 1586 in
695 1559 757 1586 aliis
778 1559 918 1587 miraculis
941 1559 1035 1587 nullibi

1089 1557 1174 1592 λησαν
1190 1558 1299 1593 ποιῆσαι
1319 1558 1413 1584 αὐτόν·
1430 1557 1518 1584 καίτοι
1532 1565 1564 1590 γε
1578 1556 1624 1583 ἐπὶ
1637 1556 1691 1582 τῶν
1707 1555 1794 1583 ἄλλων
1807 1554 1872 1581 Osu-

253 1605 324 1632 itletn
340 1605 462 1640 conligit.

291 1650 373 1678 Vens.
388 1651 431 1678 2L
448 1650 540 1678 Primo
561 1651 644 1678 iluctu
656 1650 765 1685 iactatis
782 1650 929 1677 auxiliatur
943 1657 958 1676 a
976 1657 1039 1684 pro-

253 1697 358 1732 posito;
379 1704 441 1723 mox
464 1701 554 1723 autem
572 1696 636 1723 sinit
659 1695 757 1730 jactari
780 1695 807 1721 in
827 1695 912 1721 maris
937 1695 1036 1727 medio,

255 1743 392 1770 sustinere
405 1742 466 1769 illos
477 1741 599 1769 docens:
616 1749 670 1768 non
690 1740 832 1768 confestim
851 1744 941 1767 autent
962 1740 1039 1768 adve-

257 1788 308 1821 nit,
336 1795 467 1815 exercens
483 1795 531 1815 eos
547 1788 580 1814 ad
599 1787 730 1823 majorem
756 1786 842 1821 ipsius
859 1786 1038 1818 desiderium,

254 1836 282 1858 et
310 1839 424 1858 monens
456 1838 492 1858 ne
517 1831 642 1859 celeriter
670 1835 828 1866 exspectent
854 1831 1038 1867 periculorum

255 1877 456 1905 liberationem.

295 1922 377 1950 Vens.
394 1922 439 1949 9.8.
456 1922 511 1950 Cur
530 1929 584 1949 non
598 1922 664 1950 dixit
679 1921 784 1954 Petrus,
799 1921 867 1949 Jube
884 1928 927 1948 me
943 1921 1040 1948 ambu-

255 1967 312 1995 lare
324 1975 406 2002 super
420 1975 515 2002 aquas,
536 1968 594 2000 sed,
610 1967 678 1994 lube
694 1976 734 1994 me
751 1967 785 1993 ad
802 1973 825 1993 te
849 1967 956 1994 venire?
970 1966 1039 1998 Quia

256 2014 332 2048 prius
347 2020 380 2041 ex
396 2013 589 2045 ostentatione,
605 2013 742 2047 posterius
766 2017 856 2040 autem
874 2019 890 2039 e
906 2011 1040 2039 eharitate

253 2065 308 2087 est.

292 2105 374 2134 Vsus.
399 2106 444 2133 50.
470 2105 525 2133 Cur
548 2113 609 2133 cum
637 2104 806 2140 permisisset
823 2104 916 2131 venire
933 2103 966 2130 ad
992 2110 1038 2135 se,

257 2158 328 2186 aqua
356 2151 440 2186 mergi
459 2150 579 2179 dimisit?
596 2150 634 2177 Eo
651 2150 722 2184 quod
737 2149 837 2176 ardens
850 2154 908 2175 erat
922 2153 949 2175 et
962 2147 1040 2174 adni-

255 2202 326 2228 tens.
341 2205 394 2224 non
411 2196 567 2231 prohibuit;
581 2196 627 2223 sed
640 2195 721 2222 rebus
735 2195 899 2228 persuadere
913 2192 1039 2227 suscipit,

256 2251 310 2270 non
325 2244 360 2270 ita
376 2229 504 2278 possibile
516 2249 577 2270 esse
591 2249 676 2276 prope
689 2241 828 2268 Christum
843 2247 913 2272 esse,
929 2239 1039 2274 quando
1057 2229 1078 2256 υ

256 2296 309 2316 non
327 2290 402 2316 adest
417 2289 494 2316 ﬁdes.

292 2334 375 2362 Vens.
391 2335 436 2361 51.
453 2333 518 2366 Cur,
531 2338 676 2368 antequam
687 2337 781 2360 ventos
795 2331 912 2364 sedaret,
928 2337 1038 2358 manum

254 2380 451 2416 apprehendit?
473 2380 508 2408 Ut
524 2380 680 2407 ostenderet
701 2379 776 2406 illum
794 2386 847 2406 non
862 2385 877 2405 a
892 2376 1039 2412 tranquillo

252 2427 388 2454 salvatum
401 2433 473 2458 esse,
488 2425 533 2452 sed
549 2433 563 2452 a
579 2425 688 2452 Christo
701 2424 772 2459 ipso.

289 2471 414 2500 Ostendit
441 2472 515 2506 quod
539 2470 596 2498 Nisi
626 2478 680 2497 non
709 2471 873 2498 credidisses
898 2470 1036 2503 dubitans,

254 2524 309 2544 non
322 2524 433 2545 eversus
448 2523 525 2544 esses
538 2524 545 2542 :
567 2516 627 2543 ideo
642 2520 721 2543 vento
736 2515 828 2548 ﬂante,
849 2516 924 2542 illum
939 2523 1038 2551 appre-

254 2562 350 2590 hendit
363 2567 390 2590 et
403 2563 544 2590 ambulare
556 2561 631 2590 fecit.

550 2635 663 2664 CAPUT
681 2634 739 2663 XV.

289 2700 373 2728 Vens.
390 2701 415 2728 ll.
431 2700 520 2733 Quare
537 2700 611 2727 illum
626 2699 801 2734 alloquuntur
814 2698 918 2726 Scriba:
929 2703 956 2726 et
968 2697 1039 2726 Pha-

253 2747 326 2776 risaai
342 2748 376 2775 ab
393 2746 608 2782 Hierosolymis?
619 2746 658 2773 Ad
675 2746 742 2772 iram
759 2746 833 2772 illum
852 2746 972 2772 excitare
989 2753 1038 2772 vo-

255 2792 351 2824 lentes.
372 2792 436 2820 utsi
460 2792 584 2820 seniores
604 2790 808 2825 contempserit,
831 2790 907 2817 illum
925 2798 1037 2818 accusa-

255 2844 302 2865 ren
307 2843 326 2864 ι.

293 2883 372 2910 \‘Lns.
389 2884 416 2911 ‘2.
436 2883 492 2911 Cur
508 2883 710 2912 manducabant
729 2883 811 2911 illotis
827 2882 951 2910 manibus
968 2889 1033 2916 apo-

1091 1602 1184 1637 μάτων
1198 1603 1317 1636 οὐδαμοῦ
1331 1603 1409 1630 τοῦτο
1423 1604 1593 1637 ποιήσαντες.

1124 1648 1161 1674 Τὸ
1189 1649 1295 1683 πρῶτον
1321 1648 1562 1684 κλυδωνιζομένοις
1589 1648 1682 1684 βοηθεί
1706 1647 1736 1680 ἐξ
1749 1646 1870 1682 ἑτοίμου,

1087 1692 1151 1727 ἄρτι
1175 1693 1205 1719 δὲ
1231 1693 1263 1728 ἑᾷ
1288 1693 1497 1725 κλυδωνίζεσθαι
1531 1694 1613 1728 μέσον
1640 1693 1690 1727 τῆς
1716 1692 1872 1724 θαλάσσης,

1089 1739 1234 1773 ὑπομένειν
1256 1739 1386 1766 διδάσκων
1401 1738 1515 1771 αὐτούς·
1532 1739 1582 1766 οὐκ
1598 1738 1679 1770 εὐθὺς
1698 1737 1726 1764 δὲ
1742 1736 1874 1771 παρίστα-

1087 1791 1143 1814 ται,
1159 1783 1307 1818 γυμνάζων
1322 1783 1419 1815 αὐτοὺς
1436 1785 1475 1815 είς
1495 1783 1643 1818 ἐπιθυμίαν
1657 1781 1738 1809 αὑτοῦ
1752 1781 1872 1816 μείζονα,

1089 1829 1137 1855 καὶ
1149 1829 1283 1856 παιδεύων
1296 1829 1333 1865 μὴ
1346 1829 1450 1864 ταχέως
1461 1829 1537 1856 λύσιν
1548 1829 1686 1864 ἐπιζητεῖν
1701 1827 1754 1854 τῶν
1769 1826 1871 1854 δεινῶν.

1125 1922 1173 1948 Διὰ
1197 1922 1223 1948 τί
1246 1924 1295 1948 οὐκ
1316 1921 1394 1948 εἶπεν
1423 1921 1535 1956 Πέτρος,
1551 1919 1686 1947 Κέλευσόν
1702 1927 1747 1954 μοι
1766 1918 1874 1954 βαδίσαι

1089 1966 1136 1993 ἐπὶ
1158 1966 1193 1994 τὰ
1204 1967 1298 1997 ὕδατα.
1312 1967 1389 1998 ἀλλὰ,
1413 1966 1531 1993 Ἐλθεῖν
1555 1966 1631 1999 πρὸς
1647 1965 1699 1997 σέ;
1720 1964 1829 2002 Ἐπειδὴ
1844 1964 1874 1991 τδ

1090 2012 1141 2047 μὲν
1157 2013 1312 2045 ἐπιδείξεως
1327 2011 1371 2048 ἦν,
1386 2012 1464 2039 τοῦτο
1479 2012 1508 2038 δὲ
1525 2011 1643 2046 ἀγάπης.

1125 2115 1174 2132 Δια
1194 2114 1220 2132 τ.
1238 2104 1386 2141 ἐπιτρέψας
1411 2104 1498 2132 εΛΘείν
1515 2105 1582 2140 πρὸς
1599 2104 1689 2136 αὑτὸν,
1703 2103 1811 2138 ἀφῆκεν
1824 2110 1875 2130 κα-

1090 2152 1311 2185 ταποντίζεσθαι;
1335 2151 1384 2177 Διὰ
1397 2150 1426 2177 δὲ
1440 2151 1493 2177 τῶν
1513 2149 1682 2185 πραγμάτων
1696 2148 1800 2176 πείθειν
1813 2149 1874 2175 ἐπι-

1091 2201 1178 2235 χειρεῖ
1191 2199 1229 2230 ὡς
1249 2199 1279 2224 οὺ
1293 2197 1404 2224 δυνατὸν
1419 2196 1505 2228 οὕτως
1521 2196 1597 2223 οὐδέν
1610 2196 1684 2222 ἐστιν
1699 2195 1729 2222 τὸ
1742 2192 1813 2222 εἶναι
1828 2196 1875 2229 ιγ’

1092 2246 1143 2280 γὺς
1154 2244 1202 2272 τοῦ
1216 2243 1334 2279 Χριστοῦ
1348 2243 1416 2270 ὅπου
1432 2243 1482 2269 οὐκ
1495 2242 1535 2270 ενι
1549 2242 1650 2273 πίστις.

1125 2337 1175 2364 Διὰ
1187 2336 1214 2363 τί
1228 2336 1291 2371 πρὶν
1308 2335 1370 2367 τοὺς
1382 2334 1499 2369 ἀνέμους
1513 2333 1626 2366 παῦσαι,
1642 2333 1691 2369 τῆς
1705 2333 1797 2368 χειρὸς
1811 2332 1873 2360 ἐλά·

1088 2383 1168 2416 ϐετος
1199 2383 1257 2409 Ἵνα
1277 2382 1351 2418 δείξῃ
1377 2383 1419 2408 ὅτι
1440 2382 1489 2416 οὐχ
1512 2382 1529 2415 ὴ
1558 2380 1662 2415 γαλήνη
1686 2380 1798 2409 ἔσωσεν,
1815 2377 1873 2406 ἀλλ’

1089 2429 1181 2461 αὑτός.

1125 2475 1264 2501 Δείκνυσιν
1285 2473 1323 2504 ὡς
1345 2473 1424 2499 artat
1452 2472 1488 2507 μὴ
1511 2471 1665 2506 ἠπίστησας
1688 2469 1828 2501 διστάσας,
1842 2468 1874 2495 οὐ

1088 2519 1276 2556 περιετράπης
1290 2518 1321 2545 ἄν
1330 2527 1336 2534 ·
1349 2518 1394 2545 διὰ
1407 2517 1487 2544 τοῦτο
1501 2517 1548 2543 καὶ
1558 2517 1605 2543 τοῦ
1618 2516 1721 2550 ἀνέμου
1736 2515 1873 2547 πνέοντος,

1090 2564 1236 2592 ἐπελάϐετο
1252 2563 1336 2590 αὑτοῦ
1351 2564 1398 2590 καὶ
1412 2563 1524 2597 ἐποίησε
1539 2562 1708 2589 πεοιπατεῖν.

1386 2634 1510 2661 ΚΕΦΛΛ.
1529 2632 1568 2660 ίΕ’

1126 2698 1202 2730 Τίνος
1217 2698 1310 2724 ἕνεκεν
1327 2697 1497 2730 διαλέγονται
1513 2695 1587 2731 αὐτῷ
1601 2695 1627 2721 οἱ
1650 2695 1705 2721 ἀπὸ
1727 2692 1874 2729 Ἰεροσολῦ-

1091 2753 1149 2780 μων
1165 2745 1340 2779 Γραμματεῐς
1364 2742 1411 2769 καὶ
1435 2742 1594 2776 Φαρισαῖοις
1622 2741 1669 2771 Εἰς
1691 2740 1776 2775 ὀργὴν
1792 2739 1876 2766 αὑτὸν

1091 2790 1201 2824 κινῆσαι
1217 2788 1380 2824 βουλόμενοι,
1399 2788 1443 2814 ἵνα
1454 2788 1532 2822 εἴπερ
1545 2786 1716 2818 ὲξουδενὼσει
1731 2786 1794 2816 τοὺς
1807 2793 1874 2821 πρε-

1092 2834 1236 2869 σϐυτέρους
1248 2854 1254 2865 ,
1275 2833 1499 2868 κατηγορήσωσιν
1516 2831 1597 2858 αὑτοῦ

1128 2880 1176 2908 Διὰ
1189 2880 1215 2907 τί
1231 2880 1323 2915 ﬁdem»;
1348 2879 1470 2911 ἀνίπτοις
1494 2877 1587 2914 χίρσὶν
1601 2879 1624 2904 οἱ
1643 2876 1800 2909 ἁπόσςολοι;
1817 2875 1875 2902 Οὐκ
