2075 3157
183 186 250 221 1121

677 188 839 218 SCHOLIA
856 187 1005 219 VETERA
1027 188 1068 219 IN
1088 189 1321 220 MATTHJEUM.

1737 193 1808 227 1122

181 243 385 279 ἐπιτηδεύοντες
412 244 458 270 καὶ
478 243 516 275 ὡς
542 244 624 279 νόμον
652 244 759 279 ἔχοντες
781 244 870 276 τοῦτο,
898 244 965 271 ἀλλὰ

1019 245 1101 272 stoli‘l
1117 245 1173 272 Non
1188 245 1370 273 observabant
1384 254 1472 281 neque
1486 253 1516 275 ut
1534 248 1619 283 legem
1636 249 1708 277 istud
1724 250 1808 278 Itala.~

182 290 355 325 παρορῶντες
367 297 374 304 ⁸
391 289 454 316 οὔτε
475 290 506 316 τὺ
523 289 560 325 μὴ
574 290 716 317 νίπτεσθαί
732 299 758 317 τι
776 290 893 326 ἔχοντες,
908 290 967 317 ἀλλ’

181 337 218 367 ὡς
232 335 336 370 ἔτυχεν,
353 335 483 370 ἑκάτερον
499 335 640 368 ποιοῦντες

167 463 174 468 _
221 436 250 462 '0
269 435 386 470 Χριστὸς
400 435 429 461 οὐ
445 435 517 469 λέγει
534 435 574 461 ὅτι
593 435 683 466 καλῶς
699 435 821 461 ποιοῦσιν
834 435 849 470 ἢ
862 434 965 466 κακῶς·

181 481 258 508 τοῦτο
277 481 326 516 μὲν
339 481 382 507 ἵνα
399 483 437 515 μὴ
454 482 516 512 τοὺς
538 481 702 512 ἀποστόλους
714 482 743 507 τὸ
758 481 868 507 ἄνιπτον
884 489 963 515 νομο-

182 526 281 561 θετήσῃ
298 527 344 552 καὶ
367 526 476 560 θρασεῖς
503 527 619 561 ποιήσῃ·
651 526 731 552 τοῦτο
755 526 782 552 δὲ
803 526 846 552 ἵνα
864 527 901 561 μὴ
923 527 967 552 τὸν

181 571 235 597 τῶν
248 570 439 606 πρεσὸυτέρων
453 571 534 605 νόμον
551 571 698 606 βεϐαιώσῃ,
715 572 777 602 τοὺς
795 571 967 606 βαπτισμοὺς

181 617 252 650 λέγω
275 617 321 642 καὶ
337 617 386 648 τὰς
401 617 505 651 νίψεις·
523 617 582 644 οὐδὲ
604 619 753 652 κατηγορεῖ
777 617 830 644 τῶν
849 618 968 653 πρεσϐυ-

181 663 267 696 ςέρων
277 662 313 692 ὡς
326 661 502 696 παρανόμων,
515 661 572 688 ἀλλ’
582 662 624 696 ἐφ’
639 661 731 697 ἕτερον
742 661 872 698 ἐρώτημα
885 671 968 698 μετα-

181 708 280 734 ϐαίνει.

217 753 250 779 Τί
270 754 353 784 ἐστιν,
386 754 438 786 Ὃς
459 753 497 779 ἂν
524 752 593 786 εἴπῃ
608 752 645 784 τῷ
663 753 751 786 πατρὶ
769 753 787 787 ἢ
812 753 963 787 τῇμητρὶ,

185 798 311 832 Δᾱφονὸ
334 799 373 826 ἂν
397 800 431 831 ἐξ
456 799 529 834 ἐμοῦ
553 799 721 833 ὠφεληθῇς,
745 800 781 826 οὺ
797 801 839 833 μὴ
857 800 966 834 τιμήσῃ

167 846 233 883 ,τὸν
247 846 359 878 πατέρα
374 845 467 872 αὐτοῦ
480 846 498 878 ἢ
516 845 574 878 τὴν
587 845 698 878 μητέρα
714 844 827 873 (torvi);
841 844 966 871 Τοιοῦτόν

181 891 271 916 ἐστιν·
296 891 473 917 Ἐπαίδευσπν
497 889 560 921 τοὺς
580 890 656 921 νέους
681 890 822 921 εὐσεὸείας
846 891 965 925 σχήματι
980 910 1003 940 Β

338 936 348 940 -
401 935 413 940 -
510 935 515 940 .
610 932 619 940 .
679 934 690 940 ..
769 932 780 940 .
867 936 878 940 _
916 936 941 940 ._

181 936 362 969 καταξρονεῐν
381 935 434 961 τῶν
456 935 556 968 γονέων
569 942 575 948 ”
593 932 648 961 οἷον
664 934 742 965 εἴτις
755 932 831 961 εἶπεν
845 936 883 970 τῷ
896 936 963 970 υἱῷ,

181 981 230 1012 Δός
255 989 299 1016 μοι
323 981 353 1006 τὸ
368 980 501 1017 πρόϐατον
515 979 594 1006 τοῦτο
608 980 622 1006 ὃ
637 980 720 1015 ἔχεις,
734 980 750 1015 ἢ
765 980 810 1006 τὸν
827 983 934 1016 μόσχον,
948 981 964 1017 ἢ

180 1027 244 1053 alio
260 1035 297 1058 τι,
309 1026 401 1060 ἔλεγεν
417 1027 485 1061 πρὸς
500 1026 545 1052 τὸν
556 1025 663 1060 πατέρα
673 1026 687 1052 ὁ
699 1026 754 1057 υἱός
765 1034 772 1042 ·
790 1026 880 1061 Διῦρόν
893 1027 966 1052 ἐστιν

180 1071 218 1106 τῷ
234 1071 292 1106 Θεῷ
314 1070 392 1097 τοῦτο
406 1071 420 1097 ὃ
442 1071 528 1102 θέλεις
545 1071 574 1104 ἐξ
589 1070 655 1106 ἐμοῦ
672 1070 861 1105 ὠφεληθῆναι,
875 1071 920 1097 καὶ
934 1070 964 1097 οὐ

179 1116 297 1151 δύναμαι
311 1115 401 1142 δοῦναί
415 1125 456 1142 σοι
467 1116 534 1142 αὐτό
544 1124 550 1130 ·
568 1116 615 1142 καὶ
629 1115 737 1141 διπλοῦν
752 1116 854 1149 ἐγίνετο
870 1116 965 1142 κακόνο

180 1162 241 1189 οὕτε
258 1163 312 1198 γὰρ
335 1162 375 1197 τῷ
395 1161 455 1198 Θεῷ
482 1162 631 1197 προσῆγον,
659 1162 705 1188 καὶ
729 1162 791 1192 τοὺς
807 1163 902 1195 γονέας
918 1162 965 1188 τοῦ

180 1207 345 1242 ζητουμένου
357 1208 469 1243 ὀνόματι
483 1208 533 1242 τῆς
550 1208 707 1242 προσφορᾶς
724 1208 902 1242 ἀπεστέρουν,
920 1207 966 1235 ἆλ-

167 1254 225 1281 σλον
239 1255 271 1281 δι’
288 1255 368 1281 ἄλλου
394 1255 560 1290 ὑϐρίζοντες,
583 1255 649 1281 Θεὸν
675 1255 718 1281 διὰ
737 1256 835 1289 γονεῖς,
853 1256 900 1282 καὶ
921 1264 966 1290 γο-

179 1302 235 1332 νείς
259 1299 302 1326 διὰ
327 1299 409 1326 Θεόν·
433 1300 517 1332 οὓτως
541 1300 674 1335 ἐντρέψας
690 1301 803 1333 αὐτοὺς,
834 1301 902 1336 πρὸς
920 1302 965 1328 τὸν

181 1346 259 1381 δχλον
276 1347 393 1373 ποιεῖται
409 1347 454 1372 τὸν
471 1346 561 1379 λόγον.

215 1392 265 1418 Διὰ
289 1392 313 1418 τί
328 1391 383 1417 τῶν
397 1391 555 1418 ἀποστόλων
578 1391 709 1418 εἰπόντων
724 1392 765 1418 ὅτι
786 1392 809 1420 οἱ
825 1393 966 1428 Φαρισαῖοι

181 1437 441 1471 ἐσκανδαλίσθησαν,
456 1435 533 1464 εἶπεν
548 1438 638 1469 αὐτὸς,
657 1438 759 1472 Ἄφετε
774 1439 900 1470 αὐτούς·
916 1440 964 1465 ἀλ-

181 1483 262 1518 λαχοῦ
286 1483 314 1510 δὲ
338 1484 461 1516 φαίνεται
488 1483 582 1509 εἰπών·
600 1483 666 1510 Ἵνα
683 1483 717 1509 δὲ
736 1483 778 1517 μὴ
800 1484 966 1511 σκανδαλι-

181 1536 281 1561 σωμεν
295 1528 423 1560 αὐτούς;
444 1528 506 1554 Ὅτι
529 1528 586 1553 ἐστι
602 1528 696 1562 καιρός
707 1535 715 1543 ·
732 1527 778 1554 καὶ
795 1526 863 1554 οἶδεν
884 1529 966 1560 αὐτὸς

182 1573 246 1601 πότε
274 1573 311 1610 μὴ
332 1574 527 1609 καταφρονεῖνο
546 1573 598 1610 χρὴ
622 1574 713 1610 μέντοι
734 1575 810 1610 ὀρᾷν,
833 1574 881 1602 καὶ
902 1575 965 1602 ὅταν
978 1582 1000 1614 C

182 1619 297 1652 εὐλόγως
314 1618 561 1650 σκανδαλίζωνται,
584 1619 688 1653 ταχέως
708 1619 807 1650 αὐτοὺς
823 1619 963 1654 διορθοῦν·

181 1664 244 1690 ὅταν
258 1663 286 1690 δὲ
300 1664 414 1698 ἀλόγως,
432 1665 472 1695 εἰς
486 1664 561 1690 οὐδὲν
576 1663 655 1690 τοῦτο
667 1664 833 1698 λογίζεσθαι.

166 1738 170 1740 .
215 1718 264 1744 Διὰ
277 1718 302 1744 τί
315 1719 355 1749 είς
377 1717 434 1744 ὁδὸν
450 1717 535 1744 ἐθνῶν
554 1717 616 1749 τοὺς
631 1718 755 1752 μαθητὰς
775 1718 812 1753 μὴ
827 1717 964 1751 ἀπελθεῖν,

180 1765 260 1796 αὐτὸς
293 1765 418 1799 φαίνεται
437 1766 477 1796 είς
496 1765 530 1791 τὰ
563 1765 633 1800 μέρη
659 1765 748 1801 Τύρου
777 1766 824 1792 καὶ
848 1766 961 1798 Σιδῶνος

166 1809 282 1842 -ἐλθώνς
302 1809 350 1836 Διὰ
359 1810 421 1842 τοὺς
445 1810 588 1842 Ἰουδαίους
605 1810 778 1845 διδαχθέντας
793 1812 839 1838 καὶ
857 1811 893 1847 μὴ
918 1821 966 1838 πε-

180 1856 369 1888 πιστευκότας,
383 1856 438 1885 τοῖς
459 1855 562 1883 ἔθνεσιν
574 1856 678 1889 ἀνοῖξαι
692 1856 776 1892 θύραν
786 1857 837 1892 ὁδῷ
850 1858 964 1893 rip/ﬁat-

180 1910 246 1928 νων.

215 1948 292 1979 Τίνος
300 1948 393 1973 ἕνεκεν
400 1947 496 1979 εἰπὼν,
504 1948 656 1983 κραζούσης
664 1949 711 1982 τῆς
719 1949 884 1979 Χαναναίας,
893 1948 965 1983 πρῶ-

178 2001 224 2020 τον
234 1993 284 2027 μὲν
298 1993 347 2019 οὐκ
357 1993 494 2027 απεκρίθη
501 1994 568 2026 αὑτῇ
575 1993 664 2026 λόγον,
674 1994 716 2019 ὅτε
724 1994 751 2019 δὲ
759 1994 805 2020 καὶ
816 1994 963 2028 ἀπεκρίθη,

179 2037 281 2072 ἄπορόν
302 2046 328 2064 τι
352 2037 487 2072 ἀπεκρίθη
511 2037 595 2072 αύτῇ;
611 2038 660 2064 Διὰ
677 2039 725 2072 τῆς
745 2039 823 2072 σιγῆς
839 2040 886 2065 καὶ
910 2039 965 2064 τῶν

179 2083 307 2109 τοιούτων
338 2082 424 2116 λόγων
450 2082 622 2109 ἐκκαλεῖσθαι
644 2083 691 2109 καὶ
719 2082 803 2116 δεῖξαι
841 2083 879 2118 τῷ
908 2082 965 2118 λαῷ

178 2128 208 2154 τὸ
231 2127 370 2163 πρόθυμον
393 2128 478 2162 αὐτῆς
493 2128 644 2164 βουληθεὶς,
657 2128 694 2159 ὡς
710 2128 906 2163 προγινώσκων
919 2128 965 2155 τὸν

179 2174 278 2208 θερμὸν
291 2174 375 2209 θυμὸν
385 2175 481 2209 αὐτῆς.

214 2222 263 2248 Διὰ
288 2222 324 2254 τί,
347 2222 500 2257 κραζούσης
516 2221 612 2256 αὐτῆς,
630 2222 652 2247 οἱ
668 2221 812 2248 ἀπόστολοι
826 2221 962 2254 εἰπόντες,

185 2267 356 2294 Ἀπόλυσον
378 2267 486 2301 αὐτὴν,
511 2267 560 2302 οὐχ
586 2267 807 2302 ὑπηκούσθησαν,
834 2267 892 2294 ἀλλ’
918 2268 962 2294 ὅτε

163 2312 246 2347 αὑτὴ
263 2313 348 2339 πολλὰ
368 2312 482 2347 ἐδεήθη;
498 2313 560 2339 Ὅτι
581 2313 704 2348 βούλεται
719 2315 782 2345 τοὺς
797 2314 962 2346 ὑπευθύνους

170 2356 277 2388 ,αὐτοὺς
298 2357 368 2392 ὑπὲρ
383 2357 484 2389 αὐτῶν,
501 2357 559 2383 ἀλλ’
578 2358 627 2392 οὐχ
650 2358 759 2393 ἑτέρους
777 2358 877 2393 μᾶλλον
893 2358 961 2392 ὑπὲρ

163 2415 166 2418 ‹
178 2401 290 2428 ἐκείνων
305 2402 421 2429 δέεσθαι.

212 2456 303 2482 Διὰντί
316 2457 348 2491 τῇ
367 2457 415 2490 μὲν
433 2457 574 2493 Χαναναία
597 2458 736 2494 κραζοὺσῃ
753 2459 828 2493 μόλις
841 2459 964 2494 ὑπήκου-

177 2510 233 2533 σεν,
258 2503 313 2533 τοῖς
326 2502 355 2528 δὲ
379 2502 535 2530 ἀνελθοῦσιν
549 2504 588 2534 εἰς
609 2504 640 2530 τὸ
657 2504 720 2539 ὁρος
736 2504 836 2535 εὐθέως
851 2505 888 2539 μὴ
903 2505 963 2540 δεη-

175 2546 278 2578 Θεῖσινς
296 2547 352 2582 οὐχ
374 2547 414 2573 ὅτι
433 2547 579 2582 κρείσσονα
593 2548 683 2575 πίστιν
694 2547 778 2583 εἶχον,
790 2548 846 2575 ἀλλ’
862 2549 904 2575 ἴνα
918 2550 963 2576 ὲκ-

175 2591 246 2628 κόψῃ
257 2594 306 2627 τὴν
328 2592 478 2626 πρόφασιν·
501 2593 556 2628 ὅσῳ
571 2594 624 2629 γὰρ
638 2594 670 2621 ἄν
688 2603 730 2626 τις
747 2595 839 2630 μεῖζον
850 2594 961 2630 εὐεργε-

163 2637 255 2672 Διτῆιταιι
282 2637 409 2664 τοσοῦτον
436 2638 599 2671 ὑπεύθυνος,
630 2639 668 2674 μὴ
692 2639 809 2676 θελήσας
835 2640 962 2674 γενέσθαι

177 2683 288 2718 βελτίων
303 2684 333 2710 ἑο
338 2684 411 2710 υτοῦ.

212 2737 245 2763 Τί
273 2737 372 2772 δήποτε
401 2739 503 2775 ἀρτίως
533 2740 583 2766 οὐκ
609 2737 695 2770 εἷπον.
728 2739 875 2766 Ἀπόλυσον
900 2739 962 2771 τοὺς

176 2782 280 2818 ιχλους,
296 2785 321 2810 oi.
337 2785 492 2816 ἀπόστολοι,
509 2786 556 2812 καὶ
569 2786 656 2812 ταῦτα
670 2785 753 2821 τριῶν
769 2785 962 2820 παρελθουσῶν

177 2829 304 2865 ήμερῶν;
322 2831 431 2866 Ἐπειδὴ
451 2833 483 2858 ὲκ
505 2831 560 2858 τῶν
579 2832 720 2866 προτέρων
733 2832 823 2866 ἄρτων
847 2833 894 2858 καὶ
914 2831 961 2858 τοῦ

175 2875 281 2903 ἐκεῖθεν
301 2877 438 2912 θαύματος
459 2878 577 2913 βελτίους
594 2878 728 2912 ἐγένοντο,
746 2878 790 2905 διὰ
806 2878 885 2905 τοῦτο
902 2878 962 2905 οὐδὲ

1019 292 1094 324 bant,
1113 291 1159 318 sed
1181 299 1276 326 parum
1293 293 1446 325 curabant;
1467 302 1555 329 neque
1568 303 1621 323 non
1648 296 1730 322 lavari
1753 296 1805 323 ali-

1018 336 1083 371 quid
1108 337 1259 370 habebant,
1284 338 1331 366 sed
1346 343 1376 366 nt
1401 339 1574 375 contingebat
1598 345 1743 376 utrumque
1763 341 1804 369 fa-

1019 383 1136 410 ciebant.

1056 437 1136 464 \'t:ns.
1157 438 1182 464 5.
1204 437 1329 466 Christus
1354 447 1408 466 non
1430 439 1495 467 dicit
1514 447 1562 468 eos
1586 441 1654 467 bene
1670 445 1716 468 aut
1732 442 1802 468 male

1018 489 1114 515 agere;
1130 483 1204 516 prius
1220 484 1340 517 quidem,
1357 491 1390 511 ne
1405 485 1535 519 apostolis
1551 485 1636 519 legem
1652 486 1734 514 faciat
1748 495 1802 513 non

1018 527 1103 553 lavari
1127 531 1153 554 et
1169 528 1286 555 audaces
1308 529 1420 562 eﬂiciat;
1443 531 1580 565 posterius
1596 536 1697 564 autent,
1715 539 1749 559 ne
1762 540 1806 558 se-

1019 573 1127 599 niorum
1151 573 1237 608 legem
1263 575 1416 607 conﬁrmet,
1440 576 1593 604 ablutiones
1611 578 1672 605 dico
1687 583 1713 605 et
1731 579 1805 605 lava-

1019 617 1117 645 tioncs.
1139 618 1197 646 Non
1221 624 1333 647 accusat
1359 620 1481 649 seniores
1508 626 1538 649 ut
1559 622 1626 657 legis
1647 623 1804 656 violatores,

1018 663 1065 691 sed
1078 664 1111 691 ad
1127 664 1206 691 aliam
1223 665 1465 699 interrogationem
1479 667 1586 694 transit.

1056 755 1136 783 Vatis.
1154 756 1181 783 5.
1201 757 1269 790 Quid
1285 761 1327 785 est
1342 757 1425 791 illud,
1446 758 1599 794 Quicunque
1618 759 1715 785 dixerit
1736 761 1807 793 patri

1018 805 1061 825 aut
1074 800 1154 825 matri
1170 808 1179 827 :
1195 800 1291 827 Munus
1314 802 1383 834 quod
1399 806 1438 828 est
1455 810 1487 828 ea:
1502 810 1552 832 me.
1572 802 1618 829 tibi
1631 802 1765 836 proderit;
1781 808 1805 829 et

1019 851 1070 869 non
1098 843 1282 877 ltottoriﬁcabit
1304 851 1403 877 patrem
1425 853 1501 872 suam
1521 851 1567 872 aut
1586 851 1694 872 matrem
1709 847 1806 873 suam?

1018 888 1056 915 Ila
1074 888 1254 923 intelligitur:
1276 889 1446 917 Instruebant
1460 890 1573 924 juvenes
1589 892 1698 926 pietatis
1717 893 1806 926 specie

1017 939 1191 962 contemnere
1216 939 1358 969 parentes;
1375 935 1409 962 ita
1430 940 1470 967 ut,
1485 937 1507 962 si
1520 937 1581 971 quis
1606 937 1708 964 diceret
1727 937 1803 964 tilio:

1016 978 1053 1005 Da
1071 979 1136 1005 mihi
1158 979 1227 1006 hanc
1249 987 1326 1007 ovetn
1344 988 1425 1014 quam
1450 981 1533 1008 habes
1559 986 1606 1008 aut
1621 981 1734 1008 vitulam
1758 987 1805 1009 aut

1016 1024 1089 1050 aliud
1106 1024 1182 1058 quid,
1200 1024 1375 1058 responderet
1391 1026 1460 1059 patri
1476 1025 1559 1053 (ilius:
1581 1025 1678 1053 Munus
1693 1030 1734 1053 est
1750 1026 1804 1053 Deo

1016 1069 1082 1096 illud
1099 1069 1172 1104 quod
1191 1070 1231 1096 vis
1248 1074 1276 1096 ut
1294 1077 1327 1097 ex
1343 1078 1385 1097 me
1406 1071 1454 1098 tibi
1471 1071 1565 1105 prosit,
1580 1075 1608 1098 et
1622 1079 1675 1098 non
1691 1079 1802 1106 possunt

1017 1114 1083 1142 illud
1098 1115 1164 1142 dare
1179 1115 1241 1147 tibi;
1258 1119 1284 1142 et
1300 1115 1398 1150 duplex
1418 1116 1520 1143 malum
1535 1121 1627 1151 ageret
1641 1126 1648 1143 :
1669 1124 1731 1144 nam
1748 1125 1803 1144 non

1017 1159 1071 1187 Deo
1086 1160 1246 1193 offerebant,
1259 1166 1284 1188 et
1299 1165 1425 1195 parentes
1440 1162 1577 1196 postulato
1596 1162 1742 1189 oblationis
1754 1171 1804 1189 no-

1016 1204 1089 1231 mine
1102 1205 1255 1240 privabant,
1270 1213 1353 1232 unum
1368 1214 1415 1240 per
1426 1206 1508 1233 alium
1524 1206 1703 1239 oﬂ‘endentes,
1720 1207 1802 1234 Deum

1015 1258 1064 1286 per
1083 1256 1221 1286 parentes,
1237 1257 1264 1279 et
1289 1256 1415 1287 parentes
1434 1260 1480 1287 per
1496 1252 1592 1280 Deum.
1609 1252 1655 1281 Sic
1676 1254 1804 1289 linquens

1016 1304 1072 1330 eos,
1086 1298 1119 1324 ad
1136 1297 1242 1324 turbam
1259 1304 1414 1325 sermonem
1430 1297 1533 1333 dirigit.

1052 1385 1134 1414 Vens.
1154 1387 1198 1414 12.
1219 1387 1273 1414 Cur
1290 1388 1421 1422 apostolis
1446 1389 1599 1417 dicentibus
1616 1391 1687 1424 quod
1707 1391 1802 1420 ΡΙΙΞΙΙΊ-

1016 1431 1062 1458 etei
1078 1432 1253 1458 seandalizati
1271 1433 1336 1463 sint,
1355 1433 1442 1467 inquit
1458 1434 1502 1460 illc
1518 1444 1524 1461 :
1543 1433 1627 1461 Sinite
1644 1435 1721 1467 illas;
1737 1437 1801 1464 alibi

1017 1482 1106 1503 autem
1131 1477 1268 1504 invenitur
1292 1478 1387 1506 dicens
1413 1488 1419 1505 :
1447 1478 1488 1505 Ne
1503 1480 1562 1506 illos
1574 1481 1802 1510 scandalizatum?

1016 1521 1083 1554 Quia
1107 1527 1295 1557 opportunitas
1323 1524 1453 1557 postulat,
1479 1531 1506 1551 et
1528 1526 1579 1552 scit
1596 1526 1640 1553 ille
1662 1535 1801 1562 nunquam

1017 1573 1200 1596 contemnere.
1220 1567 1331 1604 Oportet
1349 1571 1560 1604 tamenividere,
1583 1577 1609 1599 et
1622 1574 1729 1607 quando
1746 1582 1802 1600 mr-

1017 1614 1068 1639 rito
1089 1614 1318 1647 scandalizatum,
1334 1615 1459 1642 celeriter
1479 1623 1525 1643 eos
1547 1617 1675 1651 relevare,
1692 1621 1801 1654 quando

1016 1663 1105 1686 autem
1119 1659 1266 1692 immerito,
1284 1667 1332 1694 pro
1347 1661 1431 1688 nihilo
1447 1662 1473 1688 id
1489 1667 1624 1697 reputare.

1053 1713 1134 1741 Vlilts.
1152 1714 1196 1741 2|.
1215 1714 1280 1748 Cur,
1303 1723 1366 1743 cum
1387 1715 1487 1743 dixerit
1508 1717 1652 1752 discipulis
1667 1726 1720 1745 non
1738 1724 1802 1746 cant

1015 1760 1047 1787 ad
1064 1760 1134 1787 viain
1150 1760 1281 1795 gentium,
1297 1761 1354 1795 ipse
1370 1762 1476 1788 videtur
1490 1763 1516 1788 in
1531 1767 1622 1796 partes
1638 1763 1700 1799 Tyri
1715 1769 1741 1791 et
1758 1765 1800 1791 Si-

1015 1806 1093 1833 donis
1117 1805 1175 1833 ire?
1192 1805 1307 1841 Propter
1320 1806 1426 1834 Jnolwus
1441 1807 1554 1834 eductos
1575 1814 1600 1835 et
1616 1817 1670 1836 non
1687 1810 1801 1836 creden-

1015 1857 1067 1884 tcs,
1083 1852 1209 1887 gentibus
1221 1853 1333 1888 januam
1351 1853 1459 1888 aperire
1475 1853 1527 1881 hoc
1545 1854 1643 1882 itinere
1660 1855 1764 1890 incipit.

1053 1944 1134 1972 Vens.
1168 1945 1212 1972 23.
1246 1945 1331 1979 Cujus
1354 1952 1448 1976 causa.
1476 1945 1609 1973 clamante
1626 1946 1798 1978 Chananma.

1014 1989 1103 2023 primo
1117 1991 1225 2024 quidem
1242 1997 1294 2016 non
1311 1990 1451 2023 respondit
1467 1991 1504 2016 illi
1518 1991 1651 2022 verbum;
1667 1998 1728 2017 cum
1749 2000 1798 2017 au-

1015 2038 1068 2060 tem
1086 2034 1235 2068 respondit,
1251 2035 1349 2061 durum
1371 2035 1507 2068 quoddam
1525 2035 1561 2061 illi
1581 2035 1800 2070 respondit?Per

1015 2078 1153 2106 silentium
1179 2083 1206 2106 et
1229 2079 1292 2106 talia
1318 2081 1399 2106 verba
1415 2080 1532 2107 excitare
1548 2086 1575 2107 et
1594 2082 1694 2115 popqu
1707 2086 1800 2108 osten-

1015 2125 1079 2152 dere
1093 2124 1152 2158 ejns
1166 2124 1292 2151 arderem
1310 2125 1426 2156 volebat,
1445 2129 1473 2152 ut
1493 2132 1666 2159 prmnoscens
1689 2126 1797 2153 ferven-

1016 2175 1067 2198 tem
1083 2170 1142 2202 ejus
1160 2170 1292 2196 animum.
1433 2184 1438 2198 :

1050 2216 1114 2247 Cur,
1143 2217 1276 2243 clamante
1305 2215 1361 2247 illa,
1386 2217 1503 2250 apostoli
1529 2217 1660 2248 dicentes,
1692 2217 1800 2244 Dimitte

1012 2269 1080 2295 eam,
1095 2270 1148 2289 non
1158 2263 1280 2290 exauditi
1296 2267 1369 2296 sunt,
1380 2263 1426 2290 sed
1442 2264 1550 2298 quando
1562 2263 1606 2290 illa
1625 2264 1738 2290 multum
1753 2272 1798 2289 rn-

1001 2309 1106 2343 -gavit?
1130 2309 1199 2342 Quia
1227 2309 1284 2336 vult
1309 2309 1369 2336 illos
1383 2309 1417 2336 de
1430 2317 1459 2336 sc
1472 2310 1587 2337 invicem
1606 2310 1674 2337 bene
1688 2310 1799 2342 inet-eri,

1013 2355 1059 2382 sed
1072 2363 1125 2382 non
1137 2356 1205 2383 alios
1220 2356 1306 2390 magis
1320 2363 1368 2391 pro
1389 2356 1450 2382 aliis
1463 2362 1568 2391 rogare.

1048 2458 1104 2485 Cur
1127 2461 1289 2485 ciamantem
1310 2456 1491 2485 Cbananaaam
1515 2464 1585 2490 aegre
1606 2457 1751 2485 exaudivit.
1773 2461 1799 2483 ct

1013 2504 1063 2531 bos
1080 2503 1126 2538 qui
1139 2503 1165 2530 in
1179 2509 1298 2530 montem
1312 2503 1492 2530 ascenderant
1505 2502 1648 2530 t'0nl‘e51im
1662 2502 1799 2528 exaudivit

1013 2550 1054 2576 vel
1069 2557 1123 2576 non
1148 2549 1293 2583 rogantes?
1311 2548 1368 2575 Non
1391 2548 1454 2583 quia
1471 2548 1600 2582 majorem
1620 2546 1699 2573 tidem
1716 2546 1798 2572 liabe-

1014 2596 1091 2628 bant,
1107 2595 1152 2623 sed
1169 2600 1197 2622 ut
1222 2595 1424 2622 excusationem
1450 2594 1592 2622 adimeret.
1608 2593 1674 2621 Nam
1695 2597 1799 2627 quanto

998 2641 1102 2675 'majus
1127 2641 1226 2676 aliquis
1247 2641 1409 2668 beneiicinm
1431 2640 1540 2675 accipit,
1558 2644 1632 2666 tanto
1647 2639 1676 2665 ﬁt
1689 2638 1800 2674 majoris

1013 2687 1129 2716 debitor.

1048 2743 1133 2771 Vens.
1154 2742 1198 2770 32.
1218 2742 1286 2776 Quid
1300 2741 1443 2770 confestim
1461 2750 1514 2769 non
1528 2742 1654 2768 dixerunt
1671 2740 1797 2775 apestoli.

1013 2789 1123 2816 Dimitte
1139 2789 1244 2821 turbas.
1262 2789 1307 2816 sed
1324 2796 1386 2816 cum
1399 2788 1456 2823 jam
1474 2787 1641 2814 emnxissent
1656 2787 1712 2814 dies
1726 2787 1800 2813 tres?

1013 2834 1082 2868 Quia
1106 2842 1137 2862 ex
1163 2843 1261 2869 panum
1288 2835 1384 2870 priori,
1398 2839 1424 2861 et
1440 2842 1472 2861 ex
1485 2834 1537 2860 isto
1558 2833 1700 2868 posteriori
1716 2833 1800 2859 mira-

1013 2881 1076 2908 culo
1090 2880 1217 2908 meliores
1241 2880 1304 2907 iacti
1330 2883 1427 2910 erant;
1456 2878 1517 2906 ideo
1539 2885 1592 2905 non
1617 2877 1711 2905 dicunt
1726 2877 1799 2910 quod
