2075 3157
192 169 263 201 1125

689 168 847 199 δωοιιΑ
872 169 1021 200 VETERA
1037 170 1080 202 IN
1097 171 1335 203 MATTH/EUM.

1744 174 1814 213 1126

188 224 222 251 δὲ
230 225 297 251 τίνα
308 233 347 259 με
357 223 459 260 λέγετε
473 221 568 257 sirm;
584 224 615 251 ΟΞ
635 225 683 260 μὲν
698 226 753 260 γὰρ
774 225 860 258 ἄλλοι,
880 227 971 262 φησὶν,

1027 227 1078 254 Alii
1091 228 1175 262 enim,
1189 229 1266 263 dicit,
1282 229 1408 258 homines
1421 231 1505 260 ﬁlium
1515 231 1615 269 Ioseph
1629 242 1673 263 me
1687 242 1749 264 esse
1761 245 1813 272 pu-

187 270 328 306 ἄνθρωποι
347 269 404 296 υἱόν
433 278 467 304 με
497 269 656 304 νομίζουσιν
683 267 755 296 εἶναι
782 269 829 296 τοῦ
863 271 974 306 Ἰωσὴφ,

188 315 247 342 υἱὸν
262 314 418 350 ἀνθρώπου,
436 315 482 342 καὶ
499 314 579 342 πλέον
593 315 680 342 οὐδέν·
694 315 725 341 οὐ
740 315 795 350 γὰρ
811 315 910 342 ἐλασόν
924 324 975 351 μου

187 364 284 399 πεῖραν
298 361 433 397 τοσαύτην
446 363 495 397 τῆς
507 362 599 397 θεῖκῆς
613 371 663 397 μου
676 362 810 396 ἐξουσίας*
824 362 882 390 ἀλλ’
896 363 977 397 ὑμεῖς

187 409 212 435 οί
222 408 360 441 λαδὸντες,
375 407 436 434 τίνα
454 416 487 443 με
502 407 596 442 λέγετε
611 406 696 439 εἶναι;
716 407 747 434 οὺ
761 407 835 441 λέγω
851 408 896 434 τὸν
910 408 976 434 Υίὺν

187 453 234 480 τοῦ
248 453 403 489 ἀνθρώπου,
420 452 464 480 ἴνα
478 452 514 488 μὴ
529 453 598 487 πρὸς
611 452 662 488 τὴν
677 452 747 487 ἐμὴν
761 452 900 487 ἀπόφασιν
913 453 977 489 δρά-

190 506 268 533 μητεο
285 498 314 525 οὐ
329 499 401 532 λέγω
417 499 499 525 πάλιν
515 497 561 524 τὸν
578 498 642 524 Υίδν
658 497 706 524 τοῦ
720 497 799 530 Θεοῦ,
814 498 857 524 ἵνα
871 499 909 533 μὴ
925 498 976 534 τὴν

188 544 265 578 ὑμῶν
278 544 367 579 ψῆφον
379 544 504 580 ἁρπάσω·
529 543 606 570 οὐδὲν
629 543 749 578 ἐμαυτὸν
766 543 813 570 νῦν
836 551 869 577 γε
888 544 974 570 καλῶ·

187 589 222 616 τὰ
244 590 395 625 πράγματα
415 589 495 625 μόνον
512 589 577 624 ὑμῖν
599 588 760 624 χειραγωγὰ
782 588 833 624 τῆς
858 589 975 624 ἀποκρί-

188 644 256 667 σεως
269 636 383 664 δέδωκα.

222 681 283 707 Ὅτι
301 681 342 708 Σὺ
356 678 385 708 εἷ
399 682 416 708 ὁ
426 680 554 715 Χριστὸς
567 681 584 708 ό
596 680 664 714 Υιὸς
678 680 732 708 τοῦ
745 680 819 708 Θεοῦ
838 680 892 708 τοῦ
906 680 974 712 ζῶν-

186 734 248 760 τος,
271 727 345 760 λέγει
368 726 480 762 Πέτρος·
499 727 564 754 Υίδν
587 727 655 753 Θεοῦ
676 726 763 761 λέγων
780 726 908 762 καθαρῶς
926 727 975 754 καὶ

186 771 218 798 ἑκ
231 771 281 806 τῆς
294 770 375 797 αὐτοῦ
388 771 494 804 οὐσίας,
512 770 570 798 ἀλλ’
585 771 648 806 οὐχὶ
672 771 710 802 ὡς
731 772 756 798 οἱ
773 772 802 798 ὲν
814 771 853 806 τῷ
876 771 973 807 πλοίῳ,

186 817 246 843 οὐδὲ
260 816 298 848 ὡς
310 817 325 843 ὸ
340 817 487 852 Ναθαναὴλ
499 817 549 844 ἕνα
560 817 616 844 τῶν
629 816 744 850 πολλῶν,
760 817 829 844 ἀλλὰ
842 817 974 853 γνησίως

185 860 229 888 διὰ
242 861 322 888 τοῦτο
343 862 389 888 καὶ
406 862 446 893 τὸ.
464 863 526 896 Βὰρ
555 861 650 895 Ἰωνᾶ,
664 861 751 895 λέγει,
766 862 828 888 ἀντὶ
843 861 902 895 τοῦ,
919 862 972 888 υἰέ·

1028 277 1097 306 tant,
1111 274 1196 302 ﬁlium
1213 275 1335 303 hominis
1360 281 1389 304 et
1407 278 1476 305 nihil
1501 280 1635 315 amplius;
1655 289 1710 309 non
1739 284 1812 311 enim

1027 322 1131 346 tantum
1146 327 1161 347 a
1186 327 1230 347 me
1248 326 1412 356 receperunt
1429 323 1616 357 probationem
1634 326 1732 354 divinae
1746 336 1814 356 mea:

1027 366 1180 399 potestatis.
1191 365 1243 393 Sed
1253 375 1301 395 vos
1313 367 1362 402 qui
1375 369 1527 403 recepistis,
1541 377 1622 405 quem
1634 380 1676 398 me
1690 380 1751 400 esse
1763 374 1808 401 div

1027 410 1103 438 citis?
1122 410 1182 438 Non
1201 411 1263 439 dico
1275 412 1361 440 illium
1374 413 1504 448 hominis,
1516 423 1549 442 ne
1566 416 1600 442 ad
1624 424 1713 444 meam
1729 426 1812 452 appa-

1027 456 1143 483 rentiam
1155 458 1318 491 recurratis;
1333 466 1387 486 non
1398 459 1461 486 dico
1470 468 1580 487 rursum
1595 461 1693 488 Filium
1709 462 1767 495 Dei,
1778 471 1812 490 ne

1026 505 1149 529 vestrum
1175 502 1335 537 suﬂ‘ragium
1362 506 1539 539 praeveniam.
1567 506 1640 534 Nihil
1669 515 1713 535 me
1739 516 1812 536 mmc

1025 554 1112 579 voco;
1132 555 1176 576 res
1199 552 1304 577 tantum
1329 550 1406 578 vobis
1429 552 1595 579 sententiam
1620 560 1811 587 promoventes

1026 592 1098 620 dedi.

1059 684 1136 718 Quod
1153 685 1249 714 Petrus
1274 686 1350 721 dicit,
1377 687 1416 714 Tu
1442 695 1469 715 es
1491 688 1623 722 Christus,
1651 688 1739 717 Filius
1764 690 1812 718 Dei

1025 731 1094 765 riui;
1111 731 1209 759 Filium
1227 732 1275 760 Dei
1300 738 1381 761 vocat
1405 734 1513 769 proprie
1535 739 1562 762 et
1583 742 1617 762 ex
1637 743 1685 762 sua
1703 741 1811 768 natura,

1026 777 1073 804 sed
1087 784 1140 804 non
1157 781 1188 804 ut
1199 777 1237 805 illi
1254 778 1301 813 qui
1317 783 1396 806 erant
1411 779 1438 806 in
1460 779 1579 814 navigio,
1597 787 1686 814 neque
1707 785 1737 807 ut
1759 779 1813 807 Na-

1027 822 1134 850 thanael
1155 831 1239 851 unum
1251 830 1266 850 e
1281 824 1386 857 multis,
1400 823 1447 851 sed
1462 824 1611 860 legitimum
1626 825 1734 852 Filium.
1749 824 1812 852 Ideo

1025 872 1052 895 et
1064 868 1191 896 Christus
1205 869 1271 896 dicit
1289 877 1296 896 :
1313 869 1369 896 Bar
1389 869 1471 902 Iona,
1491 874 1517 896 et
1536 878 1589 897 non
1609 870 1684 898 J0me
1699 871 1748 903 ﬁli,
1764 878 1810 898 os—

185 906 285 942 δηλῶν,
299 908 340 935 ὅτι
358 908 401 940 Ὠς
416 908 449 934 σὺ
477 908 524 935 τοῦ
547 908 626 936 Ἰωνᾶ
640 908 732 943 φύσει,
753 908 838 940 οὓτως
853 907 909 943 ὲγὼ
926 907 971 935 τοῦ

1026 914 1140 941 tendens
1150 914 1235 949 quod,
1249 914 1326 941 Sicut
1339 918 1368 941 tu
1393 913 1469 942 Jouze
1491 920 1589 942 natura
1612 923 1642 942 es
1661 915 1742 948 tibus,
1766 915 1808 943 sic

185 952 253 979 Θεοῦ
267 954 324 988 ειμι
339 953 414 985 Υεός,

228 998 414 1034 ’Δπορούντων
443 999 498 1027 τῶν
529 1000 659 1035 μαθητῶν
687 1001 824 1036 καὶπρὸς
861 1001 975 1032 ἑαυτοὺς

184 1044 257 1077 εἰκὸς
272 1045 359 1072 ταῦτα
378 1046 512 1080 λεγόντων
523 1055 529 1061 -
547 1046 612 1073 Υἱὺν
635 1046 717 1073 αὐτὸν
732 1046 800 1073 Θεοῦ
816 1047 919 1082 Πέτρος
934 1047 974 1073 εί-

185 1089 254 1123 πὼν,
280 1091 472 1126 μακαρίζεται.
498 1091 599 1126 Μάρθα
618 1091 701 1118 πάλιν
722 1092 771 1126 οὐχ
796 1091 863 1118 Υἱδν
891 1091 974 1119 αὐτὸν

184 1133 261 1161 εἷπεν
276 1135 360 1168 Θεοῦ;
386 1136 439 1163 Ναὶ
463 1137 528 1172 γὰρ,
556 1137 654 1171 Κύριε,
679 1138 773 1172 φησὶν,
799 1137 857 1172 ἐγὼ
884 1138 974 1164 nant-

183 1188 296 1208 στευκα
315 1181 358 1208 ὅτι
373 1182 414 1208 σὺ
427 1181 455 1209 el
476 1183 493 1209 ὁ
514 1183 641 1217 Χριστὸς
656 1184 673 1210 ό
697 1183 761 1217 Υἱὸς
781 1183 833 1210 τοῦ
850 1184 934 1216 Θεοῦ,
958 1185 974 1211 ὁ

183 1228 226 1259 είς
243 1228 297 1254 τὸν
309 1228 425 1262 κόσμον
437 1228 608 1262 ἐρχόμενος.
628 1228 660 1254 Τί
676 1228 722 1255 οὖν
743 1230 835 1264 ἐκεί-ιη
851 1239 974 1265 μακαρι-

185 1272 262 1306 σμῶν
276 1272 326 1298 οὐκ
340 1272 443 1308 ἠξιώθη
463 1273 553 1305 τινῶν,
576 1273 644 1300 ἀλλὰ
660 1274 762 1309 Πέτρος
778 1275 816 1306 ὥς
837 1283 863 1301 τι
879 1275 973 1302 καινὸν

184 1316 270 1343 εἰπὼν
286 1318 487 1352 μακαρίζεται;
503 1319 584 1352 ἡμεῖς
605 1319 688 1345 πάλιν
708 1319 861 1355 συμφώνως
878 1322 921 1347 ὅτε
938 1323 971 1356 τῇ

184 1362 307 1399 θαλάσσῃ
321 1365 369 1390 καὶ
389 1365 444 1395 τοῖς
465 1363 576 1398 ἀνέμοις
594 1365 774 1401 ἐπετίμησεν,
788 1365 837 1401 οὐχ
851 1366 889 1398 ὡς
908 1367 972 1394 Υῑδὶν

183 1408 251 1436 Θεοῦ
267 1409 348 1436 αὑτὸν
363 1411 608 1445 προσεκυνὴπαμεν
625 1412 673 1437 καὶ
693 1412 762 1446 μετὰ
784 1413 875 1446 φωνῆς
892 1413 972 1448 ἐϐοή-

184 1463 282 1489 σαμεν,
304 1454 436 1488 Ἀληθῶς
459 1455 533 1482 Θεοῦ
557 1456 625 1488 Υιὸς
641 1455 687 1488 ei;
706 1457 750 1483 διὰ
773 1457 798 1483 τί
819 1458 972 1492 μακαρίους

183 1502 258 1536 ἡμᾶς
268 1501 317 1527 οὐκ
330 1501 460 1528 ἐκάλεσεν
472 1502 533 1528 τότε
546 1509 554 1536 ;
572 1501 664 1528 Ταῦτα
679 1503 733 1528 τῶν
750 1503 878 1538 μαθητῶν
895 1504 973 1530 ἑνου-

184 1546 337 1581 μουμένων,
357 1548 371 1573 ὁ
390 1547 529 1583 Δεσπότης
554 1549 652 1580 ἐπάγει
668 1555 675 1563 ”
692 1549 752 1582 Βὰρ
774 1547 867 1581 Ἰωνᾶ,
894 1557 972 1575 τουτ-

185 1591 270 1624 έστιν,
285 1592 332 1618 Υἱὲ
349 1592 395 1618 τοῦ
415 1593 502 1620 Ἰωνᾶ.
527 1593 569 1624 Ὠς
581 1593 716 1629 ἐκήρυξας
728 1594 782 1629 γάρ
805 1602 867 1629 μου,
889 1594 967 1630 φησὶ,

182 1637 227 1663 τὸν
244 1637 364 1672 Πατέρα,
380 1637 452 1664 οὓτω
471 1638 548 1672 κάγὼ
564 1639 691 1674 κηρύττω
708 1648 755 1665 σου
778 1639 824 1665 τὸν
849 1639 967 1675 πατέρα·

183 1683 221 1718 μὴ
235 1684 343 1718 χρῄζων
358 1683 408 1719 μὲν
424 1684 470 1710 τοῦ
485 1683 532 1710 σοῦ
547 1684 735 1719 μνημονεῦσαι
752 1686 864 1720 πατρὸς,
885 1686 969 1718 δεῖξαι

181 1728 211 1755 δὲ
223 1729 385 1764 βουλόμενος
397 1730 427 1756 τὸ
441 1730 591 1765 ταυτοφυὲς
604 1730 672 1765 ἐμοῦ
683 1732 731 1757 καὶ
744 1731 860 1765 Πατρός·
876 1732 970 1758 εἰκόνα

183 1774 223 1806 σὲ,
233 1775 280 1800 καὶ
295 1775 340 1800 τὸν
353 1776 398 1801 σὺν
414 1777 531 1811 πατέρα,
545 1776 612 1811 ἐμοῦ
623 1777 725 1803 καὶτοῦ
739 1777 843 1812 Πατρός
856 1778 969 1813 προστί-

182 1819 251 1854 ῡημι
266 1819 324 1846 νῦν·
344 1822 376 1847 ὲκ
389 1821 442 1847 τῶν
459 1822 519 1848 καθ’
535 1822 607 1857 ὑμᾶς
623 1822 834 1857 μανθανέτωσαν
849 1823 969 1856 ἅπαντες

183 1865 248 1892 Υἱοῧ
271 1867 316 1892 καὶ
341 1867 446 1902 Πατρὸς
462 1868 511 1902 τὴν
535 1869 699 1903 ταυτότητα.
729 1870 778 1895 Ὃν
799 1869 853 1903 γὰρ
869 1869 969 1904 τρόπον

181 1911 273 1945 ὅμοιος
287 1913 319 1938 σὺ
333 1912 372 1946 τῷ
404 1913 481 1947 Ἰωνᾷ
496 1913 566 1939 κατὰ
589 1913 680 1947 φύσιν,
698 1913 785 1944 οὕτως
806 1915 898 1948 ὅμοιος
913 1914 968 1949 ἐγὼ

182 1957 222 1992 τῷ
239 1958 324 1992 Πατρὶ
335 1957 396 1984 κατ’
410 1958 514 1984 οὐσίαν·
532 1959 570 1989 ὡς
583 1959 632 1985 οὐκ
654 1957 678 1985 εἶ
697 1960 728 1985 τὺ
746 1960 848 1994 κτίσμα
863 1960 910 1986 τοῦ
929 1963 969 1987 οὶ-

183 2002 258 2028 νιίου
274 2002 388 2037 πατρὸς.
403 2003 470 2028 ἀ).λὰ
483 2002 616 2037 γέννημα,
627 2003 711 2033 οὕτως
725 2003 786 2029 οὐδὲ
799 2004 855 2037 ἐγὼ
865 2005 969 2039 κτίσμα

183 2047 232 2074 τοῦ
251 2048 367 2083 Πατρδς,
386 2047 452 2074 ἀλλὰ
468 2047 603 2082 γέννημα·
617 2048 649 2074 σὺ
658 2047 814 2083 ἀνθρώπου,
833 2049 888 2084 ἐγὼ
902 2050 970 2082 Θεὸς

183 2094 216 2119 ὲκ
227 2093 306 2119 Θεοῦθ
323 2093 355 2119 σὺ
376 2094 539 2129 γεγέννησαι
566 2094 599 2121 ἐκ
621 2094 755 2126 τοιούτου,
783 2094 840 2128 ἐγὼ
854 2095 912 2129 φῶς
936 2096 969 2122 ἐκ

183 2139 282 2174 φωτός-
297 2140 329 2166 ab
346 2140 438 2175 ὅμοιος
452 2140 482 2172 ἐξ
496 2141 600 2175 ὁμοίου,
616 2140 693 2174 κάγὼ
708 2141 800 2176 ὅμοιος
817 2141 846 2174 ἐξ
863 2142 967 2176 ὁμοίουο

182 2184 227 2211 διὰ
238 2185 318 2211 τοῦτο
333 2184 480 2220 μακαρίζω
490 2185 537 2212 τὸν
555 2185 667 2220 Πέτρον,
684 2186 725 2212 ὅτι
740 2194 793 2221 περ
809 2186 858 2221 οὐχ
873 2185 968 2222 ὥσπερ

1024 967 1074 995 ego
1093 960 1139 987 Dei
1151 968 1211 987 sum
1228 959 1325 987 Filius.

1063 1003 1147 1032 Vens.
1175 1005 1220 1031 Π.
1246 1004 1443 1032 llaesitantihus
1475 1003 1628 1039 discipulis,
1648 1008 1676 1031 et
1696 1004 1766 1031 intra
1781 1011 1811 1031 se

1025 1050 1210 1079 verisimiliter
1228 1050 1293 1078 talia
1312 1050 1467 1078 dicentibus
1487 1051 1605 1078 :Petrus
1623 1050 1698 1077 illum
1711 1049 1809 1077 Filium

1025 1097 1072 1124 Dei
1094 1104 1196 1124 vocans
1220 1097 1318 1124 beatus
1339 1096 1456 1123 dicitur.
1477 1095 1581 1123 Martha
1602 1095 1701 1122 iterum
1720 1103 1810 1123 nonne

1025 1142 1122 1170 Filium
1141 1141 1188 1169 Dei
1198 1141 1272 1168 illum
1287 1148 1348 1168 esse
1360 1140 1447 1168 dixit?
1461 1140 1511 1173 Ita;
1527 1148 1589 1167 nam
1601 1141 1678 1174 dicit,
1689 1140 1808 1174 Domine,

1024 1197 1071 1223 ego
1086 1187 1187 1215 credidi
1202 1188 1264 1222 quin
1282 1192 1309 1213 tu
1329 1195 1355 1213 es
1369 1185 1504 1218 Christus,
1528 1186 1613 1213 Filius
1639 1186 1696 1220 Dei,
1719 1187 1764 1221 qui
1781 1186 1810 1213 in

1024 1234 1092 1260 [tunc
1108 1233 1234 1260 mundum
1249 1233 1355 1265 venisti,
1370 1232 1434 1267 quid
1453 1239 1517 1267 ergo
1530 1232 1575 1259 illa
1591 1239 1645 1258 non
1664 1232 1743 1259 beata
1754 1232 1809 1259 dici

1024 1280 1104 1315 digna
1121 1280 1229 1306 inventa
1257 1284 1309 1310 est,
1339 1286 1401 1306 cum
1428 1279 1536 1311 Petrus,
1553 1285 1601 1305 ceu
1626 1278 1727 1313 aliquid
1747 1278 1810 1306 novi

1023 1326 1128 1359 dicens,
1142 1326 1238 1353 beatus
1251 1325 1434 1360 przedicatur'!
1449 1324 1504 1352 Nos
1521 1332 1629 1360 quoque
1644 1325 1810 1352 unanimiter

1025 1372 1136 1407 qimndo
1151 1372 1220 1398 mari
1236 1376 1263 1398 et
1284 1371 1372 1397 ventis
1388 1370 1542 1404 imperavit,
1558 1376 1650 1396 nonne
1666 1373 1696 1396 ut
1709 1368 1808 1395 Filium

1024 1417 1070 1444 Dei
1087 1417 1161 1444 illum
1177 1414 1353 1443 adoravimus
1368 1419 1395 1441 et
1407 1422 1473 1441 voce
1490 1421 1587 1448 magna
1605 1413 1784 1440 clamavimus
1799 1420 1808 1439 :

1030 1462 1093 1490 Vere
1110 1462 1197 1489 Filius
1213 1462 1259 1488 Dei
1272 1469 1298 1488 es
1309 1462 1321 1488 ?
1332 1460 1388 1488 Cur
1406 1461 1501 1487 beatos
1515 1468 1564 1487 nos
1580 1467 1634 1486 non
1648 1463 1712 1487 tunc
1724 1465 1808 1486 voca-

1021 1509 1078 1535 vit?
1092 1508 1168 1535 Talia
1180 1507 1323 1541 discipulis
1334 1506 1528 1540 cogitantibus,
1547 1505 1678 1533 Dominus
1694 1505 1787 1539 adjicit
1799 1513 1808 1532 :

1023 1553 1078 1580 Dar
1095 1553 1175 1585 Iona,
1192 1553 1218 1579 id
1233 1556 1285 1583 est,
1311 1551 1347 1578 lili
1365 1550 1452 1584 .lonte,
1479 1555 1510 1577 ut
1523 1550 1686 1585 prtedicasti,
1710 1550 1809 1585 inquit,

1024 1607 1114 1627 meum
1132 1597 1250 1630 Patrem,
1273 1598 1313 1624 sic
1335 1603 1386 1631 ego
1406 1604 1516 1631 quoque
1537 1595 1655 1631 praedico
1673 1599 1748 1622 tuum
1761 1602 1810 1630 pa-

1023 1649 1110 1678 trem;
1136 1651 1190 1671 non
1215 1643 1323 1678 quidem
1352 1649 1462 1670 necesse
1482 1642 1584 1669 habens
1613 1645 1689 1669 tuum
1703 1647 1807 1676 patrem

1023 1696 1187 1721 memorare,
1203 1690 1249 1716 sed
1266 1689 1360 1716 volens
1373 1688 1518 1716 ostendere
1532 1695 1704 1715 communem
1720 1687 1771 1714 mei
1782 1691 1810 1714 et

1023 1735 1111 1763 Patris
1128 1739 1264 1766 naturam,
1279 1742 1351 1762 nunc
1365 1739 1391 1762 et
1409 1738 1512 1769 patrem
1528 1738 1604 1761 tuum
1620 1737 1650 1760 ut
1662 1732 1807 1767 imaginem

1023 1780 1075 1807 mei
1088 1785 1115 1807 et
1134 1779 1222 1807 Patris
1232 1780 1282 1806 mei
1297 1786 1418 1814 propono
1431 1787 1438 1810 ;
1452 1786 1467 1806 e
1479 1779 1578 1813 quibus
1592 1777 1743 1804 secundum
1758 1783 1810 1804 vos

1022 1826 1128 1853 discant
1142 1833 1237 1853 omnes
1251 1824 1340 1852 Patris
1354 1829 1379 1851 et
1397 1823 1456 1851 Filii
1467 1830 1570 1851 natura:
1586 1822 1808 1850 similitudinem.

1021 1870 1088 1898 Nam
1095 1878 1148 1907 quo
1158 1872 1238 1898 modo
1247 1871 1379 1898 similislu
1386 1869 1496 1897 Jonzees
1504 1869 1655 1896 secundum
1668 1873 1807 1900 naturam,

1023 1919 1063 1946 sic
1078 1926 1129 1952 ego
1145 1917 1244 1944 similis
1260 1926 1320 1944 sunt
1329 1916 1402 1943 Patri
1412 1916 1561 1943 secundum
1572 1915 1768 1947 substantiam;
1779 1917 1809 1940 ut

1023 1967 1050 1989 tu
1058 1970 1111 1989 non
1127 1970 1156 1989 es
1163 1966 1282 1993 creatus,
1295 1961 1342 1989 sed
1354 1961 1481 1996 genitusa
1491 1962 1599 1995 proprio
1609 1965 1697 1996 patre.
1710 1962 1747 1988 ita
1758 1968 1808 1996 ego

1022 2016 1076 2036 non
1089 2012 1200 2035 creatus
1213 2014 1274 2034 sum
1289 2013 1303 2033 a
1319 2006 1412 2040 Patre,
1425 2007 1471 2033 sed
1493 2007 1617 2040 genitus;
1637 2011 1665 2033 tu
1680 2007 1762 2034 homo
1774 2007 1808 2033 de

1022 2052 1141 2085 homine,
1153 2059 1203 2087 ego
1219 2051 1290 2078 Deus
1305 2052 1339 2079 de
1352 2051 1426 2084 Deo;
1439 2052 1469 2077 tu'
1481 2051 1589 2085 genitus
1599 2059 1629 2078 es
1643 2052 1675 2078 de
1687 2051 1743 2083 tali,
1756 2059 1808 2086 ego

1022 2096 1113 2123 lumen
1123 2096 1156 2123 de
1170 2096 1289 2128 lumine;
1303 2100 1330 2121 tu
1339 2095 1436 2122 similis
1444 2094 1477 2121 de
1488 2094 1581 2127 simili,
1594 2102 1644 2129 ego
1654 2102 1763 2130 quoque
1770 2095 1808 2122 si-

1022 2142 1094 2170 milis
1101 2142 1134 2169 de
1142 2141 1236 2169 simili.
1244 2141 1285 2168 0b
1293 2140 1364 2168 hanc
1374 2147 1486 2167 causam
1495 2140 1603 2168 beatum
1612 2140 1676 2167 dico
1687 2140 1807 2173 Petrum,

1021 2188 1086 2223 quia
1104 2195 1157 2214 non
1172 2191 1201 2213 ut
1212 2186 1302 2213 czeteri
1318 2186 1443 2213 homines
1461 2185 1561 2212 Filium
1583 2186 1627 2213 Dei
1644 2194 1686 2213 me
1698 2186 1806 2221 procla-

181 2232 206 2257 οἱ
217 2231 305 2258 λοιποὶ
317 2231 372 2257 τῶν
383 2231 534 2266 ἀνθρώπων
549 2231 612 2258 Υίόν
620 2240 653 2266 με
663 2231 730 2258 Θεοῦ
743 2232 967 2267 προσηγόρευσαν

1023 2237 1166 2261 maverunt
1181 2234 1330 2260 secundum
1342 2232 1469 2268 gratiam,
1478 2232 1514 2259 ita
1526 2231 1634 2265 Petrus,
1649 2233 1695 2259 sed
1708 2237 1737 2260 ut
1749 2233 1808 2268 ipse

183 2277 252 2303 κατὰ
259 2278 293 2312 χά
298 2286 350 2313 ριν,
360 2277 430 2304 οὕτω
441 2279 455 2304 ὸ
467 2278 578 2314 Πέτρος·
588 2277 645 2304 ἀλλ’
658 2278 696 2309 ὡς
707 2278 789 2310 αὐτὸς
796 2278 904 2313 ἀληθῶς
912 2279 970 2311 υίὸς

182 2323 229 2349 τοῦ
237 2324 337 2350 οἰκείου
350 2325 453 2360 πατρὸς
460 2324 546 2355 οὕτως
557 2324 619 2351 my
631 2324 757 2359 μεάληθῆ
769 2326 915 2360 προσεῖπεν
922 2325 968 2352 τοῦ

182 2369 307 2400 θεοῦ’ὼς
318 2369 488 2405 αὑτδςὰρχὴν
503 2370 606 2404 ἐχωνὲξ
616 2371 700 2406 ἀρχὴν
712 2370 816 2405 ἔχοντος
825 2371 971 2406 ἐγεννήθη,

182 2415 268 2446 οὕτως
281 2415 399 2450 ἄναρχον
414 2424 448 2450 με
463 2416 527 2442 Υίὺν
541 2416 660 2452 ὰνάρχου
673 2417 778 2452 Πατρὸς
792 2417 969 2453 ἀνεκήρυξεν·

182 2461 220 2492 ὡς
235 2461 314 2492 αὐτὸς
325 2461 420 2496 θνητὸς
435 2462 467 2489 ὲκ
479 2462 594 2497 Θνητοῦ,
606 2463 692 2493 οὕτως
709 2463 844 2490 ἀθάνατόν
859 2471 892 2497 με
906 2463 971 2490 Υίδν

181 2507 211 2540 ἐξ
228 2507 362 2534 ἀθανάτου
386 2509 492 2543 Πατρὺς
505 2509 691 2544 ὡμολόγησεν·
706 2510 751 2536 διὰ
768 2509 847 2536 τοῦτο
864 2511 918 2545 γάρ
936 2517 970 2544 με

181 2551 244 2578 Υἱδν
257 2552 305 2578 τοῦ
317 2552 385 2579 Θεοῦ
399 2552 447 2579 τοῦ
460 2553 560 2586 ζῶντος
576 2555 808 2590 προσηγόρευσεν·
825 2556 839 2581 ὸ
853 2556 908 2590 γὰρ
922 2554 968 2581 τοῦ

181 2597 281 2629 ζῶντος
298 2597 358 2629 Υἱὸς
372 2597 426 2629 ζῶν
441 2599 485 2625 καὶ
502 2599 595 2631 αὐτὸς,
610 2600 745 2635 ἁτρὲπτου
767 2600 872 2634 Πατρδς
888 2601 970 2635 ἄτρε-

182 2651 248 2673 πτος
270 2643 380 2675 πάντως
399 2643 473 2675 Υἱός·
489 2643 578 2670 ἔοικεν
595 2645 638 2670 ἀεὶ
660 2646 731 2672 κατὰ
759 2645 849 2671 πάντα
863 2645 902 2680 τῷ
923 2653 971 2678 γε-

181 2687 322 2721 γεννηκότι
337 2687 367 2713 τὸ
383 2688 517 2723 γέννημα·
534 2689 582 2715 καὶ
596 2689 682 2721 οὕτως
697 2689 832 2716 ἀθάνατόν
852 2698 886 2725 με
902 2690 970 2716 Θεὸν

182 2731 316 2759 ἀθανάτου
341 2735 388 2760 καὶ
409 2734 508 2766 ζῶντος
531 2735 595 2761 Υίὸν
618 2737 850 2771 προσηγόρευσεν·
875 2735 969 2771 ὅτιπερ

183 2778 252 2812 μετὰ
268 2779 364 2814 μικρὸν
381 2780 414 2806 ἂν
428 2780 533 2817 ἀκούσῃ
548 2780 663 2807 θάνατον
678 2783 725 2808 καὶ
740 2781 869 2816 σταυρδν,
888 2781 970 2813 εὐθὺς

181 2825 320 2859 ναρκήσας
335 2824 420 2861 palm]
441 2826 537 2860 λέγων’
553 2826 653 2860 Ἵλεώς
676 2834 736 2860 σοι,
759 2827 857 2861 Κύριε,
876 2828 912 2854 οὐ
926 2828 968 2862 μὴ

180 2869 266 2896 ἔσται
283 2877 332 2899 σοι
346 2871 443 2898 τοῦτο.
462 2871 547 2899 Οϋπω
570 2872 625 2908 γὰρ
639 2873 709 2907 ἔγνω
724 2873 773 2908 τῆς
793 2874 894 2908 σαρκός
913 2882 966 2908 μου

1021 2287 1083 2306 vero
1099 2280 1172 2306 lilius
1189 2282 1231 2305 est
1244 2278 1346 2313 proprii
1365 2278 1462 2312 patris,
1477 2278 1514 2304 ita
1537 2277 1634 2304 Filium
1653 2286 1696 2305 me
1710 2286 1806 2306 verum

1021 2326 1178 2361 puedicavit
1198 2324 1262 2358 Dei;
1285 2328 1317 2351 ut
1333 2324 1391 2358 ipse
1402 2323 1510 2350 initium
1529 2323 1632 2350 habens
1645 2331 1677 2350 ex
1693 2324 1807 2351 habente

1021 2373 1129 2400 initium
1146 2371 1254 2406 genitus
1266 2375 1318 2402 est,
1335 2370 1372 2397 ita
1396 2375 1528 2397 aeternum
1541 2377 1583 2396 me
1597 2368 1696 2396 Filium
1712 2370 1806 2396 aeterni

1021 2418 1111 2445 Patris
1126 2417 1320 2452 proclamavit;
1337 2421 1367 2443 ut
1385 2417 1443 2451 ipse
1456 2415 1579 2442 mortalis
1591 2416 1624 2442 de
1638 2416 1756 2447 mortali,
1769 2416 1806 2443 itu

1023 2462 1205 2490 immortalem
1220 2469 1262 2488 me
1270 2460 1368 2487 Filium
1378 2461 1412 2487 de
1424 2459 1806 2487 immortaliPatreconiessus

1021 2513 1077 2541 est;
1096 2510 1157 2534 ideo
1168 2507 1240 2534 enim
1253 2514 1296 2534 me
1308 2505 1407 2533 Filium
1418 2505 1464 2532 Dei
1477 2506 1528 2533 vivi
1541 2506 1728 2541 proclamavit.
1737 2505 1805 2532 Nam

1022 2555 1076 2582 vivi
1090 2553 1178 2581 Patris
1196 2553 1281 2580 Filius
1303 2553 1380 2580 vivus
1392 2557 1420 2580 et
1435 2552 1505 2586 ipse,
1519 2552 1700 2579 immutabilis
1715 2552 1805 2579 Patris

1021 2599 1199 2627 immutabilis
1212 2599 1325 2625 omnino
1350 2598 1446 2626 Filius.
1474 2598 1578 2625 Similis
1602 2605 1708 2632 semper
1721 2598 1803 2624 estin

1021 2645 1149 2673 omnibus
1171 2644 1289 2680 genitori
1305 2645 1434 2680 genitus;
1458 2648 1485 2671 et
1501 2644 1537 2670 ita
1561 2643 1743 2670 immortalem
1762 2651 1805 2670 me

1020 2692 1105 2719 Deum
1122 2691 1285 2718 immortalis
1293 2696 1319 2717 et
1327 2690 1381 2717 vivi
1394 2690 1492 2717 Filium
1510 2689 1677 2725 praedicavit.
1693 2688 1770 2722 Quod
1780 2689 1803 2716 si

1020 2737 1095 2764 brevi
1111 2736 1227 2764 audierit
1241 2740 1356 2762 mortem
1370 2740 1396 2763 et
1407 2734 1676 2767 crucem,c0nl'cstim
1690 2740 1804 2769 stupens

1020 2782 1148 2810 clamabit
1158 2781 1252 2809 dicens
1262 2789 1269 2808 :
1280 2781 1353 2808 Absit
1363 2785 1420 2812 ate,
1436 2780 1556 2811 Domine,
1568 2787 1619 2806 non
1626 2780 1675 2805 erit
1688 2779 1736 2805 tibi
1744 2779 1803 2808 hac.

1020 2827 1146 2855 Nondum
1163 2827 1238 2855 enim
1249 2826 1431 2861 cognoscebat
1443 2825 1535 2852 carnis
1553 2832 1618 2852 mea
1632 2825 1802 2860 passionem,

1021 2878 1048 2902 et
1062 2877 1172 2909 propter
1187 2873 1241 2901 hoc
1261 2871 1473 2907 increpationem
1496 2878 1510 2898 τι
1530 2878 1572 2898 me
1587 2870 1716 2906 recipiet;
1733 2878 1804 2898 non-
