2075 3157
241 187 305 221 1131

592 186 789 217 OPUSCULA
809 185 1126 217 SCRIPTURISTICA
1149 185 1323 216 ΙΝΟΕΙὶΤιΕ
1341 187 1493 218 IETATIS.

1744 166 1749 168 ’
1801 186 1869 219 ma

241 247 424 276 militudinem
452 253 513 281 qua:
536 245 562 272 in
581 244 718 272 sideribus
744 242 927 278 principatum
957 243 1028 270 obti.

1083 243 1191 279 ἄστροις
1212 243 1418 279 βασιλεύουσαν·
1435 245 1539 279 ταύτην
1555 240 1631 271 εἶπον
1646 242 1689 269 ἶνα
1707 242 1745 279 μὴ
1767 245 1798 279 τῇ
1823 245 1868 270 εὖ-

239 298 312 325 neat,
329 295 379 320 hac
395 299 460 319 usus
473 298 546 321 sum,
575 297 610 317 ne
633 289 709 316 verbi
730 293 851 324 egestate
867 287 1026 316 detinearis.

276 339 357 366 Vens.
375 338 401 364 5.
428 336 482 364 Cur
498 335 572 362 Elias
587 338 615 362 et
631 334 739 369 Moyses
753 333 782 360 in
806 333 924 360 medium
942 332 1028 360 addu-

239 382 356 412 cuntur?
371 381 474 412 Primo,
490 384 519 407 ut
533 379 725 408 ostenderetur
740 378 804 414 quia
818 386 872 406 non
889 378 962 406 Eiias
975 383 1027 411 est,

239 436 269 457 ut
282 429 349 459 dixi,
363 434 453 462 neque
461 426 585 462 Moyses;
597 425 729 457 secundo,
741 432 776 452 ne
784 425 811 452 in
823 424 876 452 illis
884 427 918 452 de
927 424 1028 459 quibus

240 475 314 502 illum
331 474 483 509 arguebant
505 477 535 500 ut
556 472 623 508 legis
641 472 799 499 violatorem
814 491 821 503 ,
838 471 1029 499 ostenderetur

239 520 303 555 quia
327 519 443 547 mendax
462 523 504 547 est
525 528 532 546 :
551 525 606 546 noa
628 518 701 546 enim
722 525 784 545 cum
807 517 854 544 illo
873 517 1028 544 conversati

241 565 381 598 fuissent;
399 564 489 598 tertio,
506 568 536 591 ut
548 564 656 592 discant
672 571 734 591 eum
754 561 851 590 mortis
864 567 891 590 et
905 562 967 589 vitae
981 569 1029 597 po-

239 615 364 638 testatem
383 610 499 643 habere,
513 609 559 645 qui
575 616 673 644 nempe
689 609 764 636 illum
782 608 896 644 profert,
912 612 940 636 et
956 608 1029 635 hunc

240 658 366 686 suscitat.
382 656 452 690 Quid
465 663 531 684 vero
543 655 668 683 dicebant
681 654 796 690 gloriam
809 661 891 690 quam
908 653 1029 688 comple-

239 709 319 732 turus
336 708 395 731 erat
411 703 441 730 in
451 702 624 730 Jerusalem?
636 701 663 729 id
675 705 727 734 est,
741 699 898 736 passionem
915 699 986 734 ejus,
1001 701 1029 726 et

240 757 361 783 crucem,
377 754 404 777 et
420 748 661 781 resurrectionem,
677 752 704 775 et
716 746 827 775 similia.

273 797 357 824 Vsus.
374 797 400 824 4.
416 795 471 823 Cur
482 795 548 823 dicit
563 794 672 826 Petrus,
684 793 788 821 Bonum
802 797 839 820 est
857 800 903 820 nos
919 791 961 818 hic
973 798 1028 818 esse

238 845 266 871 in
289 843 452 870 solitudine?
469 841 538 875 Quia
562 840 692 868 audiebat
720 839 882 867 tradendum
907 844 968 865 esse
994 836 1027 864 ad

239 893 356 917 mortem
375 888 516 916 Christum
532 895 539 914 :
557 891 584 914 et
597 886 662 914 illud
680 885 769 913 Lucas
785 884 933 913 ostendens
949 882 1026 916 dicit,

241 935 269 963 Ν
270 936 367 963 excierit
381 934 444 970 quid
459 933 567 960 diceret.

275 981 357 1008 Vsus.
376 980 402 1008 5.
425 979 482 1007 Vox
499 980 531 1006 de
549 979 632 1011 nube,
647 979 711 1014 quia
727 978 768 1006 sic
788 977 861 1005 Deus
877 983 1029 1012 cognosce-

238 1028 334 1061 batur;
351 1026 440 1054 lucida
454 1030 544 1053 autem
564 1025 651 1053 nubes
663 1046 670 1059 ,
688 1024 751 1059 quia
765 1024 855 1051 timeri
872 1031 927 1051 non
952 1023 1028 1050 vole-

237 1075 293 1102 bat.
311 1073 362 1101 Ubi
375 1073 448 1100 enim
462 1077 562 1104 metus,
576 1071 612 1099 ibi
630 1072 776 1099 tenebrosa
791 1075 833 1098 est
847 1071 945 1103 nubes,
958 1073 988 1097 ut
1001 1069 1028 1096 in

239 1124 332 1149 monte
348 1119 424 1147 Sina.
438 1119 502 1147 ideo
515 1122 660 1154 postquam
674 1118 874 1151 disparuissent
883 1117 992 1152 Moyses
1001 1120 1029 1144 et

240 1167 329 1199 Elias,
346 1170 411 1194 tunc
427 1165 458 1192 iit
473 1172 536 1196 vos,
556 1171 591 1191 ne
611 1163 645 1191 de
667 1163 777 1191 illorum
803 1162 913 1197 aliquo,
931 1161 979 1189 sed
994 1160 1028 1188 de

240 1211 352 1240 Christo
365 1210 532 1245 intelligatur
548 1217 600 1237 vox
616 1215 678 1244 qua:
691 1208 785 1236 audita
797 1213 850 1235 est.

274 1258 334 1285 Non
348 1256 487 1285 Christum
505 1255 594 1284 solum
615 1254 724 1290 operuit
748 1253 854 1286 nubes,
872 1252 919 1280 sed
943 1251 1027 1280 etiam

239 1303 399 1339 discipulos,
414 1310 448 1331 ne
469 1305 614 1338 putaretur
628 1300 758 1329 Christus
779 1307 874 1327 vocem
891 1298 1027 1327 emisisse.

273 1394 356 1428 illud,
374 1393 406 1420 In
421 1401 472 1428 qua
488 1391 655 1426 complacui,
671 1390 744 1418 idem
767 1393 848 1418 sonat
863 1396 906 1421 ac,
924 1387 952 1415 ln
974 1395 1029 1423 quo

238 1442 362 1478 quiesco.
376 1440 506 1468 Additum
519 1443 562 1466 est
574 1443 676 1471 autem,
693 1436 775 1464 Illum
789 1436 891 1468 audite,
907 1443 952 1468 ne,
966 1434 1030 1463 licet

238 1489 414 1523 crucitigatur
424 1507 432 1520 ,
446 1485 575 1514 deliciant
592 1484 694 1512 animo.

274 1534 358 1562 Vsus.
376 1533 403 1561 6.
423 1533 488 1563 Cur.
510 1530 621 1566 quando
641 1530 669 1558 in
695 1528 859 1564 baptismate
887 1535 938 1554 vox
958 1527 1028 1554 facta

239 1585 293 1614 est,
311 1588 365 1607 non
378 1577 548 1609 ceciderunt,
567 1576 611 1604 hic
626 1578 718 1603 autem
735 1574 807 1602 istud
823 1572 944 1601 accidit?
959 1571 1028 1605 Quia

239 1628 265 1654 iu
279 1626 443 1662 baptismate
459 1623 539 1651 turba
552 1626 622 1655 erat,
636 1622 682 1649 hic
695 1628 760 1648 vero
774 1621 914 1648 desertum
927 1623 954 1646 et
969 1618 1030 1646 alti-

238 1673 314 1705 tudo,
327 1671 433 1706 solique
447 1674 527 1697 erant
540 1676 588 1704 per
606 1667 795 1699 solitudinem,
809 1670 837 1693 et
856 1669 920 1693 ante
934 1664 1029 1692 oculos

239 1719 386 1754 splendens
399 1717 552 1752 prodigium
568 1714 637 1742 lucis
651 1713 807 1750 purissima:
822 1717 849 1740 et
868 1711 956 1739 nubes
979 1710 1030 1738 hos

240 1764 292 1791 tale
307 1762 424 1798 experiri
441 1761 517 1789 facit.

278 1809 357 1836 Vsus.
379 1808 405 1835 7.
428 1807 498 1841 Quid
524 1811 583 1838 est,
602 1805 711 1834 Grauali
734 1809 811 1832 erant
832 1803 942 1831 somno?
961 1803 1029 1836 Quia

239 1862 338 1890 magno
357 1853 568 1889 possidebaulur
584 1857 711 1887 stupore;
729 1850 779 1878 hoc
790 1854 881 1877 autem
896 1856 910 1876 a
925 1849 1032 1876 visione

239 1901 284 1928 ilia
299 1899 465 1927 miraculosa
484 1897 634 1926 oriebatur.

275 1945 359 1973 \‘sas.
376 1945 403 1973 9.
422 1945 477 1972 Cur
496 1944 564 1972 dicit
593 1942 696 1971 nemini
714 1942 808 1970 dicant
822 1941 909 1970 donec
925 1949 940 1969 τι
958 1948 1031 1969 mor-

240 1992 292 2020 tuis
308 1989 454 2026 resurgat?
474 1989 545 2023 Quia
563 1993 666 2024 quanto
687 1988 791 2022 majora
816 1987 888 2014 dit-ta
904 1986 1031 2019 fuissent,

242 2043 316 2066 tanto
336 2035 438 2064 invidia
457 2034 688 2063 ctincredulitate
716 2033 873 2060 laborantes
898 2032 942 2060 illa
960 2039 1032 2067 tcng

240 2084 328 2119 magis
338 2087 448 2117 accepta
461 2081 640 2113 habuissent;
653 2079 700 2107 sed
716 2084 775 2115 post
789 2078 1031 2111 resurrectionem,

239 2138 254 2157 ε
271 2129 361 2157 medio
378 2129 470 2156 ablato
484 2127 531 2155 illo
546 2134 627 2163 quem
641 2126 769 2159 oderint,
787 2130 815 2152 et
829 2124 961 2160 apostolis
976 2124 1032 2159 jam

241 2176 426 2207 credentibus.
443 2174 530 2202 turba:
541 2173 729 2209 apostolorum
743 2171 877 2199 miracula
888 2174 1033 2198 cernentes

241 2223 352 2252 credere
368 2226 505 2257 poterunt.

277 2269 360 2298 Vsus.
379 2268 421 2296 ιο.
439 2268 679 2302 [interrogaverunt
701 2273 763 2293 eum
780 2265 907 2300 discipuli
926 2274 933 2292 :
960 2264 1031 2298 Quid
1045 2266 1072 2296 D

242 2315 342 2342 Sueba:
357 2315 459 2346 dicunt,
472 2313 540 2348 quod
556 2312 645 2338 Etiam
661 2315 779 2349 oporteat
795 2311 910 2345 primum
926 2309 1033 2337 uenire!

241 2367 266 2387 et
284 2360 355 2386 unde
370 2359 420 2385 hoc
434 2357 581 2385 dicebant!
595 2356 743 2383 Obtiuebat
759 2356 803 2383 hic
819 2363 911 2383 sermo
925 2360 953 2382 et
969 2362 1032 2389 pro-

242 2406 380 2433 ferebatur
399 2405 469 2431 male
492 2403 647 2430 intellectus
667 2409 682 2429 a
707 2401 823 2433 Scribis,
849 2405 918 2428 utet
936 2401 981 2435 qui
1000 2400 1034 2427 de

242 2451 352 2478 Christo
371 2453 460 2476 erant.
475 2447 583 2475 Veritas
601 2453 690 2475 autem
706 2454 735 2474 se
752 2447 789 2474 ita
808 2447 941 2479 habebat;
958 2445 1032 2473 Scri-

243 2502 331 2532 pturze
351 2495 461 2530 quidem
487 2497 558 2522 duos
582 2497 736 2521 memorant
760 2492 863 2520 Christi
879 2492 1032 2524 adventus,

243 2544 313 2570 hanc
325 2547 352 2569 et
367 2541 497 2573 futuram,
515 2547 542 2568 et
559 2540 698 2576 propheta:
721 2540 865 2573 utriusque
879 2545 1033 2574 prtecurso—

243 2597 299 2616 rem
317 2589 402 2616 Eiiatu
417 2588 538 2616 futurum
552 2596 612 2615 esse
624 2588 728 2616 dicunt.
741 2586 809 2614 Nam
824 2587 904 2614 unius
915 2585 1034 2613 Joannes

244 2635 294 2663 fuit
318 2643 482 2671 pra-cursor,
500 2643 581 2670 quem
605 2635 692 2662 Elian)
720 2638 800 2661 vocat
823 2633 960 2665 Christus,
980 2640 1033 2660 non

243 2683 316 2718 quod
332 2683 367 2709 sit
379 2682 462 2714 Elias,
479 2682 525 2708 sed
539 2681 611 2716 quod
629 2680 812 2708 ministerium
826 2679 1032 2713 Eiiaeimplevit.

244 2729 348 2756 Scriba:
374 2728 457 2762 igitur
483 2727 541 2755 lucc
566 2726 782 2759 confundentes,
812 2725 923 2753 secundi
950 2725 1035 2753 solius

244 2775 412 2802 mentionem
433 2775 588 2807 iaciebant;
607 2773 652 2801 ille
671 2778 762 2800 autem
782 2773 847 2800 dicit
862 2772 894 2800 ad
915 2773 1036 2806 discipu-

245 2822 287 2848 lus
301 2831 308 2849 :
325 2820 399 2849 Elius
413 2822 517 2856 quidem
533 2821 600 2848 venit
615 2825 638 2847 et
655 2820 774 2847 restituet
788 2819 887 2846 omnia.
904 2817 970 2852 Quae
982 2826 1036 2845 um-

247 2867 310 2893 nia?
322 2869 387 2900 Qum
399 2867 529 2902 propheta
545 2866 654 2894 dicebat
668 2865 819 2901 prmsertim
836 2874 842 2891 :
863 2864 981 2896 Mittam,
996 2864 1035 2890 in-

246 2914 317 2948 quit,
333 2914 455 2948 angelum
473 2922 569 2947 meum,
582 2917 608 2940 et
624 2913 736 2948 reliqua.
754 2912 786 2939 Et
801 2911 852 2939 hoc
868 2912 913 2938 iiet
926 2910 1036 2946 quando

1078 289 1170 325 τελείᾳ
1185 289 1235 324 τῆς
1248 290 1348 323 λέξεως
1362 291 1555 326 ἐναπομείνῃς.

1114 336 1163 362 Διὰ
1178 336 1204 362 τί
1225 336 1318 368 Ἠλίας
1333 337 1380 363 καὶ
1397 336 1501 372 Μωσῆς
1515 337 1554 369 είς
1569 337 1650 372 μέσον
1663 338 1776 372 ararat;
1789 337 1870 372 Πρῶ-

1078 390 1124 408 τον
1139 381 1189 417 μὲν
1207 382 1250 409 ἵνα
1266 382 1341 418 δείξῃ
1359 382 1400 408 ὃτι
1417 382 1482 409 οὔτε
1502 382 1597 415 Ἠλίας
1615 383 1690 410 ἐστὶν
1706 383 1743 413 ὡς
1758 383 1869 417 ελεγον,

1079 428 1140 454 οὔτε
1162 427 1283 462 Μωσῆς·
1301 427 1447 462 δεύτερον,
1462 428 1505 454 ἵνα
1532 428 1569 463 μὴ
1591 428 1655 464 περὶ
1670 425 1708 455 ὧν
1725 427 1870 455 ἐνεκάλουν

1079 473 1154 509 αὐτῷ
1172 473 1210 505 ὡς
1225 473 1387 509 παρανόμῳ,
1405 473 1480 510 δείξῃ
1494 474 1536 500 ὅτι
1555 473 1652 509 ψεῦδός
1668 475 1754 501 ἔστιν·
1770 473 1802 500 οὐ
1815 475 1870 509 γὰρ

1079 519 1112 546 ἂν
1128 519 1295 554 συνωμίλουν
1306 528 1313 536 ·
1327 520 1419 556 τρίτον
1431 520 1474 547 ῐνα
1489 520 1613 555 μάθωσιν
1628 520 1670 547 ὅτι
1687 519 1735 546 καὶ
1751 519 1868 546 θανάτου

1079 565 1126 592 καὶ
1141 564 1215 600 ζωῆς
1230 565 1353 598 ἐξουσίαν
1368 565 1435 600 ἔχει,
1447 565 1494 592 τδν
1508 565 1557 600 μὲν
1568 565 1698 599 ῑνεγκὼν,
1710 565 1756 592 τὸν
1767 565 1795 591 δὲ
1806 565 1871 591 ἀνα-

1080 611 1191 646 στήσας·
1210 611 1236 637 τί
1256 611 1285 638 δὲ
1303 610 1464 639 συνελάλουν
1477 612 1526 646 τὴν
1542 611 1621 644 δόξαν
1635 612 1669 647 ην
1687 610 1784 646 ἔμελλε
1802 609 1870 645 πλη-

1081 657 1146 692 ροῦν
1164 658 1193 684 ὲν
1213 657 1409 693 Ίερουσαλήμ;
1436 657 1583 684 Τουτέστιν
1605 657 1636 684 τὸ
1653 657 1739 688 πάθος
1755 657 1802 684 καὶ
1823 656 1870 683 τὸν

1080 702 1207 738 σταυρὸν,
1222 704 1270 730 καὶ
1281 703 1329 739 τὴν
1343 703 1501 737 ἀνάστασιν,
1514 704 1562 730 καὶ
1575 702 1609 730 τὰ
1625 703 1717 739 ὃμοια.

1115 796 1163 822 Διὰ
1178 795 1204 822 τί
1216 795 1289 830 λέγει
1306 796 1321 822 ὁ
1336 795 1438 831 Πέτρος
1450 816 1457 828 ,
1469 794 1569 822 Καλὸν
1584 793 1663 829 ἡμᾶς
1672 790 1730 822 ὧδε
1740 792 1816 822 εἶναι
1825 795 1870 828 εὶς

1080 843 1223 877 ἐρημίαν;
1247 843 1296 870 Διά
1325 842 1354 869 τδ
1377 842 1493 869 ἀκοῦσαι
1519 842 1560 869 ὅτι
1586 841 1806 877 παραδοθήσεται
1829 842 1870 873 εις

1080 887 1195 915 Θάνατον
1207 889 1221 914 ὁ
1237 887 1353 924 Χριστός
1363 895 1371 903 ο
1385 887 1433 914 καὶ
1447 886 1526 913 τοῦτο
1542 887 1650 918 Λουκᾶς
1675 886 1764 921 δηλῶν
1777 886 1870 920 ἔλεγεν

1081 934 1133 968 ὅτι,
1146 935 1179 961 El
1194 935 1244 961 καὶ
1252 934 1295 969 μὴ
1308 934 1373 969 ᾔδει
1383 935 1411 960 τί
1419 933 1534 960 ἐλάλει.

1122 980 1191 1008 Ἀπὸ
1202 980 1334 1015 νεφέλης
1346 980 1376 1007 δὲ
1398 980 1418 1014 ἡ
1430 979 1515 1015 φωνὴ
1525 999 1532 1012 ,
1545 980 1586 1006 ὅτι
1601 979 1688 1011 οὕτως
1705 972 1870 1006 ὀπτάνετοό

1080 1025 1161 1057 Θεός·
1177 1025 1296 1060 φωτεινὴ
1307 1024 1335 1051 δὲ
1350 1024 1390 1051 ὅτι
1405 1025 1436 1051 οὐ
1450 1024 1568 1059 φοϐῆσαι
1580 1024 1715 1051 ἐϐούλετο·
1732 1024 1800 1051 ὅπου
1814 1023 1870 1058 γὰρ

1080 1072 1191 1108 ἀπειλὴ,
1206 1073 1266 1099 ἐκεῖ
1277 1070 1414 1106 σκοτεινὴ,
1430 1071 1525 1105 ὥσπερ
1538 1071 1566 1097 ὲν
1579 1071 1644 1106 Σινᾷ
1653 1071 1722 1106 ὀρει-
1734 1070 1778 1097 διὰ
1791 1069 1872 1096 τοῦτο

1082 1118 1152 1155 μετὰ
1162 1119 1193 1145 τὸ
1206 1119 1321 1153 ἀφανεῖς
1334 1117 1461 1153 γενέσθαι
1478 1117 1523 1145 τόν
1538 1117 1568 1144 τε
1585 1117 1687 1144 Mutata
1700 1116 1747 1142 καὶ
1765 1115 1868 1147 Ἠλίαν,

1080 1165 1141 1192 τότε
1160 1165 1265 1199 γίνεται
1282 1165 1298 1200 ὴ
1316 1164 1403 1200 φωνὴ,
1419 1164 1462 1191 ἵνα
1481 1164 1519 1199 μὴ
1536 1163 1580 1190 ἐπ’
1602 1163 1694 1190 αὐτῶν
1709 1170 1791 1194 τινος,
1812 1161 1871 1189 ἀλλ’

1080 1211 1127 1238 ἐπὶ
1145 1211 1263 1247 Χριστὸν
1276 1211 1388 1247 λογισθῇ
1406 1211 1423 1246 ή
1441 1210 1516 1246 φωνὴ
1533 1211 1550 1245 ἡ
1565 1209 1711 1245 ἐρχομένη.

1116 1257 1155 1284 υὺ
1179 1257 1226 1284 τὸν
1239 1258 1358 1292 Χριστὸν
1377 1256 1457 1292 μόνον
1473 1255 1609 1282 ὑπέλαϐεν
1632 1256 1648 1290 ἡ
1670 1254 1787 1290 νεφέλη,
1804 1253 1872 1280 ἀλλὰ

1081 1302 1129 1330 καὶ
1152 1303 1215 1334 τοὺς
1243 1291 1382 1338 μαθητὰς,
1407 1291 1452 1328 iw;
1478 1301 1516 1337 μὴ
1543 1300 1659 1336 νομισθῇ
1683 1301 1725 1327 ὅτι
1752 1299 1872 1334 Χριστὸς

1081 1349 1188 1385 ἀφῆκεν
1201 1349 1252 1385 τὴν
1270 1349 1373 1384 φωνήν.

1117 1396 1168 1430 Τὸ,
1192 1395 1244 1423 Ἐν
1259 1393 1283 1431 ᾧ
1299 1395 1461 1430 εὐδόκησα,
1474 1395 1534 1423 ἀντὶ
1550 1394 1609 1429 τοῦ,
1632 1395 1679 1421 Ἐν
1698 1391 1720 1429 ᾧ
1733 1393 1873 1421 ἀναπαύο-

1083 1451 1144 1478 μαι,
1163 1442 1248 1478 δηλοῖ·
1266 1441 1414 1478 προσέθετο
1437 1442 1466 1468 δὲ
1487 1441 1535 1474 τὸ,
1551 1441 1650 1469 Αὑτοῦ
1665 1440 1808 1474 ἀκούετε,
1827 1440 1871 1466 ἳνα

1081 1488 1134 1515 κᾶν
1149 1488 1304 1524 σταυρωθῇ,
1321 1488 1359 1524 μὴ
1376 1487 1585 1524 ρᾳθυμὴσωσιν.

1117 1535 1166 1562 Διὰ
1179 1534 1206 1561 τί
1220 1534 1267 1561 ἐπὶ
1281 1534 1327 1561 τοῦ
1346 1534 1535 1569 βαπτίσματος
1547 1534 1598 1569 τῆς
1615 1534 1708 1570 φωνῆς
1721 1533 1872 1569 γενομένης

1082 1580 1112 1606 οὐ
1136 1580 1303 1612 κατέπεσον,
1328 1576 1380 1606 ὦδε
1405 1579 1433 1605 δὲ
1452 1578 1533 1606 τοῦτο
1560 1578 1732 1614 πάσχουσιν;
1762 1577 1873 1612 Ἐπειδὴ

1082 1626 1140 1651 ἐκεῖ
1157 1624 1206 1659 μὲν
1226 1624 1320 1659 ὄχλος,
1337 1620 1388 1651 ὧδε
1402 1623 1430 1650 δὲ
1446 1623 1549 1660 ἕρημος
1569 1623 1616 1650 καὶ
1638 1623 1704 1658 ὕψος
1716 1643 1723 1656 ,
1737 1623 1784 1651 καὶ
1797 1623 1873 1658 μόνοι

1083 1670 1142 1706 μεθ’
1155 1669 1284 1706 ἡσυχίας.
1297 1669 1344 1696 καὶ
1359 1668 1389 1695 τὸ
1405 1669 1548 1704 γινόμενον
1566 1668 1626 1695 κατ’
1636 1668 1794 1703 ὀφθαλμοὺς
1810 1676 1873 1702 φρι-

1082 1716 1146 1744 κτὸν
1164 1715 1222 1750 φῶς
1237 1715 1358 1752 ἄκρατον
1378 1715 1427 1743 καὶ
1441 1715 1540 1751 νεφέλη
1551 1737 1558 1749 ,
1579 1715 1652 1751 ᾇπερ
1677 1714 1757 1742 τοῦτο
1776 1714 1873 1740 παθεῖν

1082 1762 1181 1790 ἐποίει.

1117 1808 1150 1834 Τί
1174 1808 1249 1835 ἐστιν
1273 1807 1319 1840 τὸ,
1351 1806 1550 1842 Βεϐυρημένοι
1575 1804 1657 1842 ἦσαν
1683 1806 1785 1840 ὒπνῳ;
1810 1806 1874 1833 Ὀτι

1083 1854 1173 1890 πολλῷ
1198 1855 1357 1890 κατείχοντο
1376 1855 1471 1890 κάρῳ-
1488 1853 1568 1880 τοῦτο
1589 1854 1618 1880 δὲ
1634 1853 1689 1880 ἀπὸ
1711 1853 1762 1889 τῆς
1783 1853 1874 1888 ὅψεως

1082 1899 1190 1935 ἐκείνης
1204 1900 1253 1935 τῆς
1265 1899 1424 1934 θαυμαστῆς
1438 1896 1471 1934 ἦν
1484 1899 1677 1934 γεγενημένον.

1119 1946 1168 1972 Διὰ
1188 1946 1214 1973 τί
1239 1945 1315 1979 λέγει
1343 1944 1437 1980 μηδενὶ
1464 1945 1551 1971 εἰπεῖν
1580 1945 1632 1976 ἔως
1654 1944 1688 1972 ἂν
1709 1945 1741 1971 ἐκ
1768 1944 1874 1980 νεκρῶν

1083 1991 1205 2027 ἁναστῇ;
1228 1990 1339 2026 Ἐπειδὴ
1356 1990 1410 2024 ὅσῳ
1425 1989 1535 2025 μείζονα
1548 1989 1657 2024 ἐλέγετο
1670 2010 1678 2023 ,
1694 1989 1822 2016 τοσοῦτον
1834 1990 1874 2021 εἰς

1084 2036 1182 2073 φθόνον
1194 2037 1241 2063 καὶ
1251 2035 1380 2063 ἀπιστίαν
1391 2035 1477 2068 ὄντες,
1486 2035 1696 2070 δυσπαράδεκτα
1708 2032 1782 2070 εἶχον
1793 2035 1872 2062 αὐτή·

1085 2085 1156 2120 μετὰ
1170 2083 1198 2110 δὲ
1211 2083 1261 2118 τὴν
1273 2082 1433 2113 ἀνάστασιν,
1443 2082 1475 2108 ἐκ
1490 2081 1575 2117 μέσου
1589 2081 1638 2116 μὲν
1649 2081 1664 2108 ὁ
1679 2080 1864 2116 φθονούμενος

1084 2131 1132 2158 καὶ
1157 2131 1181 2156 οῑ
1199 2130 1248 2165 μὲν
1271 2129 1415 2156 ἀπόστολοι
1429 2128 1479 2164 ἤδη
1494 2127 1685 2160 πιστεύοντες,
1703 2127 1727 2154 ei
1748 2127 1777 2154 δὲ
1801 2127 1874 2162 ὖχλοι

1084 2178 1118 2204 τὰ
1143 2176 1217 2212 παρὰ
1236 2176 1291 2202 τῶν
1311 2175 1469 2203 ἀποστόλων
1483 2174 1611 2210 θαύματα
1631 2174 1748 2209 ὁρῶντες
1765 2173 1876 2200 πιστεύν

1085 2231 1159 2250 σειαν
1172 2222 1215 2250 ἄν.

1126 2268 1324 2304 Ἐπηρώτησαν
1334 2266 1416 2294 αὑτὸν
1425 2267 1450 2293 oi.
1463 2266 1594 2302 μαθηταὶ,
1606 2267 1646 2294 ὃτι
1657 2267 1690 2293 Ol
1698 2273 1875 2301 πραμματεις

1085 2314 1231 2349 λέγουσιν
1260 2315 1365 2342 Ἠλίαν
1391 2313 1438 2340 δεῖ
1456 2313 1554 2340 ἐλθεῖν
1576 2312 1704 2348 πρῶτον-ο
1723 2314 1771 2340 καὶ
1793 2312 1875 2339 πόθεν

1086 2361 1166 2388 τοῦτο
1180 2360 1288 2394 ἕλεγον;
1306 2360 1433 2396 Ἐκράτει
1448 2359 1498 2395 μὲν
1511 2360 1525 2386 ὁ
1541 2359 1620 2394 λόγος
1635 2359 1682 2386 καὶ
1696 2358 1875 2394 περιεφέρετο

1086 2406 1180 2438 κακῶς
1191 2406 1335 2441 νοούμενος
1352 2405 1428 2442 παρὰ
1436 2404 1491 2432 τῶν
1504 2405 1706 2442 Γραμματέων·
1722 2405 1816 2440 ὥσπερ
1829 2405 1877 2430 καὶ

1086 2453 1111 2478 οἱ
1127 2452 1191 2487 περὶ
1207 2451 1253 2478 τοῦ
1270 2450 1400 2486 Χριστοῦ·
1422 2452 1438 2486 ἡ
1462 2451 1491 2477 δὲ
1508 2451 1624 2485 ἀλήθεια
1639 2451 1695 2486 ἔχει
1720 2450 1806 2481 οὕτως
1819 2458 1826 2465 '
1844 2450 1876 2477 At

1089 2499 1138 2534 μὲν
1164 2498 1183 2524 Γ
1186 2498 1340 2532 ραφα“ι,δύο
1361 2498 1470 2532 λέγουσι
1496 2498 1649 2533 παρουσίας
1673 2496 1719 2524 τοῦ
1741 2495 1877 2532 Χριστοῦ,

1087 2545 1191 2581 ταύτην
1201 2546 1249 2572 καὶ
1258 2545 1308 2580 τὴν
1323 2545 1484 2580 μέλλουσαν
1499 2545 1546 2572 καὶ
1557 2546 1581 2572 οι
1592 2544 1731 2580 προφῆται
1743 2544 1876 2579 ἑκατέρας

1089 2590 1243 2626 πρόδρομον
1262 2591 1307 2617 τὸν
1333 2591 1427 2618 Ἦλίαν
1452 2591 1563 2618 ἕπεσθαι
1585 2591 1726 2625 λέγουσιν’
1752 2590 1802 2625 τῆς
1822 2591 1877 2625 γὰρ

1088 2636 1170 2671 ἄλλης
1190 2637 1204 2663 ὁ
1225 2637 1352 2672 Ἰωάννης
1369 2637 1490 2671 ἐγίνετο,
1505 2637 1534 2664 ὃν
1551 2638 1598 2664 καὶ
1621 2637 1714 2663 Ἠλίαν
1730 2637 1744 2663 ὸ
1760 2635 1877 2672 Χριστὸς

1089 2683 1177 2714 καλεῖ,
1191 2683 1241 2709 οὐκ
1253 2683 1345 2718 ἐπειδὴ
1367 2683 1460 2715 Ἠλίας
1473 2682 1519 2719 ἦν,
1534 2683 1591 2710 ἀλλ’
1609 2683 1705 2718 ἐπειδὴ
1717 2683 1768 2718 τὴν
1785 2682 1877 2709 διακο-

1089 2729 1150 2755 νίαν
1160 2729 1320 2764 ἐπλήρωσεν
1339 2729 1442 2756 Ἠλίου·
1458 2731 1482 2756 οἱ
1497 2731 1674 2765 Γραμματεῖς
1688 2729 1735 2756 οὖν
1752 2729 1880 2763 συγχέον-

1089 2783 1134 2806 τες
1148 2774 1233 2801 ταῦτα
1244 2796 1251 2809 ,
1267 2775 1316 2810 τῆς
1335 2775 1463 2811 δευτέρας
1481 2777 1666 2810 ἐμνημόνευον
1683 2776 1768 2811 μόνης
1778 2783 1785 2790 ·
1798 2774 1880 2805 αὐτὸς

1089 2819 1117 2846 δέ
1135 2828 1202 2855 φησι
1227 2821 1293 2856 πρὸς
1314 2821 1377 2852 τοὺς
1398 2820 1533 2856 μαθητάς
1565 2820 1666 2854 Ὴνθὶας
1688 2820 1747 2855 μὲν
1762 2820 1880 2854 ἔρχεται

1090 2866 1137 2893 καὶ
1154 2866 1402 2900 ἀποκαταστήσει
1417 2867 1528 2895 πάντα.
1549 2867 1616 2893 Ποῖα
1639 2867 1743 2899 πάντας
1761 2867 1852 2900 “Amp
1867 2865 1881 2892 ὸ

1091 2913 1233 2948 προφήτης
1249 2913 1322 2948 ἔλεγε
1338 2914 1420 2949 μάλα
1445 2913 1627 2947 Ἀποστελῶ,
1644 2913 1720 2949 φησὶ,
1736 2912 1788 2939 τὸν
1798 2912 1881 2946 ἅγγε-
