2075 3157
244 182 313 215 1133

737 183 896 214 SCHOLIA
919 183 1066 213 VETERA
1088 158 1132 212 IN.
1149 182 1382 212 ΜΑΤΤΗᾹΞΗΜ.

1796 177 1864 216 1134

244 242 376 274 λόνμου,
397 240 443 266 καὶ
469 241 501 267 τὰ
527 239 600 275 ἑξῆς·
623 240 669 267 καὶ
684 240 762 267 τοῦτο
777 241 923 276 γενήσεται
939 241 977 268 ὅτ’
993 241 1025 268 ἂν

1079 241 1207 276 reliquias
1226 240 1307 268 Israel
1330 239 1428 267 salvari
1443 240 1574 272 voluerit,
1590 247 1623 268 ne
1638 241 1745 275 penitus
1757 241 1864 276 disper-

246 289 276 312 τά
291 286 561 321 ἐγκαταλελειμμένα
573 285 620 313 τοῦ
637 285 745 321 Ἰσραὴλ
760 286 883 321 βούλεται
896 287 1025 322 σωθῆναι,

243 331 285 358 ἵνα
309 331 346 365 μὴ
363 331 448 365 ἄρδην
472 331 627 357 ἀπόλωνται
655 331 695 362 εἰς
719 331 768 365 τὴν
787 331 916 366 δευτέραν
944 331 1025 358 αὑτοῦ

243 376 392 411 παρουσίαν
405 384 412 391 ⁸
425 377 488 403 ὅταν
507 374 554 402 οὖν
577 376 654 411 λέγῃ,
671 376 711 402 ὅτι
730 376 833 409 Ἠλίας
848 376 965 411 ἔρχεται
977 377 1026 404 καὶ

242 420 497 454 ἀποκαταστήσει,
511 421 574 454 περὶ
593 420 640 447 τοῦ
660 421 689 446 ὲν
705 421 738 456 τῇ
755 421 868 456 δευτέρᾳ
891 422 1027 457 παρουσίᾳ

242 466 325 500 λέγει·
341 467 380 493 ὅτ’
401 466 434 493 ἂν
454 466 482 492 δὲ
509 466 576 502 λέγῃ
594 467 608 492 ὁ
629 466 733 500 μέλλων
756 465 884 502 ἔρχεσθαι
914 467 1024 498 Ἠλίας,

243 508 337 543 οὗτός
358 510 454 542 ἐστιν.
477 510 545 537 κατὰ
568 511 613 537 τὸν
633 511 733 546 τρόπον
755 511 805 546 τῆς
826 510 964 543 διακονίας
981 511 1026 538 τὸν

247 555 373 590 Ἰωάννην
389 556 482 582 Ὴλίαν
492 556 580 584 καλεῖ.
983 590 987 592 Ἴ

276 602 330 628 Τοῦ
346 602 575 637 σεληνιαζομένου
592 604 606 630 ὁ
621 604 714 639 πατὴρ
735 604 837 640 σφόδρα
853 603 888 640 ἦν
901 605 1024 637 ἄπιστος

242 648 378 675 ἐδείκνυτο
389 649 417 675 δὲ
431 649 509 674 τοῦτο
521 648 552 675 ἐκ
562 657 591 675 τε
600 648 647 675 τοῦ
661 651 748 677 είπείν
762 651 831 686 πρὸς
842 651 887 678 τὸν
896 652 1024 687 Χριστόν·

244 694 277 721 Et
286 695 426 726 δύνασαι,
436 694 606 728 βοήθησον.

277 749 326 775 Διά
339 750 364 776 τί
378 749 518 784 μέμφεται
533 751 590 781 τοῖς
604 750 774 784 ἀποστόλοις,
789 751 812 777 εί
827 751 939 784 ἄπιστός
952 752 1026 779 ἐστιν

241 796 280 821 ὅτι
294 795 340 820 τὸν
353 795 409 821 υἱὸν
422 795 504 822 αὐτοῦ
516 796 546 821 οὐ
561 795 794 829 τεθεραπεύκασιν
805 805 813 829 ;
831 797 944 828 Δεικνὺς
955 798 996 824 ὅτι
1009 797 1026 833 ἡ

243 841 348 876 μεγάλη
373 842 465 873 πίστις
490 843 538 868 καὶ
560 842 652 869 τελεία
673 842 758 878 ἀρετὴ
776 843 831 869 τῶν
853 842 1025 879 θαυματουρ-

243 886 361 920 γοὺντων
379 887 492 914 δύναται
510 888 556 914 καὶ
575 888 661 923 χωρὶς
679 889 797 920 πίστεως
808 888 862 916 τῶν
875 888 1026 924 θεραπευο-

244 934 332 968 μένων
359 933 490 970 ἐνεργεῖν.
505 934 608 968 Ὥσπερ
622 933 675 968 γὰρ
691 934 707 968 ἡ
725 933 815 965 πίστις
837 933 891 960 τῶν
907 942 1026 969 προσερα

240 979 361 1015 χομένων
387 980 433 1006 καὶ
449 980 514 1015 παρ’
539 979 688 1007 ἐλαττόνων
711 979 846 1016 λαμϐάνει
870 980 919 1016 τὴν
936 981 1024 1013 ῐασιν,

240 1024 278 1056 ὡς
292 1025 338 1051 ἐπὶ
351 1025 397 1052 τοῦ
414 1025 563 1061 Κορνηλίου
576 1035 582 1039 -
599 1025 686 1057 οὕτως
700 1025 753 1052 τῶν
768 1025 917 1053 ποιούντων
932 1026 965 1053 τὰ
978 1034 1026 1061 ση-

243 1072 308 1105 μεῖα
325 1071 444 1106 ἧρκεσιν
462 1072 478 1107 ή
496 1071 611 1106 δύναμις
626 1072 673 1098 καὶ
700 1072 737 1107 μὴ
750 1072 931 1099 πιστευόντων
945 1072 1026 1099 τινῶν

238 1116 276 1149 ὡς
296 1118 343 1144 ἐπὶ
360 1117 406 1144 τοῦ
435 1117 603 1144 Ἐλισσαίου·
620 1117 662 1144 ὅτι
684 1117 790 1150 οὐδενὸς
813 1119 1025 1151 πιστεύσαντος,

240 1163 336 1198 νεκρὸς
349 1164 459 1198 ἀνέστη·
473 1163 527 1199 χρὴ
539 1163 567 1190 δὲ
582 1164 682 1191 εἰδέναι
697 1164 772 1199 ὅμως
785 1164 826 1191 ὅτι
841 1164 871 1191 οὐ
887 1164 987 1196 πάντες
1000 1164 1026 1191 οι

241 1209 361 1244 μαθηταὶ
385 1209 538 1244 ἡσθένησαν
560 1211 594 1246 τῇ
610 1210 720 1238 πίστει·
734 1211 759 1237 0i
782 1210 835 1246 γὰρ
862 1210 954 1237 στύλοι
975 1210 1026 1237 οὐκ

239 1252 309 1290 ἦσαν
323 1255 390 1281 ἐκεῖ.

277 1300 326 1327 Διὰ
341 1300 367 1327 τί
387 1297 476 1334 εἶπεν,
496 1299 535 1328 Ὢ
553 1301 641 1336 γενεὰ
656 1301 784 1335 ἄπιστος
801 1302 850 1329 καὶ
870 1302 1025 1338 διεστραμ-

237 1347 334 1382 μένηί
356 1347 464 1383 Ἐπειδὴ
481 1347 495 1373 ό
510 1347 625 1379 ἄπιστος
640 1347 709 1383 ἀνὴρ
727 1345 804 1380 οὗτος
820 1348 866 1375 ἐπὶ
882 1348 929 1375 τοῦ
947 1348 1026 1384 ὖχλου

239 1391 397 1426 ἐντυγχάνει
420 1391 491 1419 κατὰ
518 1392 573 1419 τῶν
605 1392 754 1428 μαθητῶν³
788 1393 949 1429 βουλόμενος
979 1395 1026 1421 οὖν

238 1437 391 1470 ἀπαλλάξαι
417 1438 538 1470 ἐκείνους
567 1438 618 1473 μὲν
646 1438 838 1474 ἐγκλήματος,
868 1440 972 1467 ἐκεῖνον
997 1440 1025 1468 δὲ

239 1483 355 1520 ὓὸρεως,
370 1484 412 1510 ἵνα
429 1484 467 1519 μὴ
481 1484 640 1519 ὲξαπορήσῃ
652 1504 660 1516 ,
675 1485 868 1511 κοινοποιεῖται
887 1485 932 1511 τὸν
948 1485 1027 1519 λόγον

238 1528 379 1564 ἀληθεύων
389 1528 435 1555 κιὶ
448 1529 512 1563 περὶ
527 1528 583 1555 τῶν
597 1528 696 1555 ἄλλωνσ
712 1530 786 1560 εἰκὸς
800 1529 854 1565 γὰρ
866 1527 900 1566 ἦν
912 1530 1026 1562 πολλοὺς

237 1574 292 1600 τῶν
304 1575 446 1610 παρόντων
459 1574 697 1610 σκανδαλισθῆναι.

275 1629 321 1661 Τὸ,
337 1630 410 1662 Ἕως
431 1629 504 1656 πότε
518 1628 625 1664 ἔσομαι
637 1628 703 1663 μεθ’
714 1629 814 1664 Opim;
828 1629 963 1657 δείκνυσιν
985 1631 1025 1658 ὅτι

237 1675 377 1710 ἠσπάζετο
395 1675 442 1702 τὸν
457 1675 585 1708 θάνατον,
601 1675 650 1702 καὶ
665 1675 748 1710 βάρος
767 1673 838 1703 εῖναι
854 1675 885 1702 τὸ
902 1675 961 1711 μετ’
977 1677 1026 1703 αὺ-

237 1722 291 1748 τῶν
305 1722 452 1755 ἐλογίζετο.

279 1778 322 1808 Ὠς
335 1777 435 1804 κόκκον
447 1776 584 1808 σινάπεως
597 1777 647 1812 τὴν
664 1777 756 1804 πίστιν
771 1776 855 1811 λέγει1
868 1777 974 1809 δεικνὺς
984 1778 1025 1805 ὄτι

237 1823 267 1849 τὸ
288 1822 426 1858 ἐλάχιστον
440 1822 489 1857 τῆς
503 1823 618 1858 γνησίας
642 1823 760 1855 πίστεως
778 1823 826 1849 καὶ
846 1823 897 1858 ὅρη
914 1823 1024 1851 δύναται

238 1869 413 1904 μεταθεῖναι·
440 1870 464 1896 ει
487 1869 516 1896 δὲ
542 1871 591 1896 καὶ
615 1868 736 1904 οὐδαμοῦ
755 1868 806 1904 ὅρη
825 1869 974 1905 μετετέθη,
994 1869 1024 1897 τὸ

236 1915 343 1949 ἐγεῖραι
360 1915 473 1949 νεκροὺς
486 1914 537 1941 οὐκ
551 1914 672 1940 ἐλαττον.

273 1968 360 1995 Πόθεν
377 1968 411 1994 τὰ
427 1967 562 2002 δίδραχμα
579 1967 717 1999 ἐτελεῖτο;
737 1968 801 1994 Ὀτε
815 1969 849 1994 τὰ
863 1968 1024 2003 πρωτότοκα

237 2015 292 2040 τῶν
316 2013 472 2047 Αἰγυπτίων
493 2012 654 2039 ἀπέκτεινεν
676 2014 690 2038 ὁ
705 2012 788 2045 Θεὸς,
805 2013 867 2040 τότε
887 2014 937 2048 τὴν
958 2014 1024 2041 Λευῒ

237 2060 324 2095 φυλὴν
340 2060 397 2086 ἀντ’
416 2059 506 2086 αὐτῶν
520 2059 627 2086 ἔλαϐεν.
645 2056 712 2085 Εἶτα
723 2059 816 2093 ἐπειδὴ
831 2059 885 2085 τῶν
897 2067 954 2094 παρ
967 2061 1023 2086 ’Λί-

238 2105 364 2139 γυπτίοις
375 2104 557 2140 πρωτοτόκων
570 2104 690 2132 ἐλάττων
702 2102 735 2139 ἦν
751 2105 765 2131 ὁ
779 2104 829 2139 τῆς
846 2105 931 2141 φυλῆς
944 2105 1023 2141 ἀριθ-

240 2149 289 2184 μὸς
304 2171 311 2182 ,
326 2149 388 2177 ἀντὶ
402 2149 456 2175 τῶν
478 2149 625 2176 λειπόντων
646 2149 685 2180 εἰς
702 2148 749 2175 τὸν
773 2149 907 2184 ἀριθμὸν,
931 2149 1023 2176 σίκλον

237 2195 382 2223 ἐκέλευσεν
398 2194 606 2230 εἰσενεχθῆναι·
624 2194 653 2228 ἐξ
676 2194 782 2221 ἐκείνου
799 2192 846 2221 οὖν
866 2194 926 2226 ἔθος
941 2195 1023 2230 :pr-

236 2253 319 2279 τησεν
334 2243 370 2270 τὰ
384 2242 607 2278 πρωτότοκαττὸν
627 2242 709 2277 φόρον
720 2242 815 2268 τοῦτον
827 2242 973 2278 εἰσφέρειν.
990 2243 1021 2269 Οἱ
1038 2252 1060 2280 ι)

235 2289 270 2315 τὰ
288 2289 423 2324 δίδραχμα
438 2287 624 2323 λαμϐάνοντες
640 2286 678 2321 τῷ
696 2287 793 2322 Πέτρῳ
806 2288 1022 2323 προσέρχονται·

236 2334 366 2365 ἐπιεικῶς
383 2334 411 2360 δὲ
424 2333 519 2368 ἐπειδὴ
534 2333 674 2367 ἀπένεμον
685 2332 759 2367 αὐτῷ
772 2333 833 2360 τινὰ
847 2334 914 2360 αἰδὼ
928 2334 972 2361 διὰ
990 2335 1023 2361 τὰ

237 2381 348 2413 σημεῖα.

231 2445 234 2447 .
279 2423 319 2458 [ᾦ
345 2423 457 2459 Χριστῷ
482 2425 528 2450 καὶ
557 2425 653 2459 Πέτρῳ
679 2423 717 2455 ὡς
741 2425 923 2459 πρωτοτόκοις
949 2424 1023 2453 οὒσιν

235 2469 393 2496 άπαιτεῑται
403 2469 433 2495 τὸ
447 2469 605 2506 δίδραχμον.

272 2524 309 2550 τὸ
323 2523 414 2558 λέγειν
430 2525 475 2551 τὸν
493 2525 621 2560 Χριστὸν,
651 2527 681 2554 Τί
699 2535 749 2554 σοι
764 2526 855 2559 δοκεῖ,
871 2527 974 2562 Σίμων;
995 2528 1023 2553 οἱ

231 2569 374 2602 βασιλεῖς
394 2569 450 2605 τῆς
465 2570 521 2605 γῆς
540 2571 600 2598 ἀπὸ
622 2572 711 2599 τίνων
725 2572 936 2606 λαμϐάνουσιν
949 2572 1021 2606 τέλη

234 2615 253 2649 ἦ
272 2616 409 2650 κῆνσον;
424 2617 546 2643 τοιοῦτον
560 2617 616 2652 εχει
635 2618 681 2644 τὸν
695 2617 768 2645 νοῦψ
791 2618 960 2653 Ἐλεύθερος,
972 2627 1023 2653 φη-

235 2663 289 2695 σὶν,
305 2663 364 2698 εἰμὶ
377 2663 423 2689 τοῦ
438 2663 530 2690 δοῦναι
544 2664 653 2698 κῆνσον·
671 2665 694 2690 εί
708 2664 762 2700 γὰρ
776 2664 895 2700 βασιλεῖς
908 2665 956 2700 τῆς
971 2665 1022 2699 γῆς

233 2710 263 2735 οὐ
278 2710 353 2744 παρὰ
377 2709 431 2735 τῶν
446 2709 513 2736 υἱῶν
529 2709 619 2736 αὐτῶν
635 2709 838 2745 λαμϐάνουσιν,
857 2710 925 2736 ἀλλὰ
948 2711 1023 2745 παρὰ

232 2756 287 2782 τῶν
301 2756 461 2791 ἀρχομένων
475 2763 482 2770 ο
498 2756 529 2782 ού
541 2756 630 2788 δώσω,
647 2756 740 2790 φησιν,
755 2755 820 2789 ἐγὼ,
836 2756 886 2782 οὐκ
901 2755 1022 2790 ἐπιγείου

235 2801 366 2836 βασιλέως
378 2822 385 2834 ,
400 2802 468 2828 ἀλλὰ
480 2802 528 2828 τοῦ
543 2802 597 2828 τῶν
611 2802 734 2838 οὐρανῶν
747 2801 784 2829 ὣν
807 2802 863 2832 uti:
878 2801 1020 2836 βασιλέως.

269 2846 306 2873 τὸ
319 2849 470 2882 προειπεῖν,
481 2847 521 2874 ὅτι
533 2847 682 2881 Εὐρήσεις
693 2848 828 2881 στατῆρα
839 2847 874 2873 ἐν
882 2846 920 2879 τῷ
930 2847 1020 2880 ixmil;

235 2892 282 2921 καὶ
297 2892 330 2919 τὸ
347 2893 464 2926 πρώτως
481 2893 527 2920 τὸν
543 2893 619 2927 ἰχθὺν
639 2894 784 2929 ἐμπεσεῖν,
803 2894 847 2919 καὶ
863 2893 956 2928 ὥσπερ
971 2892 1020 2926 ἄγ-

1077 287 1178 313 dantur
1204 286 1231 313 in
1254 286 1374 313 secundo
1393 286 1454 320 ejus
1474 285 1602 314 adventu.
1618 285 1687 313 Cum
1708 293 1774 321 ergo
1798 287 1864 314 dicit

1077 332 1141 367 quia
1159 331 1234 358 Elius
1249 332 1316 359 venit
1330 336 1355 359 et
1368 332 1604 366 restituet,dehoc
1613 332 1684 367 quod
1698 333 1726 359 in
1743 333 1864 360 secundo

1078 376 1194 404 adventu
1211 376 1256 404 ﬁet
1267 376 1398 411 loquitur.
1410 376 1478 403 Cum
1493 381 1583 404 autem
1595 377 1662 404 dicit
1675 377 1720 412 qui
1733 381 1863 404 venturus

1077 427 1120 450 est
1135 422 1209 450 Elias
1226 430 1234 449 :
1257 421 1311 449 Iste
1323 427 1377 456 est,
1399 423 1549 451 secundum
1565 423 1698 451 rationem
1718 422 1863 450 ministerii

1077 467 1209 496 Joannem
1224 467 1310 495 Eliam
1326 472 1414 498 vocat.

1109 605 1190 632 Vens.
1215 604 1256 632 Η.
1281 604 1406 632 Lunatici
1424 610 1500 640 pater
1523 606 1598 633 valde
1614 606 1770 634 incredulus
1786 611 1861 639 erat;

1077 651 1150 688 quod
1163 651 1326 679 ostendebat
1339 652 1455 679 dicendo
1469 651 1579 680 Christo
1606 661 1612 679 :
1630 652 1661 680 Si
1681 657 1770 687 potes,
1789 661 1863 687 opem

1078 698 1127 733 fer.

1113 752 1196 782 Vsus.
1211 753 1253 781 l5.
1266 753 1321 781 Cur
1335 754 1424 789 arguit
1439 745 1587 789 apostolos,
1601 753 1623 781 si
1637 753 1793 780 incredulus
1807 758 1860 786 est,

1077 799 1149 834 quod
1165 799 1249 826 ﬁlium
1265 807 1345 826 suum
1365 807 1419 826 non
1441 799 1615 827 curaverint?
1630 798 1783 827 Oelcndens
1801 807 1862 826 ma-

1077 852 1157 880 gnam
1174 844 1251 872 ﬁdem
1276 848 1301 871 et
1320 844 1466 879 perfectam
1485 844 1612 872 virtutem
1640 844 1771 872 miracula
1795 852 1862 879 ope-

1077 890 1196 917 rantium
1213 897 1292 925 posse
1306 890 1348 916 vel
1368 890 1471 925 absque
1486 890 1537 917 ﬁde
1552 897 1647 917 eorum
1663 890 1709 925 qui
1730 895 1863 917 curantur

1077 935 1178 963 valere.
1192 936 1266 963 Sicut
1278 936 1349 963 enim
1366 936 1431 964 ﬁdes
1445 936 1631 964 accedentium
1644 937 1686 964 vel
1700 937 1733 963 ab
1749 937 1861 964 inferio-

1078 980 1153 1008 rihus
1163 980 1262 1015 accipit
1276 981 1458 1014 curationem,
1479 985 1508 1008 ut
1530 982 1558 1008 in
1574 981 1702 1009 Cornelio
1715 1002 1722 1015 ,
1740 982 1778 1009 ita
1797 990 1862 1017 ope-

1077 1026 1194 1053 rantium
1211 1025 1286 1061 signa
1306 1025 1406 1060 profuit
1427 1026 1469 1054 vis
1489 1026 1530 1054 vel
1553 1027 1717 1061 quibusdam
1733 1035 1785 1054 non
1800 1035 1862 1054 crc-

1078 1070 1213 1104 dentibus,
1231 1076 1260 1098 ut
1277 1071 1304 1099 in
1319 1070 1428 1105 Eliszeo,
1443 1071 1518 1106 quia,
1539 1072 1614 1099 nullo
1630 1071 1768 1105 credente,
1787 1080 1862 1100 mor-

1077 1120 1141 1143 tuus
1156 1116 1290 1144 excitatus
1307 1121 1359 1144 est.
1374 1116 1487 1152 Oportet
1497 1122 1588 1145 autem
1601 1118 1671 1145 scire
1684 1118 1862 1146 nihilominus

1078 1169 1131 1189 non
1150 1169 1246 1189 omnes
1259 1161 1409 1197 discipulos
1431 1162 1553 1191 inﬁrmos
1575 1163 1660 1191 fuisse
1681 1162 1708 1190 in
1728 1163 1796 1197 ﬁde;
1819 1172 1863 1192 co-

1078 1207 1177 1235 lumm
1192 1208 1264 1236 enim
1278 1215 1330 1236 non
1345 1208 1380 1236 ibi
1400 1213 1488 1236 erant.

1112 1301 1195 1328 Vsus.
1212 1301 1255 1329 16.
1269 1301 1324 1329 Cur
1341 1301 1420 1334 dixit,
1436 1301 1601 1337 Ogenemlio
1615 1301 1751 1329 incredula
1763 1307 1787 1329 et
1802 1311 1862 1337 per-

1078 1347 1172 1374 versa!
1188 1347 1255 1380 Quia
1275 1347 1431 1375 incredulus
1445 1348 1487 1375 vir
1503 1348 1553 1375 iste
1565 1348 1591 1375 in
1607 1348 1686 1375 turba
1703 1349 1863 1376 versabatur

1077 1397 1172 1420 contra
1183 1393 1344 1428 discipulos.
1357 1392 1458 1421 Volcns
1470 1401 1534 1430 ergo
1546 1395 1665 1422 eximere
1677 1394 1736 1422 illos
1749 1402 1762 1421 a
1771 1394 1861 1428 culpa,

1079 1439 1149 1464 hunc
1161 1441 1252 1465 autem
1270 1445 1285 1464 a
1300 1437 1465 1465 contumelia
1476 1458 1483 1470 ,
1500 1445 1534 1466 ne
1549 1438 1721 1472 desperaret,
1737 1444 1862 1464 commu-

1078 1491 1138 1509 nem
1153 1482 1218 1509 facit
1232 1490 1398 1515 sermonem,
1413 1490 1476 1510 vera
1494 1491 1602 1518 quoque
1617 1483 1710 1510 dicens
1726 1483 1759 1510 de
1776 1483 1837 1510 aliis
1853 1492 1861 1510 :

1077 1527 1226 1554 verisimile
1239 1527 1312 1554 enim
1331 1531 1391 1555 erat
1412 1528 1514 1556 multos
1537 1529 1711 1563 pra-sontium
1728 1529 1864 1556 scandali-

1078 1577 1152 1601 zatos
1169 1579 1240 1600 esse.

1113 1626 1190 1661 Illud,
1205 1627 1346 1662 Quousque
1357 1635 1400 1654 era
1415 1627 1548 1654 vobiscum
1558 1628 1570 1655 .’
1582 1628 1701 1655 ostendit
1716 1636 1776 1656 eum
1794 1638 1864 1656 mor-

1076 1678 1128 1700 trm
1144 1673 1300 1708 amplexuum
1317 1681 1389 1706 esse,
1407 1678 1433 1701 ct
1448 1673 1566 1708 graviter
1581 1673 1652 1701 l'crre
1667 1675 1739 1709 quod
1757 1683 1818 1702 cum
1834 1675 1862 1703 il-

1076 1719 1110 1747 lis
1125 1723 1195 1746 crat.

1113 1771 1194 1801 Vsus.
1211 1773 1254 1800 l9.
1275 1772 1307 1800 Ut
1322 1780 1439 1808 granum
1455 1772 1559 1807 sinapis
1580 1773 1659 1801 (idem
1675 1774 1757 1806 dicit,
1771 1779 1864 1802 σειρη-

1075 1819 1144 1847 deus
1160 1819 1201 1846 vel
1218 1819 1361 1847 minimum
1379 1828 1450 1847 vera:
1465 1820 1527 1848 lidei
1551 1825 1658 1848 montes
1681 1828 1762 1856 posse
1779 1826 1864 1850 trans-

1075 1865 1162 1898 ferre;
1181 1866 1204 1893 si
1219 1873 1283 1893 vero
1299 1873 1434 1902 nusquam
1451 1871 1557 1894 montes
1574 1867 1761 1900 transtulerit,
1780 1869 1863 1896 Susci-

1076 1915 1134 1938 tare
1145 1915 1267 1939 mortuos
1280 1919 1335 1939 non
1351 1911 1467 1939 inferius
1480 1916 1533 1939 est.

1109 1965 1191 1993 Vsus.
1216 1965 1261 1992 2'5.
1277 1965 1369 1997 Quare
1384 1966 1542 1993 didrachma
1563 1967 1737 1994 solvebatur?
1750 1966 1864 2000 Quando

1075 2009 1253 2044 primogenita
1271 2008 1460 2044 (Egyptiorum
1481 2013 1608 2038 mactavit
1622 2011 1717 2044 Deus.
1734 2016 1798 2039 tunc
1813 2013 1863 2040 tri-

1075 2054 1139 2081 bum
1153 2053 1217 2080 Levi
1234 2061 1285 2089 pro
1301 2055 1355 2082 illis
1371 2057 1533 2090 assumpsit.
1549 2057 1648 2085 Deinde
1665 2058 1795 2092 quoniam
1808 2060 1864 2094 pri—

1076 2099 1219 2135 Inogenitis
1240 2099 1428 2135 [Egyptiorum
1455 2101 1569 2130 inferior
1587 2108 1646 2130 erat
1663 2104 1752 2132 tribus
1768 2113 1864 2132 uulne-

1075 2153 1138 2178 rus,
1156 2153 1204 2180 pro
1224 2145 1414 2174 deﬁcientibus
1429 2154 1443 2174 a
1463 2155 1594 2180 numero,
1622 2148 1718 2175 siclum
1736 2150 1863 2184 praecepit

1075 2190 1194 2218 conferri
1209 2199 1215 2217 :
1231 2199 1264 2218 cx
1288 2191 1341 2219 hoc
1356 2191 1438 2227 igitur
1455 2200 1513 2220 mos
1528 2193 1646 2220 obtinuit
1666 2195 1863 2230 primogenitos

1076 2236 1150 2264 hunc
1166 2237 1300 2265 tributum
1314 2238 1432 2266 solvere.
1447 2237 1500 2271 Qui
1511 2239 1671 2267 didrachma
1684 2240 1815 2276 colligunt
1828 2242 1861 2269 ad

1075 2281 1186 2310 Petrum
1210 2284 1361 2317 accedunt;
1382 2284 1569 2313 verisimilitcr
1594 2291 1686 2313 autem
1708 2287 1864 2315 tribuebant

1077 2327 1115 2355 illi
1131 2329 1269 2363 quoddam
1282 2330 1444 2364 obsequium
1461 2336 1570 2365 propter
1585 2331 1674 2365 signa.

1110 2420 1132 2447 Α
1146 2420 1256 2449 Christo
1272 2425 1296 2448 et
1316 2421 1413 2453 Petro,
1430 2426 1558 2456 tauquam
1577 2421 1780 2458 priumgmitis,
1799 2425 1863 2459 peti-

1075 2470 1119 2493 tur
1133 2466 1303 2495 didrachtna.

1109 2520 1192 2549 Vsus.
1208 2522 1253 2549 τι.
1266 2521 1344 2555 Quod
1359 2523 1425 2550 dicit
1443 2523 1582 2557 Christus,
1597 2525 1668 2557 Quid
1685 2526 1733 2552 tibi
1747 2525 1860 2556 videtur.

1075 2567 1191 2594 Simon?
1206 2575 1277 2602 reges
1293 2574 1370 2596 terra:
1389 2577 1404 2595 α
1419 2569 1513 2604 quibus
1528 2571 1660 2605 accipiunt
1680 2571 1806 2598 tributum
1823 2571 1861 2598 vel

1074 2614 1200 2640 teneant?
1224 2617 1260 2641 ita
1280 2614 1392 2651 intelligi
1410 2615 1491 2643 debet
1517 2625 1524 2642 :
1546 2615 1626 2643 Liber
1648 2622 1720 2647 sum,
1745 2616 1823 2649 dicit,
1845 2623 1861 2643 ιι

1074 2660 1165 2687 dando
1177 2668 1261 2688 censu
1275 2669 1283 2692 ;
1296 2661 1319 2688 si
1337 2661 1410 2688 enim
1428 2669 1506 2696 reges
1524 2666 1604 2688 terra:
1620 2669 1635 2689 a
1654 2662 1716 2689 ﬁliis
1729 2662 1788 2689 suis
1806 2670 1860 2689 nou

1074 2708 1228 2742 accipiunt.
1246 2707 1292 2735 sed
1306 2715 1320 2734 a
1343 2707 1478 2740 subditis,
1497 2715 1551 2735 non
1570 2715 1622 2743 ego
1634 2728 1641 2740 ,
1657 2708 1759 2743 inquit,
1775 2707 1860 2740 dabo.

1074 2761 1135 2780 t‘llll‘t
1149 2761 1201 2780 non
1217 2754 1355 2782 terrestris
1373 2755 1445 2788 regis
1456 2774 1463 2787 ,
1480 2755 1526 2782 sed
1541 2755 1672 2782 (telorum
1693 2755 1764 2790 regis
1777 2754 1861 2783 Filius

1073 2801 1136 2826 sim.

1112 2845 1194 2872 Viris.
1215 2845 1260 2872 ‘26.
1282 2845 1431 2873 Praedicerc
1452 2846 1522 2880 quod
1545 2846 1661 2874 Invenies
1685 2851 1813 2874 stateram
1833 2847 1859 2873 in

1073 2893 1153 2926 pisce,
1171 2897 1198 2919 et
1221 2892 1309 2926 primo
1333 2891 1359 2919 in
1378 2892 1476 2927 piscem
1503 2892 1631 2926 incidere,
1649 2898 1675 2920 et
1699 2897 1728 2920 ut
1751 2894 1860 2921 hamum
