2075 3157
222 203 292 236 H37

717 203 879 235 SCHOLIA
900 204 1049 235 VETERA
1070 204 1110 234 IN
1133 203 1369 234 MATTH/EUM.

1780 205 1853 235 1138

221 258 290 285 Θεοῦ
310 257 485 295 συγχώρησιν
501 259 550 286 καὶ
573 259 766 295 μακροθυμίαν
783 260 852 295 «pb;
873 259 923 293 τὴν
940 261 1011 296 ἡμεα

1067 260 1181 296 gentiam
1203 265 1230 288 ct
1249 259 1483 294 longanimitalem
1509 263 1610 287 nostra
1633 258 1857 294 pusillanimitali.

222 303 305 339 τέραν
319 303 502 340 μικροψυχίαν
520 304 672 331 δείκνυσιν·
687 304 735 332 δτι·
743 305 847 336 ἐκεῖνος
870 304 921 340 μιν
942 305 1011 340 ἆμεο

222 356 276 384 τρα
288 350 427 385 συγχωρεῖ
448 349 538 385 (τοῦτο
561 350 615 386 γάρ
631 351 689 377 ἐστι
708 350 748 382 τὸ,
762 350 879 386 μυρίαν
890 351 972 385 ἡμεῖς
983 350 1011 377 δι

223 393 283 420 οὐδὲ
306 393 340 421 τὰ
363 394 506 430 ἁριθμητὰ
532 394 746 430 συγχωροῦμεν·
774 394 896 421 δείκνυσι
919 395 948 422 δέ
967 394 1012 422 διὰ

223 439 319 467 τούτου
345 440 428 467 πόσον
452 440 520 473 Θεὸς
541 440 613 475 ὺπέρ
638 440 782 476 ἄνθρωπόν
808 441 882 467 ἐστιν
908 440 1012 475 ἀγαθὸς

224 485 271 512 καὶ
287 485 490 521 φιλάνθρωπος.

261 531 314 557 Σὺν
329 531 369 566 τῷ
385 531 519 566 ὀφείλοντι
532 532 566 559 τὰ
581 531 665 568 μυρία
676 531 795 559 τάλαντα
808 532 853 559 διὰ
865 532 892 558 τί
903 531 952 559 καὶ
962 532 1014 566 τὴν

225 576 308 603 αὑτοῦ
333 578 452 611 γυναῖκα
467 577 515 605 καὶ
529 578 563 604 τὰ
580 577 675 604 παιδία
689 577 841 605 διακελεύει
856 577 1012 614 πραθῆναι;

224 621 281 656 Οὐχ
297 622 336 653 ὡς
346 622 432 657 ὠμὸς,
450 622 508 650 ἀλλ’
524 623 568 651 ἵνα
582 623 666 650 αὑτὸν
681 625 720 656 εἰς
744 623 886 659 ἱκετηρίαν
900 623 1013 658 ἀγαγὼν

225 667 403 704 συγχωρήσῃ,
417 667 466 703 οὐχ
482 668 526 695 ἵνα
543 668 634 704 πραθῇ
645 676 653 684 ο
670 669 694 695 εί
708 668 762 704 γὰρ
774 668 818 696 διὰ
834 669 864 695 τὸ
876 669 1013 704 πραθῆναι

224 711 304 739 τοῦτο
320 712 417 746 ἐποίει,
433 714 483 740 οὐκ
493 712 526 741 ἂν
537 714 703 750 συνεχώρει·
723 712 907 750 οὑ”συγχωρεῖ
919 715 948 741 δδ
961 715 1015 750 πρὸ

224 757 273 790 τῆς
287 756 462 791 ἀποφάσεως,
484 758 528 785 ῖνα
547 759 630 785 αὑτὸν
651 758 789 795 ἐλευθεροῖ
809 759 1013 795 ὀφειλημάτων,

225 802 270 830 ῖνα
282 803 408 836 κάκεῖνος
421 804 467 831 τὸν
481 804 626 841 ὁμόδουλον
642 805 821 842 συγχωρήσῃ.

526 927 654 954 ΚΕΦᾹΔ.
666 926 718 954 ΙΘ’.

267 989 297 1016 '0
320 989 438 1025 Χριστὸς
464 990 642 1026 ἐρωτώμενος
655 990 718 1018 οὕτε
744 990 788 1018 ἀεὶ
806 991 881 1026 σιγᾷ,
907 990 951 1018 ἵνα
976 991 1014 1026 μὴ

226 1035 375 1070 νομίσωσιν
388 1035 542 1069 λανθάνειν,
568 1036 630 1064 οὗτε
646 1037 690 1064 ἀεὶ
703 1036 811 1072 ἐλέγχει
825 1036 869 1063 ῖνα
881 1036 1016 1073 παιδεύσῃ

225 1081 258 1106 ἐκ
274 1079 321 1106 τοῦ
337 1079 451 1116 ἡμέρως
474 1081 569 1118 φέρειν
584 1081 678 1114 αὑτὸν,
706 1081 850 1113 κάκείνους
864 1081 896 1108 τὸ
911 1082 1015 1118 μακρό-

225 1126 258 1152 θν
263 1135 323 1162 μον.

261 1171 295 1197 Τί
305 1171 381 1207 δηλοῖ
392 1171 434 1204 τὸ,
450 1173 484 1199 El
496 1172 590 1206 οὕτως
604 1172 691 1201 ἐστίν
701 1174 720 1208 ἠ
739 1173 819 1200 αἰτία
833 1173 887 1201 τοῦ
902 1173 1015 1208 ἀνθρώ-

225 1223 284 1244 που
291 1218 367 1252 μετὰ
377 1217 432 1253 τῆς
447 1219 590 1254 γυναικός
600 1228 611 1253 ;
622 1219 709 1247 Τοῦτο
721 1219 807 1254 λέγει,
822 1220 863 1247 ὅτι
875 1220 925 1248 Διὰ
937 1219 1016 1247 τοῦτο

227 1263 351 1300 συνῆφθη
368 1265 411 1291 ἴνα
425 1265 454 1292 ἐν
470 1262 536 1292 ὦσιν
546 1273 553 1280 ·
569 1266 586 1302 ἢ
603 1267 703 1299 ἐκεῖνο,
717 1266 760 1294 ὅτι
779 1266 811 1294 Εί
823 1266 912 1293 αίτίαν
933 1266 1016 1302 λήψε-

226 1317 271 1335 ται
286 1310 334 1336 καὶ
348 1313 502 1346 παρανομεῖ
514 1311 529 1337 ὁ
539 1311 610 1348 ἀνὴρ
626 1312 672 1339 ἐπὶ
689 1312 795 1344 τούτοις
812 1312 953 1340 ἐκὸἀλλων
965 1313 1016 1348 τὴν

226 1356 354 1388 γυναῖκα,
371 1357 536 1393 κουφότερόν
556 1359 630 1385 ἐστιν
652 1357 755 1394 μᾶλλον
769 1358 838 1393 πρὸς
859 1358 1012 1394 ἐπιθυμίαν

227 1400 362 1436 μάχεσθαι
384 1402 503 1437 φύσεως,
520 1403 536 1439 ἢ
554 1404 623 1439 πρὸς
647 1406 767 1439 γυναῖκα
798 1404 934 1440 πονηράν.
960 1404 1017 1432 Καὶ

225 1445 378 1482 ἄλλων-Εἰ
390 1447 478 1480 οὕτως
492 1449 568 1476 ἐστὶν
585 1450 602 1485 ή
617 1450 692 1476 αἰτία
703 1449 752 1476 τοῦ
776 1450 923 1485 ἀνθρώπου
945 1450 1017 1486 μετὰ

227 1493 276 1527 τῆς
287 1494 426 1527 γυναικὸς,
444 1495 582 1522 τουτέστιν
595 1496 619 1522 εί
635 1496 678 1523 διὰ
690 1495 770 1523 τοῦτο
781 1496 919 1531 συνῆφθη,
930 1496 974 1522 ἵνα
986 1496 1016 1523 ἐν

227 1534 305 1570 ὦσιν,
321 1539 369 1566 καὶ
390 1539 571 1567 ἀδιάσπαστοι
593 1540 711 1576 μένωσιν
732 1541 798 1577 παρ’
811 1541 872 1568 ὅλον
888 1541 933 1568 τδν
947 1540 1016 1576 βίον,

227 1583 279 1610 κᾶν
294 1584 420 1620 μοχθηρὰ
443 1585 503 1613 λίαν
519 1586 566 1613 καὶ
581 1585 719 1622 θηριώδης
734 1587 752 1622 ὴ
764 1587 845 1622 γυνὴ,
861 1586 892 1613 οὐ
909 1587 1015 1622 συμφέ-

1063 310 1194 342 praestare
1211 306 1342 334 ostendit.
1366 304 1434 333 Nam
1455 306 1499 333 ille
1514 305 1621 341 quidem
1639 304 1850 333 innumerabilia

1063 352 1188 382 remittit.
1203 352 1229 379 id
1245 352 1317 380 enim
1336 356 1417 380 sonat
1432 352 1527 380 decem
1552 351 1658 385 millia;
1683 359 1734 379 nos
1759 355 1850 379 autem

1063 405 1097 425 ne
1116 397 1298 425 numerabilia
1311 397 1422 432 quidem
1435 397 1612 425 remittimus.
1625 396 1676 425 Per
1692 398 1744 425 hoc
1758 401 1851 425 osten-

1063 443 1138 470 ditur
1162 447 1297 478 quantum
1316 442 1388 471 Deus
1407 451 1463 479 prae
1485 442 1642 471 hominibus
1664 442 1754 471 bonus
1775 442 1810 470 sit
1824 447 1852 470 et

1063 488 1209 524 benignus.

1100 533 1168 563 Cum
1189 534 1235 562 illo
1250 534 1297 569 qui
1320 533 1438 562 debebat
1459 534 1553 562 decem
1572 532 1657 562 millia
1673 533 1785 565 talents.
1802 540 1852 561 cur

1064 580 1139 608 illius
1174 580 1316 608 mulierem
1332 581 1368 610 {et
1391 580 1462 608 ﬁlios
1483 580 1635 608 venundari
1660 579 1763 616 jussit!
1791 578 1852 606 Non

1064 629 1195 660 tanquam
1224 625 1346 653 crudelis
1359 626 1406 657 sit,
1422 624 1480 661 .sed
1500 629 1531 652 ut
1545 625 1622 652 illum
1640 624 1673 652 ad
1693 624 1852 659 supplican—

1065 669 1129 698 dum
1144 669 1285 698 adducens
1301 670 1339 697 illi
1362 670 1496 705 ignoscat,
1516 677 1571 697 non
1591 674 1621 697 ut
1633 669 1802 702 vendantur;
1828 668 1852 696 si

1064 715 1138 744 enim
1157 721 1186 743 ut
1203 715 1358 744 vendantur
1381 715 1435 743 hoc
1458 715 1579 749 fecisset,
1605 723 1659 743 non
1687 715 1852 751 ignosceret.

1064 760 1126 788 Non
1142 761 1261 796 ignoscit
1285 765 1377 789 autem
1393 765 1541 796 antequam
1561 760 1695 788 rationem
1711 764 1806 795 ponat,
1823 762 1854 786 ut

1065 806 1142 834 illum
1169 807 1267 836 liberet
1287 815 1304 836 a
1318 807 1437 842 debitis,
1459 811 1486 835 et
1510 811 1540 835 ut
1563 806 1610 835 ille
1635 813 1770 835 conservo
1802 811 1853 833 suo

1064 853 1198 888 ignoscat.

1359 924 1474 953 CAPUT
1488 924 1561 952 XIX.

1100 984 1184 1012 Vsus.
1201 985 1229 1014 ί.
1252 985 1380 1014 Christus
1402 994 1464 1014 cum
1489 986 1683 1022 interrogatur,
1707 993 1762 1013 non
1780 993 1854 1014 sem-

1064 1039 1113 1067 per
1130 1036 1211 1065 taeet,
1226 1040 1263 1060 ne
1281 1032 1407 1068 ignorare
1435 1037 1562 1068 putetur;
1577 1040 1632 1060 non
1656 1040 1765 1068 semper
1785 1040 1852 1060 con-

1065 1077 1164 1111 fundit,
1182 1083 1210 1105 ut
1227 1077 1335 1111 doceat,
1349 1078 1462 1106 ferendo
1473 1079 1532 1114 ipse
1553 1086 1615 1107 cum
1632 1078 1852 1110 mansuetudine.

1065 1129 1093 1151 et
1108 1123 1183 1159 ipsos
1198 1124 1446 1160 longanimitatem.

1101 1170 1184 1199 Vens.
1199 1171 1244 1198 l0.
1259 1171 1329 1204 Quid
1353 1170 1473 1199 ostendit
1497 1170 1582 1203 istud,
1598 1170 1628 1199 Si
1652 1168 1691 1198 ita
1705 1175 1744 1198 est
1771 1179 1856 1198 causa

1065 1216 1179 1243 hominis
1194 1224 1253 1243 cum
1268 1217 1370 1244 uxore?
1385 1221 1437 1245 etc.
1464 1216 1569 1244 Dicitur
1594 1215 1688 1251 istud,
1708 1216 1781 1251 quod
1806 1224 1854 1251 per
1884 1250 1888 1253 .

1066 1262 1119 1290 hoc
1129 1261 1293 1296 conjunctus
1308 1262 1345 1290 sit
1362 1267 1392 1290 ut
1406 1270 1490 1290 unum
1500 1262 1575 1295 sint;
1591 1262 1728 1295 autillud,
1744 1261 1817 1297 quod
1831 1262 1856 1289 si

1065 1312 1213 1335 accusatus
1240 1307 1342 1341 fuerit,
1358 1312 1386 1334 et
1411 1307 1496 1343 legem
1526 1307 1670 1334 violaverit
1695 1307 1737 1334 vir
1760 1307 1787 1334 in
1812 1307 1856 1334 liis

1067 1361 1179 1382 uxorem
1192 1353 1367 1386 dimittendo,
1385 1354 1465 1389 longe
1478 1354 1566 1382 levius
1587 1355 1623 1383 sit
1639 1358 1734 1381 contra
1751 1358 1861 1381 natura.

1066 1400 1316 1436 concupiscentiam
1332 1408 1454 1436 pugnare
1470 1408 1552 1435 quam
1567 1405 1663 1428 contra
1678 1400 1779 1427 malam
1796 1407 1848 1426 mu.

1067 1447 1173 1475 lierem.
1199 1447 1230 1474 Et
1257 1446 1397 1474 aliter:si
1417 1447 1454 1474 ita
1475 1451 1517 1474 est
1542 1454 1626 1474 causa
1652 1445 1771 1474 hominis
1792 1452 1856 1473 cum

1067 1500 1163 1526 uxore,
1182 1492 1208 1520 id
1224 1492 1302 1520 estsi
1322 1500 1371 1528 per
1393 1493 1445 1520 hoc
1468 1491 1634 1528 conjunctus
1657 1495 1700 1519 est
1724 1495 1754 1518 ut
1770 1498 1856 1518 unum

1067 1537 1132 1572 sint,
1149 1542 1177 1565 et
1202 1537 1401 1573 inseparabilcs
1427 1543 1541 1566 manent
1571 1546 1621 1573 per
1647 1541 1734 1565 totam
1761 1537 1865 1570 vitam,

1067 1584 1118 1611 etsi
1133 1591 1261 1619 perversa
1277 1588 1304 1611 et
1321 1583 1439 1619 maligna
1463 1583 1580 1610 multum
1608 1583 1690 1610 fuerit
1707 1590 1784 1615 uxor,
1802 1589 1857 1609 non

228 1637 280 1665 ρει,
299 1631 346 1657 καὶ
360 1631 435 1666 ἐξῆς.
454 1633 489 1659 ’Ὴ
506 1633 554 1659 καὶ
568 1632 655 1664 οὕτως
666 1641 674 1649 ·
691 1633 722 1660 El
739 1632 828 1660 αἰτίαν
843 1632 958 1668 λήψεται
969 1633 1016 1660 καὶ

1069 1631 1189 1666 expedit.
1204 1633 1258 1658 etc.
1276 1629 1324 1658 Vel
1343 1630 1381 1657 ita
1399 1638 1406 1657 :
1421 1629 1444 1657 si
1461 1634 1609 1657 accusatus
1629 1629 1712 1657 fuerit
1725 1634 1752 1657 et
1767 1629 1855 1663 legem

229 1678 409 1712 παρανομεῖό
419 1677 489 1715 ἀνὴρ
501 1677 548 1704 ἐπὶ
556 1678 661 1710 τούτοις
675 1679 816 1706 ἐκὸάλλων
828 1679 876 1715 τὴν
886 1680 1016 1713 γυναῖκα,

226 1721 258 1748 οὑ
273 1722 408 1758 συμφέρει
422 1723 565 1759 γαμῆσαι’
584 1725 753 1760 κουφότερον
767 1725 823 1760 γὰρ
836 1725 906 1761 πρὸς
921 1725 1019 1753 ἐπιθυ.-

229 1767 294 1801 μίαν
319 1768 456 1803 μάχεσθαι
482 1769 619 1805 καὶπρὸς
645 1770 752 1803 ἑαυτὸν,
771 1770 787 1806 ἢ
806 1771 874 1805 πρὸς
899 1773 1018 1806 γυναῖκα

226 1813 349 1848 πονηρὰν
365 1814 412 1841 καὶ
429 1814 531 1849 πολλῆς
546 1815 684 1850 γέμουσαν
708 1817 911 1852 ἀναισχυντίας.

262 1857 341 1890 Τίνος
363 1858 458 1886 ἐνεκεν
477 1861 502 1887 οῖ
529 1861 651 1897 μαθηταὶ
685 1862 839 1890 ἀπεσόὸουν
863 1862 898 1890 τὰ
923 1863 1018 1891 παιδία

227 1904 300 1940 ἅπερ
313 1907 485 1943 προσηνέχθη
498 1908 574 1944 αὐτῷ
587 1909 631 1936 ἐπὶ
642 1909 681 1945 τῷ
693 1909 825 1942 εὔξασθαι
839 1911 948 1943 αὐτοῖς
964 1911 1017 1936 Τύ-

228 1959 279 1985 φου
303 1952 397 1979 ἐνεκεν
409 1961 417 1969 θ
436 1954 518 1986 αὐτὸς
534 1954 563 1981 δέ
576 1955 710 1982 διδάσκων
733 1957 833 1988 αὐτοὺς
860 1957 1018 1992 μετριάζειν

228 1998 276 2024 καὶ
290 1998 374 2032 τῦφον
397 2001 578 2033 καταπατεῖν,
593 2000 728 2036 λαμϐάνει
744 2002 791 2028 καὶ
809 2002 1017 2036 ἐναγκαλίζεται

229 2041 277 2068 καὶ
292 2043 487 2078 προσεύχεται·
509 2044 556 2071 καὶ
577 2044 710 2078 διδάσκει,
726 2045 770 2071 ῖνα
785 2046 802 2072 ἃ.
819 2047 851 2081 τῇ
868 2046 948 2080 φύσει
961 2046 1018 2082 ἔχει

227 2086 263 2113 τὰ
273 2087 377 2122 παιδία,
393 2090 426 2125 τῇ
441 2089 602 2126 προαιρέσει
617 2090 802 2127 ἐργαζώμεθα
817 2092 910 2127 ἡμεῖς.

264 2179 317 2205 τὸν
341 2180 526 2215 προσελθόντα
555 2180 697 2208 νεανίσκον
713 2180 752 2217 τῷ
767 2181 880 2217 Χριστῷ
907 2181 954 2209 καὶ
977 2182 1016 2208 εί-

229 2225 324 2252 πόντα·
350 2225 520 2253 Διδάσκαλε
538 2226 641 2261 ἀγαθὲ,
666 2227 740 2259 τινὲς
765 2227 815 2263 μὲν
840 2227 878 2259 ὡς
900 2226 1017 2254 ὓπουλον

1069 1676 1211 1704 violaverit
1224 1677 1267 1704 vir
1282 1676 1308 1703 in
1322 1676 1365 1703 his
1383 1683 1495 1703 uxorem
1511 1674 1683 1708 dimittendo,
1699 1682 1753 1703 non
1775 1682 1857 1709 expe-

1068 1722 1108 1750 dit
1122 1722 1239 1755 nubere;
1254 1721 1340 1750 levius
1355 1721 1426 1749 enim
1441 1725 1483 1749 est
1496 1725 1591 1749 contra
1607 1720 1861 1756 concupiscentiam

1068 1775 1190 1803 pugnare
1204 1772 1232 1795 et
1247 1771 1344 1795 contra
1358 1768 1490 1803 seipsum,
1505 1775 1587 1802 quam
1602 1771 1697 1794 contra
1713 1766 1858 1794 mulierem

1068 1813 1167 1840 malum
1187 1817 1214 1840 et
1229 1813 1399 1848 impudentia
1414 1813 1499 1840 multa
1520 1812 1662 1840 refertam.

1103 1858 1187 1887 Vens.
1204 1859 1248 1888 15.
1262 1859 1348 1892 Quam
1364 1859 1398 1886 ob
1408 1867 1520 1887 causam
1534 1859 1662 1894 discipuli
1679 1858 1859 1894 increpabant

1068 1906 1198 1940 parvulos
1213 1905 1260 1940 qui
1276 1905 1308 1932 ad
1330 1905 1407 1932 illum
1425 1904 1610 1933 atterebantur
1626 1909 1656 1933 ut
1668 1904 1721 1932 illis
1746 1905 1858 1932 oraret?

1069 1951 1212 1986 Superbia:
1230 1958 1324 1978 causa.
1338 1950 1385 1977 ille
1399 1954 1492 1978 autem
1512 1950 1613 1978 docens
1627 1958 1675 1977 eos
1690 1950 1858 1978 moderatio-

1069 2003 1131 2022 nem
1154 2000 1181 2022 et
1204 1995 1341 2029 superbia
1356 1999 1557 2030 contemptum,
1587 1995 1716 2030 parvulos
1744 1996 1857 2031 excipitl

1068 2048 1167 2068 manus
1197 2041 1314 2075 imponit
1338 2045 1366 2068 et
1382 2042 1422 2068 eis
1450 2046 1530 2075 orat;
1565 2041 1646 2068 docet
1681 2041 1787 2074 etiam,
1827 2047 1858 2070 ut

1068 2093 1131 2119 nos,
1148 2086 1222 2121 quod
1239 2090 1336 2114 natura
1352 2086 1459 2122 parvuli
1485 2091 1560 2120 sunt,
1587 2086 1740 2115 intentione
1754 2087 1858 2116 cﬂicia~

1068 2140 1141 2160 mur.

1105 2176 1186 2206 νεεδ.
1204 2178 1247 2206 l6.
1260 2178 1440 2206 Accedentcm
1453 2178 1486 2206 ad
1498 2178 1637 2207 Christum
1653 2179 1855 2208 adolescentem

1067 2228 1096 2252 et
1109 2224 1244 2252 dicentem
1260 2233 1267 2252 :
1282 2224 1411 2260 Hagirter
1425 2226 1502 2258 boue,
1525 2226 1637 2260 quidam
1654 2230 1684 2254 ut
1698 2225 1857 2254 dissimula.-

228 2271 434 2303 διασάλλουσιν,
459 2272 516 2307 ἐγὼ
530 2272 560 2300 δέ
580 2273 731 2308 χρημάτων
757 2273 850 2300 δοῦλον
885 2273 1014 2309 μόνον.οὐ

1070 2273 1127 2297 tum
1146 2270 1372 2305 reprehendunt;
1391 2278 1441 2306 ego
1456 2275 1549 2299 autem
1574 2271 1732 2301 divitiarum
1747 2280 1856 2300 servum

229 2318 456 2354 παραιτησαίμην
470 2319 557 2345 εἰπεῖν
567 2326 574 2334 ·
593 2318 689 2354 ἐπειδὴ
703 2319 752 2345 καὶ
762 2320 776 2346 ὁ
789 2319 907 2354 Χριστὸς
927 2319 1017 2353 τοιοῦ-

228 2371 276 2390 τον
297 2364 380 2391 αὐτὸν
405 2365 470 2392 ὂντα
493 2365 612 2400 ῆλεγξι·
637 2366 699 2392 ἐπεὶ⁵
725 2366 772 2392 καὶ
796 2367 910 2402 Μάρκος
930 2367 1017 2401 λέγει,

236 2409 403 2445 Ὲμσλέψας
413 2410 494 2443 αὐτῷ
507 2408 573 2438 οἷον
583 2411 744 2447 ἠγάπησεν
755 2413 848 2439 αὐτόν
860 2421 866 2426 ·
878 2413 926 2440 καὶ
940 2413 981 2440 ὃτι
995 2413 1018 2440 εί

230 2455 310 2482 τοῦτο
329 2454 363 2491 ἧν
374 2476 382 2488 ,
411 2456 545 2493 ἐδήλωσεν
569 2457 603 2484 ἂν
619 2457 701 2490 αὐτὸς
714 2459 729 2484 ό
747 2458 945 2494 εὐαγγελιστὴς
957 2479 964 2491 ,
981 2459 1019 2492 ὡς

229 2500 277 2527 ἐπὶ
289 2500 338 2527 τοῦ
354 2501 467 2536 νομικοῦ
479 2503 525 2529 καὶ
537 2502 585 2529 ἐπὶ
596 2502 651 2530 τῶν
662 2503 750 2530 ἄλλων
761 2511 769 2519 ο
786 2503 833 2531 καὶ
848 2504 872 2530 εί
884 2503 963 2530 τοῦτο
973 2502 1018 2540 ἦν,

229 2545 280 2572 οὐκ
302 2545 409 2580 ἀπῆλθε
435 2546 623 2583 λυπούμενος⁸
641 2547 688 2575 καὶ
713 2548 876 2584 ἐλεγχθῆναι
895 2547 923 2574 δέ
945 2546 1019 2584 εἶχεν

233 2591 372 2626 πειράζων
385 2591 424 2624 ὡς
440 2591 490 2619 καὶ
501 2593 526 2619 οι
544 2592 629 2620 ἄλλοι.

267 2637 328 2669 Πῶς
340 2637 449 2673 νοητέον
462 2637 504 2670 τὺ,
515 2638 621 2671 Οὐδείς
636 2637 748 2673 ὰγγιθὸς
757 2639 783 2666 el
791 2638 834 2674 μὴ
846 2636 889 2672 εἷς
900 2640 917 2666 ὁ
927 2639 1000 2672 Θεός
1007 2648 1018 2672 ,-

232 2683 269 2718 μή
289 2692 354 2710 ποτε
369 2683 397 2710 δέ
413 2684 460 2710 καὶ
473 2684 570 2710 ἑαυτὸν
587 2684 714 2711 ἐκϐάλλει
732 2684 781 2711 τοῦ
803 2683 874 2712 εἶναι
895 2676 1018 2720 ἁγαθόν;

231 2729 343 2764 Πρῶτον
358 2730 408 2765 μὲν
422 2730 472 2766 οὺχ
485 2731 527 2757 ὅτι
544 2730 594 2758 οὐκ
614 2730 672 2757 Ιστι
685 2739 726 2762 τις
741 2730 893 2766 ἀνθρώπων
906 2730 1019 2767 ἀγαθὸς,

231 2776 311 2803 τοῦτο
329 2776 415 2811 λέγει,
429 2776 498 2804 ἀλλὰ
513 2776 698 2812 παραὸἀλλων
714 2776 763 2811 τὴν
775 2776 822 2803 τοῦ
833 2776 901 2803 Θεοῦ
916 2777 1020 2812 ἁγαθό-

231 2831 302 2858 τιιτα
315 2825 385 2858 πρὸς
399 2825 474 2859 ἡμᾶς
488 2831 495 2840 ’
516 2823 612 2851 ἔπειτα
622 2824 651 2851 δι
663 2824 714 2851 οὐκ
729 2821 817 2855 εἶπεν,
829 2824 870 2850 ὅτι
890 2824 950 2851 οὐκ
961 2825 1021 2860 sip).

232 2868 345 2901 ἀγαθὸς,
356 2869 413 2895 ἀλλ’
422 2869 539 2902 ὀὐδεὶς
546 2868 711 2904 ἀνθρώπων,
724 2869 820 2903 ἐπειδὴ
832 2869 871 2900 ὠς
883 2868 1021 2905 ἀνθρώπῳ

234 2915 308 2949 αὑτῷ
329 2915 415 2950 ψιλῶς
432 2915 568 2951 προσῆλθε
579 2924 586 2931 ·
606 2915 686 2942 τοῦτο
705 2914 778 2950 λέγει
799 2915 879 2952 δῆθεν
894 2915 941 2942 καὶ
956 2915 1020 2951 περὶ

1071 2316 1262 2344 tantummodo
1275 2324 1328 2344 non
1342 2316 1485 2344 abnuerim
1501 2317 1593 2345 dicere
1609 2327 1615 2345 :
1632 2318 1763 2353 quoniam
1777 2318 1858 2346 Chri-

1070 2366 1131 2390 stus
1144 2362 1224 2389 talem
1243 2361 1319 2390 illum
1334 2369 1395 2390 esse
1410 2363 1606 2396 pronuntiavit.
1624 2362 1692 2391 Nam
1710 2368 1737 2391 et
1748 2365 1859 2393 Marcus

1070 2408 1148 2440 dicit,
1172 2407 1284 2435 [niuem
1312 2416 1371 2435 eum
1393 2408 1489 2436 dilexit
1511 2417 1580 2436 eum.
1600 2408 1632 2436 Et
1649 2410 1672 2437 si
1689 2410 1756 2438 illud
1778 2410 1858 2444 foret,

1071 2453 1247 2489 patefecisset
1270 2453 1327 2489 ipse
1350 2455 1529 2490 evangelista,
1545 2460 1574 2482 ut
1592 2455 1619 2482 in
1637 2455 1704 2491 legis
1726 2457 1815 2491 perito
1831 2463 1860 2484 et

1070 2500 1183 2532 aliis;si
1197 2499 1264 2527 illud
1282 2499 1361 2532 foret.
1377 2508 1431 2528 non
1448 2501 1561 2529 abiisset
1573 2502 1678 2535 tristis;
1692 2506 1720 2529 et
1734 2503 1858 2530 accusari

1071 2547 1217 2574 meruisset
1234 2551 1398 2578 ut,tontator
1413 2548 1487 2575 velut
1504 2548 1616 2584 quidam
1637 2549 1694 2578 alii.

1107 2637 1191 2665 llus.
1209 2637 1252 2664 Π.
1267 2636 1411 2671 Quomodo
1433 2638 1652 2673 intelligendum,
1669 2638 1754 2666 Nemo
1776 2640 1858 2668 bonus

1072 2683 1125 2711 ηὶοξ
1152 2683 1225 2711 solus
1241 2682 1310 2710 Deus
1320 2684 1333 2710 7
1350 2691 1442 2711 nonne
1463 2683 1590 2712 fortassis
1605 2685 1640 2712 de
1653 2692 1683 2713 se
1702 2685 1762 2720 ipso
1777 2692 1860 2720 negat

1071 2737 1132 2757 esse
1153 2736 1183 2758 se
1202 2728 1336 2757 bonum!
1359 2728 1481 2757 Primum
1509 2730 1631 2764 quidem,
1647 2738 1701 2758 non
1721 2732 1795 2766 quod
1823 2734 1860 2760 sit

1072 2775 1164 2803 nullus
1180 2775 1262 2802 homo
1276 2775 1378 2807 bonus,
1395 2775 1448 2803 hoc
1464 2775 1540 2808 dicit,
1558 2776 1605 2803 sed
1623 2776 1730 2804 conlbrt
1746 2777 1792 2805 Dei
1808 2778 1858 2806 bo-

1072 2822 1186 2850 nitatem
1202 2829 1265 2849 cum
1294 2826 1388 2849 nostra
1402 2829 1413 2855 ;
1429 2821 1530 2849 deinde
1543 2829 1597 2849 non
1612 2822 1691 2856 dixit,
1718 2822 1778 2851 Non
1797 2831 1858 2852 lum

1072 2869 1172 2901 bonus,
1192 2868 1240 2896 sed
1266 2875 1348 2895 nemo
1375 2867 1528 2900 hominum,
1552 2869 1684 2902 quoniam
1712 2869 1763 2897 iste
1779 2874 1809 2898 ut
1825 2871 1863 2898 ad

1073 2915 1211 2944 hominem
1237 2921 1343 2943 merum
1363 2914 1397 2942 ad
1417 2913 1494 2942 illum
1519 2920 1682 2944 accesserat.
1708 2916 1766 2945 Hoc
1787 2916 1859 2946 dixit
