  <div class='ocr_page' id='page_1' title='image "/cluster/home/n/w/nwhite01/storage/ocr_20150623/106/njp.32101077772901/627.png"; bbox 0 0 2075 3157; ppageno 0'>
   <div class='ocr_carea' id='block_1_1' title="bbox 216 185 286 218">
    <p class='ocr_par' dir='ltr' id='par_1_1' title="bbox 216 185 286 218">
     <span class='ocr_line' id='line_1_1' title="bbox 216 185 286 218; baseline 0 0"><span class='ocrx_word' id='word_1_1' title='bbox 216 185 286 218; x_wconf 67' lang='grc'><strong>1139</strong></span> 
     </span>
    </p>
   </div>
   <div class='ocr_carea' id='block_1_2' title="bbox 571 187 1479 223">
    <p class='ocr_par' dir='ltr' id='par_1_2' title="bbox 571 187 1479 223">
     <span class='ocr_line' id='line_1_2' title="bbox 571 187 1479 223; baseline 0.007 -7"><span class='ocrx_word' id='word_1_2' title='bbox 571 187 767 218; x_wconf 83' lang='lat' dir='ltr'><strong>OPUSCULA</strong></span> <span class='ocrx_word' id='word_1_3' title='bbox 788 188 1107 219; x_wconf 74' lang='lat' dir='ltr'><strong>SCRIPTURISTICA</strong></span> <span class='ocrx_word' id='word_1_4' title='bbox 1128 190 1304 221; x_wconf 61' lang='lat' dir='ltr'><strong>INCERTAE</strong></span> <span class='ocrx_word' id='word_1_5' title='bbox 1323 191 1479 223; x_wconf 68' lang='lat' dir='ltr'><strong>IETATIS.</strong></span> 
     </span>
    </p>
   </div>
   <div class='ocr_carea' id='block_1_3' title="bbox 1774 192 1842 225">
    <p class='ocr_par' dir='ltr' id='par_1_3' title="bbox 1774 192 1842 225">
     <span class='ocr_line' id='line_1_3' title="bbox 1774 192 1842 225; baseline 0.029 -2"><span class='ocrx_word' id='word_1_6' title='bbox 1774 192 1842 225; x_wconf 72' lang='grc'><strong>1140</strong></span> 
     </span>
    </p>
   </div>
   <div class='ocr_carea' id='block_1_4' title="bbox 214 243 999 285">
    <p class='ocr_par' dir='ltr' id='par_1_4' title="bbox 214 243 999 279">
     <span class='ocr_line' id='line_1_4' title="bbox 214 243 999 279; baseline 0.004 -8"><span class='ocrx_word' id='word_1_7' title='bbox 214 251 280 272; x_wconf 85' lang='lat' dir='ltr'><strong>sane</strong></span> <span class='ocrx_word' id='word_1_8' title='bbox 295 243 328 270; x_wconf 85' lang='lat' dir='ltr'><strong>de</strong></span> <span class='ocrx_word' id='word_1_9' title='bbox 342 243 433 279; x_wconf 83' lang='lat' dir='ltr'><strong>seipso</strong></span> <span class='ocrx_word' id='word_1_10' title='bbox 449 251 568 279; x_wconf 79' lang='lat' dir='ltr'><strong>quoque.</strong></span> <span class='ocrx_word' id='word_1_11' title='bbox 588 244 657 271; x_wconf 91' lang='lat' dir='ltr'><strong>lllud</strong></span> <span class='ocrx_word' id='word_1_12' title='bbox 673 249 775 277; x_wconf 84' lang='lat' dir='ltr'><strong>autem,</strong></span> <span class='ocrx_word' id='word_1_13' title='bbox 799 244 861 278; x_wconf 78' lang='lat' dir='ltr'><strong>Vos,</strong></span> <span class='ocrx_word' id='word_1_14' title='bbox 872 246 932 273; x_wconf 81' lang='lat' dir='ltr'><strong>licet</strong></span> <span class='ocrx_word' id='word_1_15' title='bbox 945 247 999 274; x_wconf 74' lang='lat' dir='ltr'><strong>sitit</strong></span> 
     </span>
    </p>
   </div>
   <div class='ocr_carea' id='block_1_5' title="bbox 1050 243 1840 285">
    <p class='ocr_par' dir='ltr' id='par_1_5' title="bbox 1057 247 1840 285">
     <span class='ocr_line' id='line_1_5' title="bbox 1057 247 1840 285; baseline 0.006 -12"><span class='ocrx_word' id='word_1_16' title='bbox 1057 247 1154 274; x_wconf 62' lang='grc' dir='ltr'>ἑαυτοῦ</span> <span class='ocrx_word' id='word_1_17' title='bbox 1166 257 1173 264; x_wconf 93' lang='grc'>·</span> <span class='ocrx_word' id='word_1_18' title='bbox 1193 249 1298 276; x_wconf 83' lang='grc' dir='ltr'>τοιοῦτο</span> <span class='ocrx_word' id='word_1_19' title='bbox 1316 249 1344 277; x_wconf 80' lang='grc' dir='ltr'>δὲ</span> <span class='ocrx_word' id='word_1_20' title='bbox 1362 250 1418 282; x_wconf 78' lang='grc' dir='ltr'>καὶ,</span> <span class='ocrx_word' id='word_1_21' title='bbox 1444 250 1479 276; x_wconf 79' lang='grc' dir='ltr'><strong>Εἰ</strong></span> <span class='ocrx_word' id='word_1_22' title='bbox 1498 249 1582 284; x_wconf 82' lang='grc' dir='ltr'><em>ὑμεῖς</em></span> <span class='ocrx_word' id='word_1_23' title='bbox 1608 249 1732 285; x_wconf 72' lang='grc' dir='ltr'>πονηροὶ</span> <span class='ocrx_word' id='word_1_24' title='bbox 1757 251 1840 285; x_wconf 78' lang='grc' dir='ltr'>ὄντες</span> 
     </span>
    </p>
   </div>
   <div class='ocr_carea' id='block_1_6' title="bbox 215 289 1003 322">
    <p class='ocr_par' dir='ltr' id='par_1_6' title="bbox 215 289 1003 322">
     <span class='ocr_line' id='line_1_6' title="bbox 215 289 1003 322; baseline 0.005 -6"><span class='ocrx_word' id='word_1_25' title='bbox 215 289 296 322; x_wconf 87' lang='lat' dir='ltr'><strong>mali,</strong></span> <span class='ocrx_word' id='word_1_26' title='bbox 324 291 407 317; x_wconf 71' lang='lat' dir='ltr'><strong>nostis</strong></span> <span class='ocrx_word' id='word_1_27' title='bbox 438 290 504 317; x_wconf 85' lang='lat' dir='ltr'><strong>bona</strong></span> <span class='ocrx_word' id='word_1_28' title='bbox 531 290 610 322; x_wconf 76' lang='lat' dir='ltr'><strong>dare,</strong></span> <span class='ocrx_word' id='word_1_29' title='bbox 634 298 688 318; x_wconf 89' lang='lat' dir='ltr'><strong>non</strong></span> <span class='ocrx_word' id='word_1_30' title='bbox 715 291 840 319; x_wconf 92' lang='lat' dir='ltr'><strong>omnium</strong></span> <span class='ocrx_word' id='word_1_31' title='bbox 869 292 1003 320; x_wconf 85' lang='lat' dir='ltr'><strong>malitiam</strong></span> 
     </span>
    </p>
   </div>
   <div class='ocr_carea' id='block_1_7' title="bbox 214 337 1004 371">
    <p class='ocr_par' dir='ltr' id='par_1_7' title="bbox 214 337 1004 371">
     <span class='ocr_line' id='line_1_7' title="bbox 214 337 1004 371; baseline 0.005 -8"><span class='ocrx_word' id='word_1_32' title='bbox 214 337 315 371; x_wconf 78' lang='lat' dir='ltr'><strong>arguit,</strong></span> <span class='ocrx_word' id='word_1_33' title='bbox 332 337 377 364; x_wconf 93' lang='lat' dir='ltr'><strong>sed</strong></span> <span class='ocrx_word' id='word_1_34' title='bbox 395 337 535 364; x_wconf 80' lang='lat' dir='ltr'><strong>hominum</strong></span> <span class='ocrx_word' id='word_1_35' title='bbox 562 337 713 365; x_wconf 76' lang='lat' dir='ltr'><strong>bonitatem</strong></span> <span class='ocrx_word' id='word_1_36' title='bbox 732 345 795 365; x_wconf 88' lang='lat' dir='ltr'><strong>cum</strong></span> <span class='ocrx_word' id='word_1_37' title='bbox 812 338 859 366; x_wconf 88' lang='lat' dir='ltr'><strong>Dei</strong></span> <span class='ocrx_word' id='word_1_38' title='bbox 881 339 1004 367; x_wconf 90' lang='lat' dir='ltr'><strong>bonitate</strong></span> 
     </span>
    </p>
   </div>
   <div class='ocr_carea' id='block_1_8' title="bbox 215 381 331 409">
    <p class='ocr_par' dir='ltr' id='par_1_8' title="bbox 215 381 331 409">
     <span class='ocr_line' id='line_1_8' title="bbox 215 381 331 409; baseline 0.009 -1"><span class='ocrx_word' id='word_1_39' title='bbox 215 381 331 409; x_wconf 82' lang='lat' dir='ltr'><strong>confert.</strong></span> 
     </span>
    </p>
   </div>
   <div class='ocr_carea' id='block_1_9' title="bbox 249 427 1004 464">
    <p class='ocr_par' dir='ltr' id='par_1_9' title="bbox 249 427 1004 464">
     <span class='ocr_line' id='line_1_9' title="bbox 249 427 1004 464; baseline 0.004 -10"><span class='ocrx_word' id='word_1_40' title='bbox 249 427 331 455; x_wconf 72' lang='lat' dir='ltr'><strong>Vens.</strong></span> <span class='ocrx_word' id='word_1_41' title='bbox 349 427 395 454; x_wconf 70' lang='lat'><strong>23.</strong></span> <span class='ocrx_word' id='word_1_42' title='bbox 412 427 467 454; x_wconf 90' lang='lat' dir='ltr'><strong>Cur</strong></span> <span class='ocrx_word' id='word_1_43' title='bbox 481 428 514 455; x_wconf 87' lang='lat' dir='ltr'><strong>ad</strong></span> <span class='ocrx_word' id='word_1_44' title='bbox 531 427 681 463; x_wconf 85' lang='lat' dir='ltr'><strong>discipulos</strong></span> <span class='ocrx_word' id='word_1_45' title='bbox 695 429 822 464; x_wconf 80' lang='lat' dir='ltr'><strong>loquens,</strong></span> <span class='ocrx_word' id='word_1_46' title='bbox 838 437 900 458; x_wconf 90' lang='lat' dir='ltr'><strong>cum</strong></span> <span class='ocrx_word' id='word_1_47' title='bbox 919 431 1004 458; x_wconf 70' lang='lat' dir='ltr'><strong>abiis~</strong></span> 
     </span>
    </p>
   </div>
   <div class='ocr_carea' id='block_1_10' title="bbox 213 473 1004 509">
    <p class='ocr_par' dir='ltr' id='par_1_10' title="bbox 213 473 1004 509">
     <span class='ocr_line' id='line_1_10' title="bbox 213 473 1004 509; baseline 0.003 -7"><span class='ocrx_word' id='word_1_48' title='bbox 213 479 252 502; x_wconf 85' lang='lat' dir='ltr'><strong>sel</strong></span> <span class='ocrx_word' id='word_1_49' title='bbox 269 473 315 508; x_wconf 85' lang='lat' dir='ltr'><strong>qui</strong></span> <span class='ocrx_word' id='word_1_50' title='bbox 331 474 558 509; x_wconf 75' lang='lat' dir='ltr'><strong>interrogaverat,</strong></span> <span class='ocrx_word' id='word_1_51' title='bbox 583 475 710 503; x_wconf 84' lang='lat' dir='ltr'><strong>Christus</strong></span> <span class='ocrx_word' id='word_1_52' title='bbox 726 476 792 504; x_wconf 89' lang='lat' dir='ltr'><strong>dicit</strong></span> <span class='ocrx_word' id='word_1_53' title='bbox 805 477 846 504; x_wconf 88' lang='lat' dir='ltr'><strong>eis</strong></span> <span class='ocrx_word' id='word_1_54' title='bbox 861 485 914 504; x_wconf 90' lang='lat' dir='ltr'><strong>non</strong></span> <span class='ocrx_word' id='word_1_55' title='bbox 930 482 1004 504; x_wconf 89' lang='lat' dir='ltr'><strong>certe</strong></span> 
     </span>
    </p>
   </div>
   <div class='ocr_carea' id='block_1_11' title="bbox 212 520 1001 559">
    <p class='ocr_par' dir='ltr' id='par_1_11' title="bbox 212 520 1001 559">
     <span class='ocr_line' id='line_1_11' title="bbox 212 520 1001 559; baseline 0.004 -12"><span class='ocrx_word' id='word_1_56' title='bbox 212 520 353 553; x_wconf 83' lang='lat' dir='ltr'><strong>divitibus,</strong></span> <span class='ocrx_word' id='word_1_57' title='bbox 382 521 447 556; x_wconf 83' lang='lat' dir='ltr'><strong>quia</strong></span> <span class='ocrx_word' id='word_1_58' title='bbox 471 521 548 549; x_wconf 85' lang='lat' dir='ltr'><strong>dives</strong></span> <span class='ocrx_word' id='word_1_59' title='bbox 566 521 676 550; x_wconf 84' lang='lat' dir='ltr'><strong>dillicile</strong></span> <span class='ocrx_word' id='word_1_60' title='bbox 704 522 818 550; x_wconf 84' lang='lat' dir='ltr'><strong>intrabit</strong></span> <span class='ocrx_word' id='word_1_61' title='bbox 836 523 863 550; x_wconf 97' lang='lat' dir='ltr'><strong>in</strong></span> <span class='ocrx_word' id='word_1_62' title='bbox 890 531 1001 559; x_wconf 79' lang='lat' dir='ltr'><strong>regnum</strong></span> 
     </span>
    </p>
   </div>
   <div class='ocr_carea' id='block_1_12' title="bbox 212 565 1001 604">
    <p class='ocr_par' dir='ltr' id='par_1_12' title="bbox 212 565 1001 604">
     <span class='ocr_line' id='line_1_12' title="bbox 212 565 1001 604; baseline 0.006 -12"><span class='ocrx_word' id='word_1_63' title='bbox 212 565 280 594; x_wconf 84' lang='lat' dir='ltr'><strong>Dei?</strong></span> <span class='ocrx_word' id='word_1_64' title='bbox 309 565 343 593; x_wconf 83' lang='grc' dir='ltr'>υι</span> <span class='ocrx_word' id='word_1_65' title='bbox 370 571 494 594; x_wconf 87' lang='lat' dir='ltr'><strong>moneret</strong></span> <span class='ocrx_word' id='word_1_66' title='bbox 519 575 567 596; x_wconf 87' lang='lat' dir='ltr'><strong>eos</strong></span> <span class='ocrx_word' id='word_1_67' title='bbox 601 575 656 595; x_wconf 91' lang='lat' dir='ltr'><strong>non</strong></span> <span class='ocrx_word' id='word_1_68' title='bbox 689 573 876 604; x_wconf 85' lang='lat' dir='ltr'><strong>paupertatem</strong></span> <span class='ocrx_word' id='word_1_69' title='bbox 903 571 1001 597; x_wconf 86' lang='lat' dir='ltr'><strong>erube-</strong></span> 
     </span>
    </p>
   </div>
   <div class='ocr_carea' id='block_1_13' title="bbox 211 619 299 639">
    <p class='ocr_par' dir='ltr' id='par_1_13' title="bbox 211 619 299 639">
     <span class='ocr_line' id='line_1_13' title="bbox 211 619 299 639; baseline 0 0"><span class='ocrx_word' id='word_1_70' title='bbox 211 619 299 639; x_wconf 75' lang='lat' dir='ltr'><strong>srere.</strong></span> 
     </span>
    </p>
   </div>
   <div class='ocr_carea' id='block_1_14' title="bbox 249 666 1003 706">
    <p class='ocr_par' dir='ltr' id='par_1_14' title="bbox 249 666 1003 706">
     <span class='ocr_line' id='line_1_14' title="bbox 249 666 1003 706; baseline 0.007 -13"><span class='ocrx_word' id='word_1_71' title='bbox 249 666 331 695; x_wconf 70' lang='lat' dir='ltr'><strong>Vnus.</strong></span> <span class='ocrx_word' id='word_1_72' title='bbox 346 667 391 695; x_wconf 77' lang='lat'><strong>9.5.</strong></span> <span class='ocrx_word' id='word_1_73' title='bbox 408 668 477 696; x_wconf 78' lang='lat' dir='ltr'><strong>Cum</strong></span> <span class='ocrx_word' id='word_1_74' title='bbox 505 676 642 704; x_wconf 79' lang='lat' dir='ltr'><strong>pauperes</strong></span> <span class='ocrx_word' id='word_1_75' title='bbox 667 674 770 702; x_wconf 86' lang='lat' dir='ltr'><strong>essent,</strong></span> <span class='ocrx_word' id='word_1_76' title='bbox 799 671 937 706; x_wconf 87' lang='lat' dir='ltr'><strong>quomodo</strong></span> <span class='ocrx_word' id='word_1_77' title='bbox 962 671 1003 698; x_wconf 81' lang='lat' dir='ltr'><strong>di-</strong></span> 
     </span>
    </p>
   </div>
   <div class='ocr_carea' id='block_1_15' title="bbox 212 713 1003 753">
    <p class='ocr_par' dir='ltr' id='par_1_15' title="bbox 212 713 1003 753">
     <span class='ocr_line' id='line_1_15' title="bbox 212 713 1003 753; baseline 0.006 -13"><span class='ocrx_word' id='word_1_78' title='bbox 212 718 290 747; x_wconf 87' lang='lat' dir='ltr'><strong>cunt,</strong></span> <span class='ocrx_word' id='word_1_79' title='bbox 314 713 382 747; x_wconf 79' lang='lat' dir='ltr'><strong>Quis</strong></span> <span class='ocrx_word' id='word_1_80' title='bbox 409 722 470 750; x_wconf 73' lang='lat' dir='ltr'><strong>ergo</strong></span> <span class='ocrx_word' id='word_1_81' title='bbox 497 717 592 750; x_wconf 81' lang='lat' dir='ltr'><strong>poterit</strong></span> <span class='ocrx_word' id='word_1_82' title='bbox 618 717 706 743; x_wconf 75' lang='lat' dir='ltr'><strong>salvus</strong></span> <span class='ocrx_word' id='word_1_83' title='bbox 731 724 786 744; x_wconf 72' lang='lat' dir='ltr'><strong>esse</strong></span> <span class='ocrx_word' id='word_1_84' title='bbox 801 717 814 744; x_wconf 80' lang='lat'><strong><em>?</em></strong></span> <span class='ocrx_word' id='word_1_85' title='bbox 839 716 907 753; x_wconf 81' lang='lat' dir='ltr'><strong>Erga</strong></span> <span class='ocrx_word' id='word_1_86' title='bbox 934 718 1003 746; x_wconf 84' lang='lat' dir='ltr'><strong>alios</strong></span> 
     </span>
    </p>
   </div>
   <div class='ocr_carea' id='block_1_16' title="bbox 213 757 1002 798">
    <p class='ocr_par' dir='ltr' id='par_1_16' title="bbox 213 757 1002 798">
     <span class='ocr_line' id='line_1_16' title="bbox 213 757 1002 798; baseline 0.006 -13"><span class='ocrx_word' id='word_1_87' title='bbox 213 757 350 791; x_wconf 83' lang='lat' dir='ltr'><strong>homines,</strong></span> <span class='ocrx_word' id='word_1_88' title='bbox 389 767 487 795; x_wconf 84' lang='lat' dir='ltr'><strong>nempe</strong></span> <span class='ocrx_word' id='word_1_89' title='bbox 517 760 642 789; x_wconf 85' lang='lat' dir='ltr'><strong>dolentes</strong></span> <span class='ocrx_word' id='word_1_90' title='bbox 662 766 792 797; x_wconf 76' lang='lat' dir='ltr'><strong>tanquam</strong></span> <span class='ocrx_word' id='word_1_91' title='bbox 820 770 884 798; x_wconf 78' lang='lat' dir='ltr'><strong>erga</strong></span> <span class='ocrx_word' id='word_1_92' title='bbox 903 768 1002 790; x_wconf 79' lang='lat' dir='ltr'><strong>seruet-</strong></span> 
     </span>
    </p>
   </div>
   <div class='ocr_carea' id='block_1_17' title="bbox 213 804 298 837">
    <p class='ocr_par' dir='ltr' id='par_1_17' title="bbox 213 804 298 837">
     <span class='ocr_line' id='line_1_17' title="bbox 213 804 298 837; baseline 0.012 -7"><span class='ocrx_word' id='word_1_93' title='bbox 213 804 298 837; x_wconf 86' lang='lat' dir='ltr'><strong>ipsos.</strong></span> 
     </span>
    </p>
   </div>
   <div class='ocr_carea' id='block_1_18' title="bbox 249 850 1000 887">
    <p class='ocr_par' dir='ltr' id='par_1_18' title="bbox 249 850 1000 887">
     <span class='ocr_line' id='line_1_18' title="bbox 249 850 1000 887; baseline 0.008 -10"><span class='ocrx_word' id='word_1_94' title='bbox 249 850 331 879; x_wconf 76' lang='lat' dir='ltr'><strong>Vens.</strong></span> <span class='ocrx_word' id='word_1_95' title='bbox 349 851 393 878; x_wconf 74' lang='lat'><strong>28.</strong></span> <span class='ocrx_word' id='word_1_96' title='bbox 412 851 542 879; x_wconf 73' lang='lat' dir='ltr'><strong>Sedebitis</strong></span> <span class='ocrx_word' id='word_1_97' title='bbox 567 861 645 887; x_wconf 78' lang='lat' dir='ltr'><strong>super</strong></span> <span class='ocrx_word' id='word_1_98' title='bbox 662 853 734 880; x_wconf 73' lang='lat' dir='ltr'><strong>sedes</strong></span> <span class='ocrx_word' id='word_1_99' title='bbox 750 853 899 887; x_wconf 75' lang='lat' dir='ltr'><strong>duodecim,</strong></span> <span class='ocrx_word' id='word_1_100' title='bbox 929 855 1000 883; x_wconf 92' lang='lat' dir='ltr'><strong>idem</strong></span> 
     </span>
    </p>
   </div>
   <div class='ocr_carea' id='block_1_19' title="bbox 212 895 999 933">
    <p class='ocr_par' dir='ltr' id='par_1_19' title="bbox 212 895 999 933">
     <span class='ocr_line' id='line_1_19' title="bbox 212 895 999 933; baseline 0.005 -11"><span class='ocrx_word' id='word_1_101' title='bbox 212 899 254 922; x_wconf 86' lang='lat' dir='ltr'><strong>est</strong></span> <span class='ocrx_word' id='word_1_102' title='bbox 279 903 311 923; x_wconf 89' lang='lat' dir='ltr'><strong>ac</strong></span> <span class='ocrx_word' id='word_1_103' title='bbox 337 895 639 931; x_wconf 72' lang='lat' dir='ltr'><strong>Congiariﬁcabimini;</strong></span> <span class='ocrx_word' id='word_1_104' title='bbox 657 897 823 931; x_wconf 78' lang='lat' dir='ltr'><strong>judicantes,</strong></span> <span class='ocrx_word' id='word_1_105' title='bbox 858 906 907 933; x_wconf 90' lang='lat' dir='ltr'><strong>pro</strong></span> <span class='ocrx_word' id='word_1_106' title='bbox 932 907 999 926; x_wconf 91' lang='lat' dir='ltr'><strong>con-</strong></span> 
     </span>
    </p>
   </div>
   <div class='ocr_carea' id='block_1_20' title="bbox 212 941 998 980">
    <p class='ocr_par' dir='ltr' id='par_1_20' title="bbox 212 941 998 980">
     <span class='ocr_line' id='line_1_20' title="bbox 212 941 998 980; baseline 0.006 -12"><span class='ocrx_word' id='word_1_107' title='bbox 212 942 381 970; x_wconf 83' lang='lat' dir='ltr'><strong>demnautes.</strong></span> <span class='ocrx_word' id='word_1_108' title='bbox 406 941 466 969; x_wconf 86' lang='lat' dir='ltr'><strong>Non</strong></span> <span class='ocrx_word' id='word_1_109' title='bbox 491 943 564 970; x_wconf 90' lang='lat' dir='ltr'><strong>enim</strong></span> <span class='ocrx_word' id='word_1_110' title='bbox 583 948 656 971; x_wconf 85' lang='lat' dir='ltr'><strong>certe</strong></span> <span class='ocrx_word' id='word_1_111' title='bbox 677 943 784 978; x_wconf 79' lang='lat' dir='ltr'><strong>iudices</strong></span> <span class='ocrx_word' id='word_1_112' title='bbox 804 952 865 972; x_wconf 85' lang='lat' dir='ltr'><strong>esse</strong></span> <span class='ocrx_word' id='word_1_113' title='bbox 881 946 998 980; x_wconf 84' lang='lat' dir='ltr'><strong>debent;</strong></span> 
     </span>
    </p>
   </div>
   <div class='ocr_carea' id='block_1_21' title="bbox 212 987 1000 1027">
    <p class='ocr_par' dir='ltr' id='par_1_21' title="bbox 212 987 1000 1027">
     <span class='ocr_line' id='line_1_21' title="bbox 212 987 1000 1027; baseline 0.008 -14"><span class='ocrx_word' id='word_1_114' title='bbox 212 994 275 1014; x_wconf 82' lang='lat' dir='ltr'><strong>nam</strong></span> <span class='ocrx_word' id='word_1_115' title='bbox 308 987 335 1014; x_wconf 90' lang='lat' dir='ltr'><strong>in</strong></span> <span class='ocrx_word' id='word_1_116' title='bbox 363 988 620 1016; x_wconf 84' lang='lat' dir='ltr'><strong>condemnationem</strong></span> <span class='ocrx_word' id='word_1_117' title='bbox 657 991 812 1018; x_wconf 82' lang='lat' dir='ltr'><strong>concivium</strong></span> <span class='ocrx_word' id='word_1_118' title='bbox 838 996 928 1024; x_wconf 89' lang='lat' dir='ltr'><strong>erunt,</strong></span> <span class='ocrx_word' id='word_1_119' title='bbox 953 993 1000 1027; x_wconf 86' lang='lat' dir='ltr'><strong>qui</strong></span> 
     </span>
    </p>
   </div>
   <div class='ocr_carea' id='block_1_22' title="bbox 210 1033 397 1061">
    <p class='ocr_par' dir='ltr' id='par_1_22' title="bbox 210 1033 397 1061">
     <span class='ocr_line' id='line_1_22' title="bbox 210 1033 397 1061; baseline 0.005 -1"><span class='ocrx_word' id='word_1_120' title='bbox 210 1033 397 1061; x_wconf 83' lang='lat' dir='ltr'><strong>crediderunt.</strong></span> 
     </span>
    </p>
   </div>
   <div class='ocr_carea' id='block_1_23' title="bbox 244 1089 1000 1128">
    <p class='ocr_par' dir='ltr' id='par_1_23' title="bbox 244 1089 1000 1128">
     <span class='ocr_line' id='line_1_23' title="bbox 244 1089 1000 1128; baseline 0.009 -12"><span class='ocrx_word' id='word_1_121' title='bbox 244 1089 324 1118; x_wconf 73' lang='lat' dir='ltr'><strong>Vens.</strong></span> <span class='ocrx_word' id='word_1_122' title='bbox 342 1091 387 1117; x_wconf 75' lang='lat'><strong>&#39;29.</strong></span> <span class='ocrx_word' id='word_1_123' title='bbox 413 1090 467 1123; x_wconf 83' lang='lat' dir='ltr'><strong>Qui</strong></span> <span class='ocrx_word' id='word_1_124' title='bbox 482 1091 618 1127; x_wconf 81' lang='lat' dir='ltr'><strong>reliquerit</strong></span> <span class='ocrx_word' id='word_1_125' title='bbox 643 1100 765 1127; x_wconf 68' lang='lat' dir='ltr'><strong>uxorem,</strong></span> <span class='ocrx_word' id='word_1_126' title='bbox 794 1099 859 1128; x_wconf 85' lang='lat' dir='ltr'><strong>etc.,</strong></span> <span class='ocrx_word' id='word_1_127' title='bbox 878 1103 932 1122; x_wconf 91' lang='lat' dir='ltr'><strong>non</strong></span> <span class='ocrx_word' id='word_1_128' title='bbox 958 1095 1000 1123; x_wconf 88' lang='lat' dir='ltr'><strong>di-</strong></span> 
     </span>
    </p>
   </div>
   <div class='ocr_carea' id='block_1_24' title="bbox 211 1136 998 1175">
    <p class='ocr_par' dir='ltr' id='par_1_24' title="bbox 211 1136 998 1175">
     <span class='ocr_line' id='line_1_24' title="bbox 211 1136 998 1175; baseline 0.009 -13"><span class='ocrx_word' id='word_1_129' title='bbox 211 1136 330 1163; x_wconf 90' lang='lat' dir='ltr'><strong>vortium</strong></span> <span class='ocrx_word' id='word_1_130' title='bbox 345 1136 380 1164; x_wconf 89' lang='lat' dir='ltr'><strong>ab</strong></span> <span class='ocrx_word' id='word_1_131' title='bbox 392 1137 524 1164; x_wconf 83' lang='lat' dir='ltr'><strong>uxoribus</strong></span> <span class='ocrx_word' id='word_1_132' title='bbox 551 1137 667 1171; x_wconf 77' lang='lat' dir='ltr'><strong>inducit,</strong></span> <span class='ocrx_word' id='word_1_133' title='bbox 690 1139 737 1167; x_wconf 90' lang='lat' dir='ltr'><strong>sed</strong></span> <span class='ocrx_word' id='word_1_134' title='bbox 755 1141 844 1168; x_wconf 86' lang='lat' dir='ltr'><strong>simile</strong></span> <span class='ocrx_word' id='word_1_135' title='bbox 859 1147 901 1169; x_wconf 85' lang='lat' dir='ltr'><strong>est</strong></span> <span class='ocrx_word' id='word_1_136' title='bbox 924 1141 998 1175; x_wconf 74' lang='lat' dir='ltr'><strong>huic,</strong></span> 
     </span>
    </p>
   </div>
   <div class='ocr_carea' id='block_1_25' title="bbox 210 1174 1000 1220">
    <p class='ocr_par' dir='ltr' id='par_1_25' title="bbox 210 1174 1000 1220">
     <span class='ocr_line' id='line_1_25' title="bbox 210 1174 1000 1220; baseline 0.01 -12"><span class='ocrx_word' id='word_1_137' title='bbox 210 1183 263 1214; x_wconf 79' lang='lat' dir='ltr'><strong>Qui</strong></span> <span class='ocrx_word' id='word_1_138' title='bbox 289 1184 374 1217; x_wconf 81' lang='lat' dir='ltr'><strong>perdit</strong></span> <span class='ocrx_word' id='word_1_139' title='bbox 401 1174 518 1211; x_wconf 64' lang='lat' dir='ltr'><strong>animum</strong></span> <span class='ocrx_word' id='word_1_140' title='bbox 539 1192 626 1217; x_wconf 66' lang='lat' dir='ltr'><strong>ruant,</strong></span> <span class='ocrx_word' id='word_1_141' title='bbox 647 1185 760 1213; x_wconf 76' lang='lat' dir='ltr'><strong>inveniet</strong></span> <span class='ocrx_word' id='word_1_142' title='bbox 780 1195 856 1220; x_wconf 83' lang='lat' dir='ltr'><strong>eam;</strong></span> <span class='ocrx_word' id='word_1_143' title='bbox 872 1188 940 1215; x_wconf 86' lang='lat' dir='ltr'><strong>utin</strong></span> <span class='ocrx_word' id='word_1_144' title='bbox 958 1188 1000 1216; x_wconf 87' lang='lat' dir='ltr'><strong>his</strong></span> 
     </span>
    </p>
   </div>
   <div class='ocr_carea' id='block_1_26' title="bbox 209 1230 999 1266">
    <p class='ocr_par' dir='ltr' id='par_1_26' title="bbox 209 1230 999 1266">
     <span class='ocr_line' id='line_1_26' title="bbox 209 1230 999 1266; baseline 0.008 -11"><span class='ocrx_word' id='word_1_145' title='bbox 209 1236 270 1262; x_wconf 70' lang='lat' dir='ltr'><strong>qua:</strong></span> <span class='ocrx_word' id='word_1_146' title='bbox 294 1230 486 1264; x_wconf 84' lang='lat' dir='ltr'><strong>persequimur</strong></span> <span class='ocrx_word' id='word_1_147' title='bbox 512 1231 670 1266; x_wconf 70' lang='lat' dir='ltr'><strong>religionem</strong></span> <span class='ocrx_word' id='word_1_148' title='bbox 691 1239 747 1266; x_wconf 66' lang='lat' dir='ltr'><strong>prae</strong></span> <span class='ocrx_word' id='word_1_149' title='bbox 765 1240 861 1266; x_wconf 81' lang='lat' dir='ltr'><strong>uxore,</strong></span> <span class='ocrx_word' id='word_1_150' title='bbox 876 1233 959 1261; x_wconf 90' lang='lat' dir='ltr'><strong>domo</strong></span> <span class='ocrx_word' id='word_1_151' title='bbox 972 1238 999 1261; x_wconf 88' lang='lat' dir='ltr'><strong>et</strong></span> 
     </span>
    </p>
   </div>
   <div class='ocr_carea' id='block_1_27' title="bbox 209 1275 998 1314">
    <p class='ocr_par' dir='ltr' id='par_1_27' title="bbox 209 1275 998 1314">
     <span class='ocr_line' id='line_1_27' title="bbox 209 1275 998 1314; baseline 0.009 -14"><span class='ocrx_word' id='word_1_152' title='bbox 209 1275 307 1302; x_wconf 77' lang='lat' dir='ltr'><strong>amicis</strong></span> <span class='ocrx_word' id='word_1_153' title='bbox 321 1275 516 1310; x_wconf 72' lang='lat' dir='ltr'><strong>przel&#39;eramus;</strong></span> <span class='ocrx_word' id='word_1_154' title='bbox 537 1277 579 1304; x_wconf 82' lang='lat' dir='ltr'><strong>vel</strong></span> <span class='ocrx_word' id='word_1_155' title='bbox 601 1277 713 1312; x_wconf 85' lang='lat' dir='ltr'><strong>quando</strong></span> <span class='ocrx_word' id='word_1_156' title='bbox 727 1285 797 1305; x_wconf 83' lang='lat' dir='ltr'><strong>uxor</strong></span> <span class='ocrx_word' id='word_1_157' title='bbox 810 1279 927 1307; x_wconf 74' lang='lat' dir='ltr'><strong>infidelis</strong></span> <span class='ocrx_word' id='word_1_158' title='bbox 945 1284 998 1314; x_wconf 88' lang='lat' dir='ltr'><strong>cst,</strong></span> 
     </span>
    </p>
   </div>
   <div class='ocr_carea' id='block_1_28' title="bbox 209 1320 997 1357">
    <p class='ocr_par' dir='ltr' id='par_1_28' title="bbox 209 1320 997 1357">
     <span class='ocr_line' id='line_1_28' title="bbox 209 1320 997 1357; baseline 0.009 -12"><span class='ocrx_word' id='word_1_159' title='bbox 209 1324 256 1346; x_wconf 85' lang='lat' dir='ltr'><strong>aut</strong></span> <span class='ocrx_word' id='word_1_160' title='bbox 279 1320 328 1353; x_wconf 81' lang='lat' dir='ltr'><strong>vir,</strong></span> <span class='ocrx_word' id='word_1_161' title='bbox 355 1325 419 1348; x_wconf 93' lang='lat' dir='ltr'><strong>tunc</strong></span> <span class='ocrx_word' id='word_1_162' title='bbox 434 1321 469 1349; x_wconf 89' lang='lat' dir='ltr'><strong>ob</strong></span> <span class='ocrx_word' id='word_1_163' title='bbox 486 1322 646 1355; x_wconf 63' lang='lat' dir='ltr'><strong>religionem</strong></span> <span class='ocrx_word' id='word_1_164' title='bbox 675 1322 824 1351; x_wconf 87' lang='lat' dir='ltr'><strong>divortium</strong></span> <span class='ocrx_word' id='word_1_165' title='bbox 843 1324 882 1357; x_wconf 84' lang='lat' dir='ltr'><strong>ﬁt,</strong></span> <span class='ocrx_word' id='word_1_166' title='bbox 904 1325 927 1352; x_wconf 84' lang='lat' dir='ltr'><strong>si</strong></span> <span class='ocrx_word' id='word_1_167' title='bbox 944 1333 997 1352; x_wconf 93' lang='lat' dir='ltr'><strong>non</strong></span> 
     </span>
    </p>
   </div>
   <div class='ocr_carea' id='block_1_29' title="bbox 210 1368 998 1407">
    <p class='ocr_par' dir='ltr' id='par_1_29' title="bbox 210 1368 998 1407">
     <span class='ocr_line' id='line_1_29' title="bbox 210 1368 998 1407; baseline 0.006 -13"><span class='ocrx_word' id='word_1_168' title='bbox 210 1372 298 1401; x_wconf 84' lang='lat' dir='ltr'><strong>potest</strong></span> <span class='ocrx_word' id='word_1_169' title='bbox 315 1368 360 1395; x_wconf 87' lang='lat' dir='ltr'><strong>illa</strong></span> <span class='ocrx_word' id='word_1_170' title='bbox 374 1369 527 1396; x_wconf 88' lang='lat' dir='ltr'><strong>emendari.</strong></span> <span class='ocrx_word' id='word_1_171' title='bbox 547 1369 587 1397; x_wconf 88' lang='lat' dir='ltr'><strong>lta</strong></span> <span class='ocrx_word' id='word_1_172' title='bbox 603 1369 703 1397; x_wconf 85' lang='lat' dir='ltr'><strong>Paulus</strong></span> <span class='ocrx_word' id='word_1_173' title='bbox 726 1370 814 1398; x_wconf 77' lang='lat' dir='ltr'><strong>dixit:</strong></span> <span class='ocrx_word' id='word_1_174' title='bbox 831 1369 862 1399; x_wconf 88' lang='lat' dir='ltr'><strong>Si</strong></span> <span class='ocrx_word' id='word_1_175' title='bbox 881 1372 998 1407; x_wconf 77' lang='lat' dir='ltr'><strong>inﬁdelis</strong></span> 
     </span>
    </p>
   </div>
   <div class='ocr_carea' id='block_1_30' title="bbox 207 1418 526 1449">
    <p class='ocr_par' dir='ltr' id='par_1_30' title="bbox 207 1418 526 1449">
     <span class='ocr_line' id='line_1_30' title="bbox 207 1418 526 1449; baseline 0.013 -10"><span class='ocrx_word' id='word_1_176' title='bbox 207 1418 358 1448; x_wconf 70' lang='lat' dir='ltr'><strong>separatur,</strong></span> <span class='ocrx_word' id='word_1_177' title='bbox 377 1420 526 1449; x_wconf 72' lang='lat' dir='ltr'><strong>separetur.</strong></span> 
     </span>
    </p>
   </div>
   <div class='ocr_carea' id='block_1_31' title="bbox 242 1508 996 1548">
    <p class='ocr_par' dir='ltr' id='par_1_31' title="bbox 242 1508 996 1548">
     <span class='ocr_line' id='line_1_31' title="bbox 242 1508 996 1548; baseline 0.003 -12"><span class='ocrx_word' id='word_1_178' title='bbox 242 1508 326 1537; x_wconf 71' lang='lat' dir='ltr'><strong>Vnus.</strong></span> <span class='ocrx_word' id='word_1_179' title='bbox 341 1510 385 1537; x_wconf 80' lang='lat'><strong>30.</strong></span> <span class='ocrx_word' id='word_1_180' title='bbox 402 1510 483 1538; x_wconf 80' lang='lat' dir='ltr'><strong>Multi</strong></span> <span class='ocrx_word' id='word_1_181' title='bbox 497 1516 574 1538; x_wconf 82' lang='lat' dir='ltr'><strong>erunt</strong></span> <span class='ocrx_word' id='word_1_182' title='bbox 589 1512 734 1543; x_wconf 75' lang='lat' dir='ltr'><strong>novissimi,</strong></span> <span class='ocrx_word' id='word_1_183' title='bbox 756 1512 855 1546; x_wconf 81' lang='lat' dir='ltr'><strong>primi;</strong></span> <span class='ocrx_word' id='word_1_184' title='bbox 869 1516 893 1539; x_wconf 79' lang='lat' dir='ltr'><strong>et</strong></span> <span class='ocrx_word' id='word_1_185' title='bbox 906 1513 996 1548; x_wconf 87' lang='lat' dir='ltr'><strong>primiI</strong></span> 
     </span>
    </p>
   </div>
   <div class='ocr_carea' id='block_1_32' title="bbox 207 1555 819 1589">
    <p class='ocr_par' dir='ltr' id='par_1_32' title="bbox 207 1555 819 1589">
     <span class='ocr_line' id='line_1_32' title="bbox 207 1555 819 1589; baseline 0.003 -7"><span class='ocrx_word' id='word_1_186' title='bbox 207 1556 353 1589; x_wconf 77' lang='lat' dir='ltr'><strong>novissimi,</strong></span> <span class='ocrx_word' id='word_1_187' title='bbox 372 1556 405 1584; x_wconf 89' lang='lat' dir='ltr'><strong>de</strong></span> <span class='ocrx_word' id='word_1_188' title='bbox 419 1555 521 1585; x_wconf 73' lang='lat' dir='ltr'><strong>Judaais</strong></span> <span class='ocrx_word' id='word_1_189' title='bbox 535 1561 562 1584; x_wconf 86' lang='lat' dir='ltr'><strong>et</strong></span> <span class='ocrx_word' id='word_1_190' title='bbox 574 1557 693 1585; x_wconf 82' lang='lat' dir='ltr'><strong>ethnicis</strong></span> <span class='ocrx_word' id='word_1_191' title='bbox 710 1557 819 1585; x_wconf 89' lang='lat' dir='ltr'><strong>dicitur.</strong></span> 
     </span>
    </p>
   </div>
   <div class='ocr_carea' id='block_1_33' title="bbox 507 1631 703 1661">
    <p class='ocr_par' dir='ltr' id='par_1_33' title="bbox 507 1631 703 1661">
     <span class='ocr_line' id='line_1_33' title="bbox 507 1631 703 1661; baseline 0.01 -2"><span class='ocrx_word' id='word_1_192' title='bbox 507 1631 622 1660; x_wconf 84' lang='lat' dir='ltr'><strong>CAPUT</strong></span> <span class='ocrx_word' id='word_1_193' title='bbox 646 1632 703 1661; x_wconf 77' lang='lat' dir='ltr'><strong>XX.</strong></span> 
     </span>
    </p>
   </div>
   <div class='ocr_carea' id='block_1_34' title="bbox 242 1702 995 1739">
    <p class='ocr_par' dir='ltr' id='par_1_34' title="bbox 242 1702 995 1739">
     <span class='ocr_line' id='line_1_34' title="bbox 242 1702 995 1739; baseline 0.003 -10"><span class='ocrx_word' id='word_1_194' title='bbox 242 1702 325 1730; x_wconf 71' lang='lat' dir='ltr'><strong>Vens.</strong></span> <span class='ocrx_word' id='word_1_195' title='bbox 340 1703 366 1730; x_wconf 86' lang='lat' dir='ltr'><strong>l.</strong></span> <span class='ocrx_word' id='word_1_196' title='bbox 383 1702 420 1730; x_wconf 88' lang='lat' dir='ltr'><strong>De</strong></span> <span class='ocrx_word' id='word_1_197' title='bbox 434 1704 568 1738; x_wconf 77' lang='lat' dir='ltr'><strong>cperariis</strong></span> <span class='ocrx_word' id='word_1_198' title='bbox 584 1703 734 1738; x_wconf 82' lang='lat' dir='ltr'><strong>intelligere</strong></span> <span class='ocrx_word' id='word_1_199' title='bbox 747 1708 866 1739; x_wconf 78' lang='lat' dir='ltr'><strong>oportet,</strong></span> <span class='ocrx_word' id='word_1_200' title='bbox 888 1704 995 1732; x_wconf 87' lang='lat' dir='ltr'><strong>vineam</strong></span> 
     </span>
    </p>
   </div>
   <div class='ocr_carea' id='block_1_35' title="bbox 206 1749 994 1785">
    <p class='ocr_par' dir='ltr' id='par_1_35' title="bbox 206 1749 994 1785">
     <span class='ocr_line' id='line_1_35' title="bbox 206 1749 994 1785; baseline 0.004 -11"><span class='ocrx_word' id='word_1_201' title='bbox 206 1756 268 1776; x_wconf 79' lang='lat' dir='ltr'><strong>esse</strong></span> <span class='ocrx_word' id='word_1_202' title='bbox 297 1749 406 1776; x_wconf 68' lang='lat' dir='ltr'><strong>virtutis</strong></span> <span class='ocrx_word' id='word_1_203' title='bbox 432 1750 640 1782; x_wconf 77' lang='lat' dir='ltr'><strong>operationem;</strong></span> <span class='ocrx_word' id='word_1_204' title='bbox 671 1755 779 1785; x_wconf 88' lang='lat' dir='ltr'><strong>tempus</strong></span> <span class='ocrx_word' id='word_1_205' title='bbox 817 1751 994 1785; x_wconf 86' lang='lat' dir='ltr'><strong>operationis,</strong></span> 
     </span>
    </p>
   </div>
   <div class='ocr_carea' id='block_1_36' title="bbox 207 1794 994 1830">
    <p class='ocr_par' dir='ltr' id='par_1_36' title="bbox 207 1794 994 1830">
     <span class='ocr_line' id='line_1_36' title="bbox 207 1794 994 1830; baseline 0.005 -10"><span class='ocrx_word' id='word_1_206' title='bbox 207 1794 279 1821; x_wconf 85' lang='lat' dir='ltr'><strong>hanc</strong></span> <span class='ocrx_word' id='word_1_207' title='bbox 296 1798 456 1828; x_wconf 79' lang='lat' dir='ltr'><strong>praesentem</strong></span> <span class='ocrx_word' id='word_1_208' title='bbox 473 1795 554 1822; x_wconf 82' lang='lat' dir='ltr'><strong>vitam</strong></span> <span class='ocrx_word' id='word_1_209' title='bbox 568 1803 575 1828; x_wconf 91' lang='lat'><strong>;</strong></span> <span class='ocrx_word' id='word_1_210' title='bbox 601 1796 743 1830; x_wconf 84' lang='lat' dir='ltr'><strong>operarios</strong></span> <span class='ocrx_word' id='word_1_211' title='bbox 757 1800 847 1824; x_wconf 90' lang='lat' dir='ltr'><strong>autem</strong></span> <span class='ocrx_word' id='word_1_212' title='bbox 861 1796 994 1830; x_wconf 84' lang='lat' dir='ltr'><strong>diversos,</strong></span> 
     </span>
    </p>
   </div>
   <div class='ocr_carea' id='block_1_37' title="bbox 208 1837 995 1875">
    <p class='ocr_par' dir='ltr' id='par_1_37' title="bbox 208 1837 995 1875">
     <span class='ocr_line' id='line_1_37' title="bbox 208 1837 995 1875; baseline 0.005 -11"><span class='ocrx_word' id='word_1_213' title='bbox 208 1837 334 1865; x_wconf 87' lang='lat' dir='ltr'><strong>homines</strong></span> <span class='ocrx_word' id='word_1_214' title='bbox 356 1838 527 1866; x_wconf 87' lang='lat' dir='ltr'><strong>diversarum</strong></span> <span class='ocrx_word' id='word_1_215' title='bbox 547 1844 668 1867; x_wconf 67' lang='lat' dir='ltr'><strong>aetatum.</strong></span> <span class='ocrx_word' id='word_1_216' title='bbox 691 1839 767 1872; x_wconf 85' lang='lat' dir='ltr'><strong>Quod</strong></span> <span class='ocrx_word' id='word_1_217' title='bbox 795 1845 885 1868; x_wconf 89' lang='lat' dir='ltr'><strong>autem</strong></span> <span class='ocrx_word' id='word_1_218' title='bbox 911 1840 995 1875; x_wconf 80' lang='lat' dir='ltr'><strong>aliqui</strong></span> 
     </span>
    </p>
   </div>
   <div class='ocr_carea' id='block_1_38' title="bbox 207 1885 995 1920">
    <p class='ocr_par' dir='ltr' id='par_1_38' title="bbox 207 1885 995 1920">
     <span class='ocr_line' id='line_1_38' title="bbox 207 1885 995 1920; baseline 0.008 -11"><span class='ocrx_word' id='word_1_219' title='bbox 207 1889 412 1912; x_wconf 80' lang='lat' dir='ltr'><strong>murmurantes</strong></span> <span class='ocrx_word' id='word_1_220' title='bbox 441 1885 614 1917; x_wconf 85' lang='lat' dir='ltr'><strong>inducantur.</strong></span> <span class='ocrx_word' id='word_1_221' title='bbox 646 1893 701 1912; x_wconf 93' lang='lat' dir='ltr'><strong>non</strong></span> <span class='ocrx_word' id='word_1_222' title='bbox 729 1890 858 1920; x_wconf 78' lang='lat' dir='ltr'><strong>putemus</strong></span> <span class='ocrx_word' id='word_1_223' title='bbox 885 1891 995 1915; x_wconf 85' lang='lat' dir='ltr'><strong>sanctos</strong></span> 
     </span>
    </p>
   </div>
   <div class='ocr_carea' id='block_1_39' title="bbox 206 1930 994 1966">
    <p class='ocr_par' dir='ltr' id='par_1_39' title="bbox 206 1930 994 1966">
     <span class='ocr_line' id='line_1_39' title="bbox 206 1930 994 1966; baseline 0.003 -9"><span class='ocrx_word' id='word_1_224' title='bbox 206 1930 336 1958; x_wconf 88' lang='lat' dir='ltr'><strong>invidiam</strong></span> <span class='ocrx_word' id='word_1_225' title='bbox 352 1931 406 1958; x_wconf 88' lang='lat' dir='ltr'><strong>illic</strong></span> <span class='ocrx_word' id='word_1_226' title='bbox 430 1931 592 1966; x_wconf 78' lang='lat' dir='ltr'><strong>concipere;</strong></span> <span class='ocrx_word' id='word_1_227' title='bbox 611 1939 672 1959; x_wconf 90' lang='lat' dir='ltr'><strong>nam</strong></span> <span class='ocrx_word' id='word_1_228' title='bbox 699 1932 754 1959; x_wconf 88' lang='lat' dir='ltr'><strong>illic</strong></span> <span class='ocrx_word' id='word_1_229' title='bbox 777 1933 867 1960; x_wconf 87' lang='lat' dir='ltr'><strong>omnia</strong></span> <span class='ocrx_word' id='word_1_230' title='bbox 894 1933 994 1960; x_wconf 76' lang='lat' dir='ltr'><strong>invidia</strong></span> 
     </span>
    </p>
   </div>
   <div class='ocr_carea' id='block_1_40' title="bbox 207 1977 994 2014">
    <p class='ocr_par' dir='ltr' id='par_1_40' title="bbox 207 1977 994 2014">
     <span class='ocr_line' id='line_1_40' title="bbox 207 1977 994 2014; baseline 0.004 -10"><span class='ocrx_word' id='word_1_231' title='bbox 207 1982 311 2005; x_wconf 86' lang='lat' dir='ltr'><strong>carent.</strong></span> <span class='ocrx_word' id='word_1_232' title='bbox 335 1977 386 2004; x_wconf 84' lang='lat' dir='ltr'><strong>Sed</strong></span> <span class='ocrx_word' id='word_1_233' title='bbox 413 1985 467 2005; x_wconf 89' lang='lat' dir='ltr'><strong>non</strong></span> <span class='ocrx_word' id='word_1_234' title='bbox 490 1986 585 2006; x_wconf 76' lang='lat' dir='ltr'><strong>omnes</strong></span> <span class='ocrx_word' id='word_1_235' title='bbox 607 1978 742 2013; x_wconf 71' lang='lat' dir='ltr'><strong>parabolze</strong></span> <span class='ocrx_word' id='word_1_236' title='bbox 761 1985 852 2014; x_wconf 86' lang='lat' dir='ltr'><strong>partes</strong></span> <span class='ocrx_word' id='word_1_237' title='bbox 865 1980 994 2014; x_wconf 72' lang='lat' dir='ltr'><strong>explirari</strong></span> 
     </span>
    </p>
   </div>
   <div class='ocr_carea' id='block_1_41' title="bbox 206 2023 994 2060">
    <p class='ocr_par' dir='ltr' id='par_1_41' title="bbox 206 2023 994 2060">
     <span class='ocr_line' id='line_1_41' title="bbox 206 2023 994 2060; baseline 0.004 -10"><span class='ocrx_word' id='word_1_238' title='bbox 206 2023 316 2054; x_wconf 77' lang='lat' dir='ltr'><strong>debent,</strong></span> <span class='ocrx_word' id='word_1_239' title='bbox 343 2023 470 2059; x_wconf 81' lang='lat' dir='ltr'><strong>parabole</strong></span> <span class='ocrx_word' id='word_1_240' title='bbox 491 2024 563 2051; x_wconf 89' lang='lat' dir='ltr'><strong>enim</strong></span> <span class='ocrx_word' id='word_1_241' title='bbox 583 2029 640 2058; x_wconf 88' lang='lat' dir='ltr'><strong>est;</strong></span> <span class='ocrx_word' id='word_1_242' title='bbox 660 2025 705 2052; x_wconf 90' lang='lat' dir='ltr'><strong>sed</strong></span> <span class='ocrx_word' id='word_1_243' title='bbox 733 2032 794 2060; x_wconf 65' lang='lat' dir='ltr'><strong>qua:</strong></span> <span class='ocrx_word' id='word_1_244' title='bbox 826 2025 939 2053; x_wconf 88' lang='lat' dir='ltr'><strong>temlunt</strong></span> <span class='ocrx_word' id='word_1_245' title='bbox 962 2027 994 2053; x_wconf 84' lang='lat' dir='ltr'><strong>ad</strong></span> 
     </span>
    </p>
   </div>
   <div class='ocr_carea' id='block_1_42' title="bbox 206 2070 996 2106">
    <p class='ocr_par' dir='ltr' id='par_1_42' title="bbox 206 2070 996 2106">
     <span class='ocr_line' id='line_1_42' title="bbox 206 2070 996 2106; baseline 0.004 -10"><span class='ocrx_word' id='word_1_246' title='bbox 206 2070 353 2102; x_wconf 72' lang='lat' dir='ltr'><strong>optandum</strong></span> <span class='ocrx_word' id='word_1_247' title='bbox 366 2070 507 2105; x_wconf 86' lang='lat' dir='ltr'><strong>proposito</strong></span> <span class='ocrx_word' id='word_1_248' title='bbox 522 2070 650 2098; x_wconf 86' lang='lat' dir='ltr'><strong>invidiam</strong></span> <span class='ocrx_word' id='word_1_249' title='bbox 672 2071 711 2098; x_wconf 90' lang='lat' dir='ltr'><strong>vel</strong></span> <span class='ocrx_word' id='word_1_250' title='bbox 730 2076 920 2106; x_wconf 73' lang='lat' dir='ltr'><strong>exaggeratam</strong></span> <span class='ocrx_word' id='word_1_251' title='bbox 937 2073 996 2106; x_wconf 86' lang='lat' dir='ltr'><strong>ejus</strong></span> 
     </span>
    </p>
   </div>
   <div class='ocr_carea' id='block_1_43' title="bbox 207 2115 994 2151">
    <p class='ocr_par' dir='ltr' id='par_1_43' title="bbox 207 2115 994 2151">
     <span class='ocr_line' id='line_1_43' title="bbox 207 2115 994 2151; baseline 0.003 -9"><span class='ocrx_word' id='word_1_252' title='bbox 207 2115 253 2150; x_wconf 86' lang='lat' dir='ltr'><strong>qui</strong></span> <span class='ocrx_word' id='word_1_253' title='bbox 270 2116 431 2143; x_wconf 88' lang='lat' dir='ltr'><strong>benelicium</strong></span> <span class='ocrx_word' id='word_1_254' title='bbox 451 2116 567 2151; x_wconf 86' lang='lat' dir='ltr'><strong>accepit,</strong></span> <span class='ocrx_word' id='word_1_255' title='bbox 583 2117 756 2144; x_wconf 87' lang='lat' dir='ltr'><strong>solummodo</strong></span> <span class='ocrx_word' id='word_1_256' title='bbox 776 2117 880 2145; x_wconf 81' lang='lat' dir='ltr'><strong>inducit</strong></span> <span class='ocrx_word' id='word_1_257' title='bbox 895 2126 994 2146; x_wconf 88' lang='lat' dir='ltr'><strong>sermo.</strong></span> 
     </span>
    </p>
   </div>
   <div class='ocr_carea' id='block_1_44' title="bbox 244 2170 997 2206">
    <p class='ocr_par' dir='ltr' id='par_1_44' title="bbox 244 2170 997 2206">
     <span class='ocr_line' id='line_1_44' title="bbox 244 2170 997 2206; baseline 0.005 -9"><span class='ocrx_word' id='word_1_258' title='bbox 244 2170 356 2198; x_wconf 85' lang='lat' dir='ltr'><strong>Vineam</strong></span> <span class='ocrx_word' id='word_1_259' title='bbox 370 2170 415 2198; x_wconf 88' lang='lat' dir='ltr'><strong>Dei</strong></span> <span class='ocrx_word' id='word_1_260' title='bbox 430 2176 564 2206; x_wconf 82' lang='lat' dir='ltr'><strong>praecepta</strong></span> <span class='ocrx_word' id='word_1_261' title='bbox 585 2177 612 2199; x_wconf 88' lang='lat' dir='ltr'><strong>et</strong></span> <span class='ocrx_word' id='word_1_262' title='bbox 625 2179 674 2199; x_wconf 87' lang='lat' dir='ltr'><strong>sua</strong></span> <span class='ocrx_word' id='word_1_263' title='bbox 687 2172 814 2200; x_wconf 82' lang='lat' dir='ltr'><strong>mandata</strong></span> <span class='ocrx_word' id='word_1_264' title='bbox 830 2172 913 2206; x_wconf 88' lang='lat' dir='ltr'><strong>dicit;</strong></span> <span class='ocrx_word' id='word_1_265' title='bbox 926 2178 997 2201; x_wconf 92' lang='lat' dir='ltr'><strong>tem-</strong></span> 
     </span>
    </p>
   </div>
   <div class='ocr_carea' id='block_1_45' title="bbox 206 2218 998 2254">
    <p class='ocr_par' dir='ltr' id='par_1_45' title="bbox 206 2218 998 2254">
     <span class='ocr_line' id='line_1_45' title="bbox 206 2218 998 2254; baseline 0.004 -10"><span class='ocrx_word' id='word_1_266' title='bbox 206 2225 257 2252; x_wconf 76' lang='lat' dir='ltr'><strong>pus</strong></span> <span class='ocrx_word' id='word_1_267' title='bbox 266 2218 442 2253; x_wconf 87' lang='lat' dir='ltr'><strong>operationis,</strong></span> <span class='ocrx_word' id='word_1_268' title='bbox 450 2223 610 2254; x_wconf 66' lang='lat' dir='ltr'><strong>praesentem</strong></span> <span class='ocrx_word' id='word_1_269' title='bbox 623 2219 717 2252; x_wconf 80' lang='lat' dir='ltr'><strong>vitam;</strong></span> <span class='ocrx_word' id='word_1_270' title='bbox 726 2219 998 2254; x_wconf 82' lang='lat' dir='ltr'><strong>operariosdiversos</strong></span> 
     </span>
    </p>
   </div>
   <div class='ocr_carea' id='block_1_46' title="bbox 208 2264 1037 2312">
    <p class='ocr_par' dir='ltr' id='par_1_46' title="bbox 208 2264 1037 2312">
     <span class='ocr_line' id='line_1_46' title="bbox 208 2264 1037 2312; baseline 0.002 -22"><span class='ocrx_word' id='word_1_271' title='bbox 208 2268 320 2292; x_wconf 76' lang='lat' dir='ltr'><strong>vocatos</strong></span> <span class='ocrx_word' id='word_1_272' title='bbox 331 2264 364 2291; x_wconf 88' lang='lat' dir='ltr'><strong>ad</strong></span> <span class='ocrx_word' id='word_1_273' title='bbox 376 2264 503 2292; x_wconf 85' lang='lat' dir='ltr'><strong>mandata</strong></span> <span class='ocrx_word' id='word_1_274' title='bbox 517 2264 652 2298; x_wconf 85' lang='lat' dir='ltr'><strong>implenda</strong></span> <span class='ocrx_word' id='word_1_275' title='bbox 665 2264 737 2291; x_wconf 85' lang='lat' dir='ltr'><strong>circa</strong></span> <span class='ocrx_word' id='word_1_276' title='bbox 748 2264 867 2297; x_wconf 88' lang='lat' dir='ltr'><strong>tertiam,</strong></span> <span class='ocrx_word' id='word_1_277' title='bbox 879 2269 996 2295; x_wconf 77' lang='lat' dir='ltr'><strong>sextam.</strong></span> <span class='ocrx_word' id='word_1_278' title='bbox 1015 2283 1037 2312; x_wconf 70' lang='grc' dir='ltr'><strong>ο</strong></span> 
     </span>
    </p>
   </div>
   <div class='ocr_carea' id='block_1_47' title="bbox 210 2309 998 2341">
    <p class='ocr_par' dir='ltr' id='par_1_47' title="bbox 210 2309 998 2341">
     <span class='ocr_line' id='line_1_47' title="bbox 210 2309 998 2341; baseline 0.005 -6"><span class='ocrx_word' id='word_1_279' title='bbox 210 2317 310 2337; x_wconf 83' lang='lat' dir='ltr'><strong>nonam</strong></span> <span class='ocrx_word' id='word_1_280' title='bbox 330 2313 358 2336; x_wconf 90' lang='lat' dir='ltr'><strong>et</strong></span> <span class='ocrx_word' id='word_1_281' title='bbox 380 2309 552 2337; x_wconf 87' lang='lat' dir='ltr'><strong>undecimam</strong></span> <span class='ocrx_word' id='word_1_282' title='bbox 569 2309 676 2341; x_wconf 81' lang='lat' dir='ltr'><strong>heram,</strong></span> <span class='ocrx_word' id='word_1_283' title='bbox 693 2309 818 2337; x_wconf 85' lang='lat' dir='ltr'><strong>homines</strong></span> <span class='ocrx_word' id='word_1_284' title='bbox 836 2310 863 2337; x_wconf 95' lang='lat' dir='ltr'><strong>in</strong></span> <span class='ocrx_word' id='word_1_285' title='bbox 881 2310 998 2339; x_wconf 82' lang='lat' dir='ltr'><strong>diversis</strong></span> 
     </span>
    </p>
   </div>
   <div class='ocr_carea' id='block_1_48' title="bbox 208 2354 906 2389">
    <p class='ocr_par' dir='ltr' id='par_1_48' title="bbox 208 2354 906 2389">
     <span class='ocr_line' id='line_1_48' title="bbox 208 2354 906 2389; baseline 0 -7"><span class='ocrx_word' id='word_1_286' title='bbox 208 2355 333 2386; x_wconf 81' lang='lat' dir='ltr'><strong>aetatibus</strong></span> <span class='ocrx_word' id='word_1_287' title='bbox 348 2355 509 2382; x_wconf 84' lang='lat' dir='ltr'><strong>accedentes</strong></span> <span class='ocrx_word' id='word_1_288' title='bbox 526 2359 551 2381; x_wconf 89' lang='lat' dir='ltr'><strong>ct</strong></span> <span class='ocrx_word' id='word_1_289' title='bbox 566 2354 706 2389; x_wconf 66' lang='lat' dir='ltr'><strong>praemium</strong></span> <span class='ocrx_word' id='word_1_290' title='bbox 724 2355 906 2389; x_wconf 83' lang='lat' dir='ltr'><strong>acquirentes.</strong></span> 
     </span>
    </p>
   </div>
   <div class='ocr_carea' id='block_1_49' title="bbox 247 2445 997 2479">
    <p class='ocr_par' dir='ltr' id='par_1_49' title="bbox 247 2445 997 2479">
     <span class='ocr_line' id='line_1_49' title="bbox 247 2445 997 2479; baseline 0.001 -6"><span class='ocrx_word' id='word_1_291' title='bbox 247 2445 331 2474; x_wconf 71' lang='lat' dir='ltr'><strong>Vens.</strong></span> <span class='ocrx_word' id='word_1_292' title='bbox 351 2447 376 2474; x_wconf 82' lang='grc'><strong>5.</strong></span> <span class='ocrx_word' id='word_1_293' title='bbox 402 2445 480 2478; x_wconf 85' lang='lat' dir='ltr'><strong>Quod</strong></span> <span class='ocrx_word' id='word_1_294' title='bbox 508 2450 638 2473; x_wconf 84' lang='lat' dir='ltr'><strong>vocentur</strong></span> <span class='ocrx_word' id='word_1_295' title='bbox 658 2446 749 2478; x_wconf 83' lang='lat' dir='ltr'><strong>tertia,</strong></span> <span class='ocrx_word' id='word_1_296' title='bbox 770 2451 857 2479; x_wconf 80' lang='lat' dir='ltr'><strong>sexta,</strong></span> <span class='ocrx_word' id='word_1_297' title='bbox 878 2451 905 2474; x_wconf 88' lang='lat' dir='ltr'><strong>et</strong></span> <span class='ocrx_word' id='word_1_298' title='bbox 927 2454 997 2474; x_wconf 85' lang='lat' dir='ltr'><strong>nona</strong></span> 
     </span>
    </p>
   </div>
   <div class='ocr_carea' id='block_1_50' title="bbox 209 2491 999 2528">
    <p class='ocr_par' dir='ltr' id='par_1_50' title="bbox 209 2491 999 2528">
     <span class='ocr_line' id='line_1_50' title="bbox 209 2491 999 2528; baseline 0 -8"><span class='ocrx_word' id='word_1_299' title='bbox 209 2494 287 2524; x_wconf 87' lang='lat' dir='ltr'><strong>hora,</strong></span> <span class='ocrx_word' id='word_1_300' title='bbox 313 2500 367 2520; x_wconf 86' lang='lat' dir='ltr'><strong>non</strong></span> <span class='ocrx_word' id='word_1_301' title='bbox 392 2491 598 2527; x_wconf 65' lang='lat' dir='ltr'><strong>pratjudicantis</strong></span> <span class='ocrx_word' id='word_1_302' title='bbox 623 2496 666 2519; x_wconf 89' lang='lat' dir='ltr'><strong>est</strong></span> <span class='ocrx_word' id='word_1_303' title='bbox 692 2492 803 2527; x_wconf 87' lang='lat' dir='ltr'><strong>injuste.</strong></span> <span class='ocrx_word' id='word_1_304' title='bbox 823 2492 869 2520; x_wconf 86' lang='lat' dir='ltr'><strong>scd</strong></span> <span class='ocrx_word' id='word_1_305' title='bbox 897 2500 999 2528; x_wconf 76' lang='lat' dir='ltr'><strong>cogno-</strong></span> 
     </span>
    </p>
   </div>
   <div class='ocr_carea' id='block_1_51' title="bbox 209 2538 998 2574">
    <p class='ocr_par' dir='ltr' id='par_1_51' title="bbox 209 2538 998 2574">
     <span class='ocr_line' id='line_1_51' title="bbox 209 2538 998 2574; baseline 0 -7"><span class='ocrx_word' id='word_1_306' title='bbox 209 2540 311 2567; x_wconf 86' lang='lat' dir='ltr'><strong>scentis</strong></span> <span class='ocrx_word' id='word_1_307' title='bbox 337 2539 411 2573; x_wconf 88' lang='lat' dir='ltr'><strong>quod</strong></span> <span class='ocrx_word' id='word_1_308' title='bbox 425 2539 452 2566; x_wconf 94' lang='lat' dir='ltr'><strong>hi</strong></span> <span class='ocrx_word' id='word_1_309' title='bbox 470 2538 586 2566; x_wconf 88' lang='lat' dir='ltr'><strong>debeant</strong></span> <span class='ocrx_word' id='word_1_310' title='bbox 612 2538 664 2574; x_wconf 87' lang='lat' dir='ltr'><strong>ipsi</strong></span> <span class='ocrx_word' id='word_1_311' title='bbox 687 2539 886 2574; x_wconf 86' lang='lat' dir='ltr'><strong>obtemperare.</strong></span> <span class='ocrx_word' id='word_1_312' title='bbox 905 2538 950 2567; x_wconf 85' lang='lat' dir='ltr'><strong>Sic</strong></span> <span class='ocrx_word' id='word_1_313' title='bbox 971 2545 998 2568; x_wconf 90' lang='lat' dir='ltr'><strong>et</strong></span> 
     </span>
    </p>
   </div>
   <div class='ocr_carea' id='block_1_52' title="bbox 209 2584 996 2620">
    <p class='ocr_par' dir='ltr' id='par_1_52' title="bbox 209 2584 996 2620">
     <span class='ocr_line' id='line_1_52' title="bbox 209 2584 996 2620; baseline 0.001 -8"><span class='ocrx_word' id='word_1_314' title='bbox 209 2585 311 2613; x_wconf 82' lang='lat' dir='ltr'><strong>Paulus</strong></span> <span class='ocrx_word' id='word_1_315' title='bbox 326 2593 378 2612; x_wconf 86' lang='lat' dir='ltr'><strong>non</strong></span> <span class='ocrx_word' id='word_1_316' title='bbox 402 2585 429 2612; x_wconf 93' lang='lat' dir='ltr'><strong>in</strong></span> <span class='ocrx_word' id='word_1_317' title='bbox 451 2584 534 2612; x_wconf 86' lang='lat' dir='ltr'><strong>initiis</strong></span> <span class='ocrx_word' id='word_1_318' title='bbox 551 2584 602 2611; x_wconf 80' lang='lat' dir='ltr'><strong>fuit</strong></span> <span class='ocrx_word' id='word_1_319' title='bbox 616 2589 738 2614; x_wconf 86' lang='lat' dir='ltr'><strong>vocatus.</strong></span> <span class='ocrx_word' id='word_1_320' title='bbox 752 2585 799 2612; x_wconf 86' lang='lat' dir='ltr'><strong>sed</strong></span> <span class='ocrx_word' id='word_1_321' title='bbox 822 2585 932 2620; x_wconf 87' lang='lat' dir='ltr'><strong>quando</strong></span> <span class='ocrx_word' id='word_1_322' title='bbox 948 2585 996 2613; x_wconf 89' lang='lat' dir='ltr'><strong>de-</strong></span> 
     </span>
    </p>
   </div>
   <div class='ocr_carea' id='block_1_53' title="bbox 208 2629 997 2666">
    <p class='ocr_par' dir='ltr' id='par_1_53' title="bbox 208 2629 997 2666">
     <span class='ocr_line' id='line_1_53' title="bbox 208 2629 997 2666; baseline 0.001 -9"><span class='ocrx_word' id='word_1_323' title='bbox 208 2631 268 2657; x_wconf 85' lang='lat' dir='ltr'><strong>buit</strong></span> <span class='ocrx_word' id='word_1_324' title='bbox 285 2629 406 2657; x_wconf 88' lang='lat' dir='ltr'><strong>obedire.</strong></span> <span class='ocrx_word' id='word_1_325' title='bbox 427 2629 505 2662; x_wconf 82' lang='lat' dir='ltr'><strong>Quod</strong></span> <span class='ocrx_word' id='word_1_326' title='bbox 533 2633 623 2656; x_wconf 81' lang='lat' dir='ltr'><strong>autent</strong></span> <span class='ocrx_word' id='word_1_327' title='bbox 654 2629 771 2657; x_wconf 87' lang='lat' dir='ltr'><strong>voluerit</strong></span> <span class='ocrx_word' id='word_1_328' title='bbox 801 2629 828 2656; x_wconf 90' lang='lat' dir='ltr'><strong>in</strong></span> <span class='ocrx_word' id='word_1_329' title='bbox 864 2630 997 2666; x_wconf 90' lang='lat' dir='ltr'><strong>principio</strong></span> 
     </span>
    </p>
   </div>
   <div class='ocr_carea' id='block_1_54' title="bbox 209 2675 997 2711">
    <p class='ocr_par' dir='ltr' id='par_1_54' title="bbox 209 2675 997 2711">
     <span class='ocr_line' id='line_1_54' title="bbox 209 2675 997 2711; baseline -0.001 -7"><span class='ocrx_word' id='word_1_330' title='bbox 209 2676 374 2708; x_wconf 86' lang='lat' dir='ltr'><strong>conducere.</strong></span> <span class='ocrx_word' id='word_1_331' title='bbox 390 2676 455 2703; x_wconf 85' lang='lat' dir='ltr'><strong>dicit</strong></span> <span class='ocrx_word' id='word_1_332' title='bbox 470 2676 552 2703; x_wconf 91' lang='lat' dir='ltr'><strong>etiam</strong></span> <span class='ocrx_word' id='word_1_333' title='bbox 568 2675 708 2710; x_wconf 89' lang='lat' dir='ltr'><strong>parabola,</strong></span> <span class='ocrx_word' id='word_1_334' title='bbox 721 2675 786 2711; x_wconf 86' lang='lat' dir='ltr'><strong>quia</strong></span> <span class='ocrx_word' id='word_1_335' title='bbox 805 2675 873 2704; x_wconf 79' lang='lat' dir='ltr'><strong>exiit</strong></span> <span class='ocrx_word' id='word_1_336' title='bbox 892 2676 997 2704; x_wconf 90' lang='lat' dir='ltr'><strong>condu-</strong></span> 
     </span>
    </p>
   </div>
   <div class='ocr_carea' id='block_1_55' title="bbox 208 2722 998 2757">
    <p class='ocr_par' dir='ltr' id='par_1_55' title="bbox 208 2722 998 2757">
     <span class='ocr_line' id='line_1_55' title="bbox 208 2722 998 2757; baseline -0.001 -6"><span class='ocrx_word' id='word_1_337' title='bbox 208 2730 289 2756; x_wconf 87' lang='lat' dir='ltr'><strong>cere;</strong></span> <span class='ocrx_word' id='word_1_338' title='bbox 305 2727 332 2750; x_wconf 88' lang='lat' dir='ltr'><strong>ct</strong></span> <span class='ocrx_word' id='word_1_339' title='bbox 349 2723 420 2757; x_wconf 86' lang='lat' dir='ltr'><strong>quod</strong></span> <span class='ocrx_word' id='word_1_340' title='bbox 445 2722 497 2750; x_wconf 84' lang='lat' dir='ltr'><strong>iste</strong></span> <span class='ocrx_word' id='word_1_341' title='bbox 517 2722 632 2749; x_wconf 78' lang='lat' dir='ltr'><strong>voluerit</strong></span> <span class='ocrx_word' id='word_1_342' title='bbox 657 2722 773 2750; x_wconf 87' lang='lat' dir='ltr'><strong>conduci</strong></span> <span class='ocrx_word' id='word_1_343' title='bbox 786 2743 793 2755; x_wconf 89' lang='lat'><strong>,</strong></span> <span class='ocrx_word' id='word_1_344' title='bbox 822 2722 898 2756; x_wconf 86' lang='lat' dir='ltr'><strong>dicit,</strong></span> <span class='ocrx_word' id='word_1_345' title='bbox 918 2730 998 2750; x_wconf 90' lang='lat' dir='ltr'><strong>nemo</strong></span> 
     </span>
    </p>
   </div>
   <div class='ocr_carea' id='block_1_56' title="bbox 210 2768 416 2796">
    <p class='ocr_par' dir='ltr' id='par_1_56' title="bbox 210 2768 416 2796">
     <span class='ocr_line' id='line_1_56' title="bbox 210 2768 416 2796; baseline -0.01 0"><span class='ocrx_word' id='word_1_346' title='bbox 210 2776 259 2796; x_wconf 81' lang='lat' dir='ltr'><strong>nos</strong></span> <span class='ocrx_word' id='word_1_347' title='bbox 273 2768 416 2796; x_wconf 76' lang='lat' dir='ltr'><strong>conduxit.</strong></span> 
     </span>
    </p>
   </div>
   <div class='ocr_carea' id='block_1_57' title="bbox 243 2821 996 2856">
    <p class='ocr_par' dir='ltr' id='par_1_57' title="bbox 243 2821 996 2856">
     <span class='ocr_line' id='line_1_57' title="bbox 243 2821 996 2856; baseline -0.001 -8"><span class='ocrx_word' id='word_1_348' title='bbox 243 2821 326 2850; x_wconf 77' lang='lat' dir='ltr'><strong>Vens.</strong></span> <span class='ocrx_word' id='word_1_349' title='bbox 346 2821 387 2850; x_wconf 74' lang='grc'><strong>16.</strong></span> <span class='ocrx_word' id='word_1_350' title='bbox 412 2821 489 2854; x_wconf 86' lang='lat' dir='ltr'><strong>Quod</strong></span> <span class='ocrx_word' id='word_1_351' title='bbox 504 2821 647 2849; x_wconf 76' lang='lat' dir='ltr'><strong>confestim</strong></span> <span class='ocrx_word' id='word_1_352' title='bbox 673 2825 735 2856; x_wconf 88' lang='lat' dir='ltr'><strong>post</strong></span> <span class='ocrx_word' id='word_1_353' title='bbox 753 2821 911 2855; x_wconf 80' lang='lat' dir='ltr'><strong>parabolam</strong></span> <span class='ocrx_word' id='word_1_354' title='bbox 927 2821 996 2849; x_wconf 88' lang='lat' dir='ltr'><strong>dici-</strong></span> 
     </span>
    </p>
   </div>
   <div class='ocr_carea' id='block_1_58' title="bbox 208 2866 999 2902">
    <p class='ocr_par' dir='ltr' id='par_1_58' title="bbox 208 2866 999 2902">
     <span class='ocr_line' id='line_1_58' title="bbox 208 2866 999 2902; baseline 0.001 -8"><span class='ocrx_word' id='word_1_355' title='bbox 208 2871 264 2899; x_wconf 87' lang='lat' dir='ltr'><strong>tur,</strong></span> <span class='ocrx_word' id='word_1_356' title='bbox 277 2867 318 2895; x_wconf 87' lang='lat' dir='ltr'><strong>sic</strong></span> <span class='ocrx_word' id='word_1_357' title='bbox 328 2871 408 2895; x_wconf 84' lang='lat' dir='ltr'><strong>erunt</strong></span> <span class='ocrx_word' id='word_1_358' title='bbox 419 2867 560 2900; x_wconf 83' lang='lat' dir='ltr'><strong>novissimi</strong></span> <span class='ocrx_word' id='word_1_359' title='bbox 574 2867 666 2902; x_wconf 85' lang='lat' dir='ltr'><strong>primi.</strong></span> <span class='ocrx_word' id='word_1_360' title='bbox 680 2874 732 2894; x_wconf 90' lang='lat' dir='ltr'><strong>non</strong></span> <span class='ocrx_word' id='word_1_361' title='bbox 748 2866 878 2894; x_wconf 91' lang='lat' dir='ltr'><strong>admirari</strong></span> <span class='ocrx_word' id='word_1_362' title='bbox 889 2872 999 2902; x_wconf 85' lang='lat' dir='ltr'><strong>oportet</strong></span> 
     </span>
    </p>
   </div>
   <div class='ocr_carea' id='block_1_59' title="bbox 208 2912 997 2951">
    <p class='ocr_par' dir='ltr' id='par_1_59' title="bbox 208 2912 997 2951">
     <span class='ocr_line' id='line_1_59' title="bbox 208 2912 997 2951; baseline -0.003 -10"><span class='ocrx_word' id='word_1_363' title='bbox 208 2917 337 2951; x_wconf 78' lang='lat' dir='ltr'><strong>tanquam</strong></span> <span class='ocrx_word' id='word_1_364' title='bbox 350 2920 405 2941; x_wconf 77' lang='lat' dir='ltr'><strong>mm</strong></span> <span class='ocrx_word' id='word_1_365' title='bbox 426 2920 458 2940; x_wconf 78' lang='lat' dir='ltr'><strong>cx</strong></span> <span class='ocrx_word' id='word_1_366' title='bbox 473 2913 602 2948; x_wconf 87' lang='lat' dir='ltr'><strong>parabola</strong></span> <span class='ocrx_word' id='word_1_367' title='bbox 616 2920 804 2947; x_wconf 84' lang='lat' dir='ltr'><strong>consequens.</strong></span> <span class='ocrx_word' id='word_1_368' title='bbox 829 2912 876 2941; x_wconf 82' lang='lat' dir='ltr'><strong>sed</strong></span> <span class='ocrx_word' id='word_1_369' title='bbox 898 2912 997 2941; x_wconf 82' lang='lat' dir='ltr'><strong>intelli-</strong></span> 
     </span>
    </p>
   </div>
   <div class='ocr_carea' id='block_1_60' title="bbox 1055 293 1841 332">
    <p class='ocr_par' dir='ltr' id='par_1_60' title="bbox 1055 293 1841 332">
     <span class='ocr_line' id='line_1_60' title="bbox 1055 293 1841 332; baseline 0.005 -13"><span class='ocrx_word' id='word_1_370' title='bbox 1055 293 1312 327; x_wconf 68' lang='grc' dir='ltr'>οἵδατεζδιδόναι,</span> <span class='ocrx_word' id='word_1_371' title='bbox 1333 295 1363 322; x_wconf 80' lang='grc' dir='ltr'>οὺ</span> <span class='ocrx_word' id='word_1_372' title='bbox 1388 296 1497 322; x_wconf 86' lang='grc' dir='ltr'>πάντων</span> <span class='ocrx_word' id='word_1_373' title='bbox 1525 295 1658 331; x_wconf 77' lang='grc' dir='ltr'><strong>πονηρίαν</strong></span> <span class='ocrx_word' id='word_1_374' title='bbox 1682 298 1841 332; x_wconf 74' lang='grc' dir='ltr'>κατηγορεῖ,</span> 
     </span>
    </p>
   </div>
   <div class='ocr_carea' id='block_1_61' title="bbox 1054 339 1840 377">
    <p class='ocr_par' dir='ltr' id='par_1_61' title="bbox 1054 339 1840 377">
     <span class='ocr_line' id='line_1_61' title="bbox 1054 339 1840 377; baseline 0.005 -12"><span class='ocrx_word' id='word_1_375' title='bbox 1054 339 1122 366; x_wconf 77' lang='grc' dir='ltr'>ἀλλὰ</span> <span class='ocrx_word' id='word_1_376' title='bbox 1137 340 1186 376; x_wconf 85' lang='grc' dir='ltr'>τὴν</span> <span class='ocrx_word' id='word_1_377' title='bbox 1201 341 1229 367; x_wconf 83' lang='grc' dir='ltr'>ὲν</span> <span class='ocrx_word' id='word_1_378' title='bbox 1243 340 1397 376; x_wconf 81' lang='grc' dir='ltr'>ἀνθρώποις</span> <span class='ocrx_word' id='word_1_379' title='bbox 1410 341 1568 377; x_wconf 78' lang='grc' dir='ltr'>ἁγαθότητα</span> <span class='ocrx_word' id='word_1_380' title='bbox 1583 342 1616 377; x_wconf 83' lang='grc' dir='ltr'>τῇ</span> <span class='ocrx_word' id='word_1_381' title='bbox 1628 340 1677 368; x_wconf 81' lang='grc' dir='ltr'>τοῦ</span> <span class='ocrx_word' id='word_1_382' title='bbox 1691 341 1759 368; x_wconf 74' lang='grc' dir='ltr'>Θεοῦ</span> <span class='ocrx_word' id='word_1_383' title='bbox 1771 342 1840 376; x_wconf 81' lang='grc' dir='ltr'>ἀγα-</span> 
     </span>
    </p>
   </div>
   <div class='ocr_carea' id='block_1_62' title="bbox 1056 384 1356 421">
    <p class='ocr_par' dir='ltr' id='par_1_62' title="bbox 1056 384 1356 421">
     <span class='ocr_line' id='line_1_62' title="bbox 1056 384 1356 421; baseline 0.01 -10"><span class='ocrx_word' id='word_1_384' title='bbox 1056 384 1148 420; x_wconf 84' lang='grc' dir='ltr'>Θότητι</span> <span class='ocrx_word' id='word_1_385' title='bbox 1164 386 1356 421; x_wconf 76' lang='grc' dir='ltr'>παραϐάλλων.</span> 
     </span>
    </p>
   </div>
   <div class='ocr_carea' id='block_1_63' title="bbox 1089 430 1841 469">
    <p class='ocr_par' dir='ltr' id='par_1_63' title="bbox 1089 430 1841 469">
     <span class='ocr_line' id='line_1_63' title="bbox 1089 430 1841 469; baseline 0.005 -13"><span class='ocrx_word' id='word_1_386' title='bbox 1089 430 1139 457; x_wconf 77' lang='grc' dir='ltr'>Διὰ</span> <span class='ocrx_word' id='word_1_387' title='bbox 1153 430 1179 457; x_wconf 85' lang='grc' dir='ltr'><strong>τί</strong></span> <span class='ocrx_word' id='word_1_388' title='bbox 1192 431 1259 466; x_wconf 84' lang='grc' dir='ltr'>πρὸς</span> <span class='ocrx_word' id='word_1_389' title='bbox 1275 431 1338 462; x_wconf 81' lang='grc' dir='ltr'>τοὺς</span> <span class='ocrx_word' id='word_1_390' title='bbox 1364 431 1499 468; x_wconf 81' lang='grc' dir='ltr'>μαθητὰς,</span> <span class='ocrx_word' id='word_1_391' title='bbox 1523 431 1687 465; x_wconf 78' lang='grc' dir='ltr'><strong>ἀπελθόντος</strong></span> <span class='ocrx_word' id='word_1_392' title='bbox 1699 432 1746 459; x_wconf 80' lang='grc' dir='ltr'><strong>τοῦ</strong></span> <span class='ocrx_word' id='word_1_393' title='bbox 1765 433 1841 469; x_wconf 70' lang='grc' dir='ltr'>ἔρω-</span> 
     </span>
    </p>
   </div>
   <div class='ocr_carea' id='block_1_64' title="bbox 1053 476 1841 514">
    <p class='ocr_par' dir='ltr' id='par_1_64' title="bbox 1053 476 1841 514">
     <span class='ocr_line' id='line_1_64' title="bbox 1053 476 1841 514; baseline 0.005 -12"><span class='ocrx_word' id='word_1_394' title='bbox 1053 476 1196 512; x_wconf 82' lang='grc' dir='ltr'>τήσαντος,</span> <span class='ocrx_word' id='word_1_395' title='bbox 1214 478 1229 503; x_wconf 92' lang='grc' dir='ltr'><strong>ό</strong></span> <span class='ocrx_word' id='word_1_396' title='bbox 1242 477 1360 512; x_wconf 78' lang='grc' dir='ltr'>Χριστὸς</span> <span class='ocrx_word' id='word_1_397' title='bbox 1381 477 1455 512; x_wconf 85' lang='grc' dir='ltr'>λέγει</span> <span class='ocrx_word' id='word_1_398' title='bbox 1479 478 1617 510; x_wconf 80' lang='grc' dir='ltr'><strong>πλουσίοις</strong></span> <span class='ocrx_word' id='word_1_399' title='bbox 1640 478 1677 514; x_wconf 79' lang='grc' dir='ltr'>μὴ</span> <span class='ocrx_word' id='word_1_400' title='bbox 1691 479 1762 510; x_wconf 79' lang='grc' dir='ltr'>οὖσι,</span> <span class='ocrx_word' id='word_1_401' title='bbox 1782 478 1841 510; x_wconf 81' lang='grc' dir='ltr'><strong>πῶς</strong></span> 
     </span>
    </p>
   </div>
   <div class='ocr_carea' id='block_1_65' title="bbox 1053 521 1841 559">
    <p class='ocr_par' dir='ltr' id='par_1_65' title="bbox 1053 521 1841 559">
     <span class='ocr_line' id='line_1_65' title="bbox 1053 521 1841 559; baseline 0.004 -11"><span class='ocrx_word' id='word_1_402' title='bbox 1053 521 1191 554; x_wconf 81' lang='grc' dir='ltr'><strong>δυσκόλως</strong></span> <span class='ocrx_word' id='word_1_403' title='bbox 1216 522 1343 555; x_wconf 84' lang='grc' dir='ltr'>πλούσιος</span> <span class='ocrx_word' id='word_1_404' title='bbox 1367 523 1551 551; x_wconf 74' lang='grc' dir='ltr'><strong>εἰσελεύσεται</strong></span> <span class='ocrx_word' id='word_1_405' title='bbox 1567 524 1607 556; x_wconf 76' lang='grc' dir='ltr'>εἰς</span> <span class='ocrx_word' id='word_1_406' title='bbox 1631 525 1680 559; x_wconf 83' lang='grc' dir='ltr'>τὴν</span> <span class='ocrx_word' id='word_1_407' title='bbox 1702 523 1841 559; x_wconf 82' lang='grc' dir='ltr'>βασιλείαν</span> 
     </span>
    </p>
   </div>
   <div class='ocr_carea' id='block_1_66' title="bbox 1053 567 1840 606">
    <p class='ocr_par' dir='ltr' id='par_1_66' title="bbox 1053 567 1840 606">
     <span class='ocr_line' id='line_1_66' title="bbox 1053 567 1840 606; baseline 0.005 -12"><span class='ocrx_word' id='word_1_408' title='bbox 1053 567 1101 594; x_wconf 79' lang='grc' dir='ltr'>τοῦ</span> <span class='ocrx_word' id='word_1_409' title='bbox 1130 568 1216 601; x_wconf 84' lang='grc' dir='ltr'><strong>Θεοῦ;</strong></span> <span class='ocrx_word' id='word_1_410' title='bbox 1253 569 1392 596; x_wconf 79' lang='grc' dir='ltr'>Παιδεύων</span> <span class='ocrx_word' id='word_1_411' title='bbox 1425 569 1525 602; x_wconf 74' lang='grc' dir='ltr'>αὐτοὺς</span> <span class='ocrx_word' id='word_1_412' title='bbox 1549 570 1587 605; x_wconf 87' lang='grc' dir='ltr'>μὴ</span> <span class='ocrx_word' id='word_1_413' title='bbox 1605 570 1788 605; x_wconf 49' lang='grc' dir='ltr'>,αἰσχύνεσθαι</span> <span class='ocrx_word' id='word_1_414' title='bbox 1806 572 1840 606; x_wconf 77' lang='grc' dir='ltr'><strong>τῇ</strong></span> 
     </span>
    </p>
   </div>
   <div class='ocr_carea' id='block_1_67' title="bbox 1054 614 1145 649">
    <p class='ocr_par' dir='ltr' id='par_1_67' title="bbox 1054 614 1145 649">
     <span class='ocr_line' id='line_1_67' title="bbox 1054 614 1145 649; baseline 0.022 -9"><span class='ocrx_word' id='word_1_415' title='bbox 1054 614 1145 649; x_wconf 79' lang='grc' dir='ltr'>πενίᾳ.</span> 
     </span>
    </p>
   </div>
   <div class='ocr_carea' id='block_1_68' title="bbox 1094 667 1840 707">
    <p class='ocr_par' dir='ltr' id='par_1_68' title="bbox 1094 667 1840 707">
     <span class='ocr_line' id='line_1_68' title="bbox 1094 667 1840 707; baseline 0.004 -11"><span class='ocrx_word' id='word_1_416' title='bbox 1094 668 1170 696; x_wconf 73' lang='grc' dir='ltr'>Ἐπεί</span> <span class='ocrx_word' id='word_1_417' title='bbox 1187 669 1302 704; x_wconf 85' lang='grc' dir='ltr'>πένητες</span> <span class='ocrx_word' id='word_1_418' title='bbox 1322 667 1404 706; x_wconf 83' lang='grc' dir='ltr'>ἦσαν,</span> <span class='ocrx_word' id='word_1_419' title='bbox 1419 670 1477 703; x_wconf 81' lang='grc' dir='ltr'><strong>πῶς</strong></span> <span class='ocrx_word' id='word_1_420' title='bbox 1493 671 1628 706; x_wconf 77' lang='grc' dir='ltr'>λέγουσιν,</span> <span class='ocrx_word' id='word_1_421' title='bbox 1656 672 1704 705; x_wconf 84' lang='grc' dir='ltr'>Τίς</span> <span class='ocrx_word' id='word_1_422' title='bbox 1721 672 1778 707; x_wconf 84' lang='grc' dir='ltr'>ἄρα</span> <span class='ocrx_word' id='word_1_423' title='bbox 1790 672 1840 699; x_wconf 80' lang='grc' dir='ltr'><strong>δύ-</strong></span> 
     </span>
    </p>
   </div>
   <div class='ocr_carea' id='block_1_69' title="bbox 1053 709 1840 754">
    <p class='ocr_par' dir='ltr' id='par_1_69' title="bbox 1053 709 1840 754">
     <span class='ocr_line' id='line_1_69' title="bbox 1053 709 1840 754; baseline 0.004 -13"><span class='ocrx_word' id='word_1_424' title='bbox 1053 723 1139 742; x_wconf 76' lang='grc' dir='ltr'>ναται</span> <span class='ocrx_word' id='word_1_425' title='bbox 1158 709 1315 750; x_wconf 66' lang='grc' dir='ltr'>σωθῆναιξ</span> <span class='ocrx_word' id='word_1_426' title='bbox 1338 717 1424 753; x_wconf 83' lang='grc' dir='ltr'>’Υπὲρ</span> <span class='ocrx_word' id='word_1_427' title='bbox 1448 717 1503 744; x_wconf 69' lang='grc' dir='ltr'>τῶν</span> <span class='ocrx_word' id='word_1_428' title='bbox 1517 717 1605 745; x_wconf 81' lang='grc' dir='ltr'>ἄλλων</span> <span class='ocrx_word' id='word_1_429' title='bbox 1627 718 1779 754; x_wconf 76' lang='grc' dir='ltr'>ἀνθρώπων</span> <span class='ocrx_word' id='word_1_430' title='bbox 1792 718 1840 745; x_wconf 79' lang='grc' dir='ltr'><strong>ἀλ-</strong></span> 
     </span>
    </p>
   </div>
   <div class='ocr_carea' id='block_1_70' title="bbox 1052 759 1417 797">
    <p class='ocr_par' dir='ltr' id='par_1_70' title="bbox 1052 759 1417 797">
     <span class='ocr_line' id='line_1_70' title="bbox 1052 759 1417 797; baseline 0.011 -11"><span class='ocrx_word' id='word_1_431' title='bbox 1052 760 1165 794; x_wconf 86' lang='grc' dir='ltr'>γοῦντες</span> <span class='ocrx_word' id='word_1_432' title='bbox 1179 759 1217 793; x_wconf 82' lang='grc' dir='ltr'>ὦς</span> <span class='ocrx_word' id='word_1_433' title='bbox 1229 762 1300 797; x_wconf 81' lang='grc' dir='ltr'>ὑπὲρ</span> <span class='ocrx_word' id='word_1_434' title='bbox 1315 762 1417 790; x_wconf 81' lang='grc' dir='ltr'>αὐτῶν.</span> 
     </span>
    </p>
   </div>
   <div class='ocr_carea' id='block_1_71' title="bbox 1086 852 1839 889">
    <p class='ocr_par' dir='ltr' id='par_1_71' title="bbox 1086 852 1839 889">
     <span class='ocr_line' id='line_1_71' title="bbox 1086 852 1839 889; baseline 0.004 -10"><span class='ocrx_word' id='word_1_435' title='bbox 1086 852 1134 885; x_wconf 86' lang='grc' dir='ltr'><strong>Τὸ,</strong></span> <span class='ocrx_word' id='word_1_436' title='bbox 1149 852 1326 886; x_wconf 80' lang='grc' dir='ltr'>Καθήσεσθε</span> <span class='ocrx_word' id='word_1_437' title='bbox 1341 853 1390 880; x_wconf 77' lang='grc' dir='ltr'><strong>ἐπὶ</strong></span> <span class='ocrx_word' id='word_1_438' title='bbox 1413 853 1527 881; x_wconf 77' lang='grc' dir='ltr'>δώδεκα</span> <span class='ocrx_word' id='word_1_439' title='bbox 1547 855 1671 889; x_wconf 75' lang='grc' dir='ltr'>θρόνων,</span> <span class='ocrx_word' id='word_1_440' title='bbox 1696 855 1758 882; x_wconf 77' lang='grc' dir='ltr'>ἀντὶ</span> <span class='ocrx_word' id='word_1_441' title='bbox 1780 856 1839 889; x_wconf 78' lang='grc' dir='ltr'>τοῦ,</span> 
     </span>
    </p>
   </div>
   <div class='ocr_carea' id='block_1_72' title="bbox 1052 898 1838 935">
    <p class='ocr_par' dir='ltr' id='par_1_72' title="bbox 1052 898 1838 935">
     <span class='ocr_line' id='line_1_72' title="bbox 1052 898 1838 935; baseline 0.004 -10"><span class='ocrx_word' id='word_1_442' title='bbox 1052 898 1302 935; x_wconf 80' lang='grc' dir='ltr'>Συνδοξασθήσεσθε</span> <span class='ocrx_word' id='word_1_443' title='bbox 1318 907 1325 914; x_wconf 94' lang='grc'><strong>·</strong></span> <span class='ocrx_word' id='word_1_444' title='bbox 1349 899 1380 927; x_wconf 78' lang='grc' dir='ltr'>τὸ</span> <span class='ocrx_word' id='word_1_445' title='bbox 1401 901 1448 934; x_wconf 81' lang='grc' dir='ltr'>δὲ,</span> <span class='ocrx_word' id='word_1_446' title='bbox 1484 901 1661 935; x_wconf 81' lang='grc' dir='ltr'>κρ¹νσντες,</span> <span class='ocrx_word' id='word_1_447' title='bbox 1687 902 1747 928; x_wconf 76' lang='grc' dir='ltr'>ἀντὶ</span> <span class='ocrx_word' id='word_1_448' title='bbox 1771 901 1838 935; x_wconf 71' lang='grc' dir='ltr'>τοῦ,</span> 
     </span>
    </p>
   </div>
   <div class='ocr_carea' id='block_1_73' title="bbox 1051 945 1838 983">
    <p class='ocr_par' dir='ltr' id='par_1_73' title="bbox 1051 945 1838 983">
     <span class='ocr_line' id='line_1_73' title="bbox 1051 945 1838 983; baseline 0.006 -12"><span class='ocrx_word' id='word_1_449' title='bbox 1051 945 1263 981; x_wconf 74' lang='grc' dir='ltr'>κατακρίνοντες</span> <span class='ocrx_word' id='word_1_450' title='bbox 1275 955 1282 962; x_wconf 73' lang='grc' dir='ltr'><strong>ο</strong></span> <span class='ocrx_word' id='word_1_451' title='bbox 1298 947 1328 973; x_wconf 86' lang='grc' dir='ltr'>οὒ</span> <span class='ocrx_word' id='word_1_452' title='bbox 1340 947 1394 982; x_wconf 84' lang='grc' dir='ltr'><strong>γὰρ</strong></span> <span class='ocrx_word' id='word_1_453' title='bbox 1410 947 1442 982; x_wconf 85' lang='grc' dir='ltr'>δὴ</span> <span class='ocrx_word' id='word_1_454' title='bbox 1454 947 1581 974; x_wconf 79' lang='grc' dir='ltr'>δικασταὶ</span> <span class='ocrx_word' id='word_1_455' title='bbox 1597 947 1742 983; x_wconf 81' lang='grc' dir='ltr'>μέλλουσιν</span> <span class='ocrx_word' id='word_1_456' title='bbox 1755 946 1838 976; x_wconf 79' lang='grc' dir='ltr'>εἶναι·</span> 
     </span>
    </p>
   </div>
   <div class='ocr_carea' id='block_1_74' title="bbox 1053 991 1840 1028">
    <p class='ocr_par' dir='ltr' id='par_1_74' title="bbox 1053 991 1840 1028">
     <span class='ocr_line' id='line_1_74' title="bbox 1053 991 1840 1028; baseline 0.005 -11"><span class='ocrx_word' id='word_1_457' title='bbox 1053 991 1093 1022; x_wconf 83' lang='grc' dir='ltr'>εἰς</span> <span class='ocrx_word' id='word_1_458' title='bbox 1109 991 1164 1027; x_wconf 82' lang='grc' dir='ltr'><strong>γὰρ</strong></span> <span class='ocrx_word' id='word_1_459' title='bbox 1189 993 1352 1028; x_wconf 82' lang='grc' dir='ltr'><strong>κατάκρισιν</strong></span> <span class='ocrx_word' id='word_1_460' title='bbox 1366 992 1421 1020; x_wconf 83' lang='grc' dir='ltr'>τῶν</span> <span class='ocrx_word' id='word_1_461' title='bbox 1444 993 1588 1028; x_wconf 83' lang='grc' dir='ltr'><strong>ὁμοφύλων</strong></span> <span class='ocrx_word' id='word_1_462' title='bbox 1602 994 1626 1020; x_wconf 72' lang='grc' dir='ltr'>οἱ</span> <span class='ocrx_word' id='word_1_463' title='bbox 1642 993 1840 1026; x_wconf 75' lang='grc' dir='ltr'><strong>πιστεύσαντες</strong></span> 
     </span>
    </p>
   </div>
   <div class='ocr_carea' id='block_1_75' title="bbox 1051 1036 1168 1064">
    <p class='ocr_par' dir='ltr' id='par_1_75' title="bbox 1051 1036 1168 1064">
     <span class='ocr_line' id='line_1_75' title="bbox 1051 1036 1168 1064; baseline 0.009 -1"><span class='ocrx_word' id='word_1_464' title='bbox 1051 1036 1168 1064; x_wconf 74' lang='grc' dir='ltr'>εσονται.</span> 
     </span>
    </p>
   </div>
   <div class='ocr_carea' id='block_1_76' title="bbox 1086 1093 1840 1136">
    <p class='ocr_par' dir='ltr' id='par_1_76' title="bbox 1086 1093 1840 1136">
     <span class='ocr_line' id='line_1_76' title="bbox 1086 1093 1840 1136; baseline 0.008 -17"><span class='ocrx_word' id='word_1_465' title='bbox 1086 1093 1133 1125; x_wconf 82' lang='grc' dir='ltr'><strong>Τὸ,</strong></span> <span class='ocrx_word' id='word_1_466' title='bbox 1152 1093 1257 1127; x_wconf 82' lang='grc' dir='ltr'><em>Ὅστις</em></span> <span class='ocrx_word' id='word_1_467' title='bbox 1284 1094 1403 1130; x_wconf 71' lang='grc' dir='ltr'>ἀφῆκεν</span> <span class='ocrx_word' id='word_1_468' title='bbox 1423 1097 1560 1131; x_wconf 76' lang='grc' dir='ltr'>γυναῖκα,</span> <span class='ocrx_word' id='word_1_469' title='bbox 1579 1097 1595 1133; x_wconf 79' lang='grc' dir='ltr'><strong>ἢ</strong></span> <span class='ocrx_word' id='word_1_470' title='bbox 1613 1098 1672 1125; x_wconf 77' lang='grc' dir='ltr'>τόδε</span> <span class='ocrx_word' id='word_1_471' title='bbox 1690 1099 1706 1136; x_wconf 80' lang='grc' dir='ltr'>ἢ</span> <span class='ocrx_word' id='word_1_472' title='bbox 1724 1099 1792 1133; x_wconf 74' lang='grc' dir='ltr'>τάδε,</span> <span class='ocrx_word' id='word_1_473' title='bbox 1809 1099 1840 1125; x_wconf 84' lang='grc' dir='ltr'>οὐ</span> 
     </span>
    </p>
   </div>
   <div class='ocr_carea' id='block_1_77' title="bbox 1051 1138 1840 1178">
    <p class='ocr_par' dir='ltr' id='par_1_77' title="bbox 1051 1138 1840 1178">
     <span class='ocr_line' id='line_1_77' title="bbox 1051 1138 1840 1178; baseline 0.008 -13"><span class='ocrx_word' id='word_1_474' title='bbox 1051 1138 1188 1172; x_wconf 77' lang='grc' dir='ltr'>διάζευξιν</span> <span class='ocrx_word' id='word_1_475' title='bbox 1211 1141 1316 1175; x_wconf 88' lang='grc' dir='ltr'>είσάγει</span> <span class='ocrx_word' id='word_1_476' title='bbox 1330 1142 1384 1167; x_wconf 81' lang='grc' dir='ltr'>τῶν</span> <span class='ocrx_word' id='word_1_477' title='bbox 1402 1143 1553 1175; x_wconf 87' lang='grc' dir='ltr'>γυναικῶν,</span> <span class='ocrx_word' id='word_1_478' title='bbox 1570 1144 1627 1170; x_wconf 82' lang='grc' dir='ltr'>ἀλλ’</span> <span class='ocrx_word' id='word_1_479' title='bbox 1652 1144 1744 1178; x_wconf 83' lang='grc' dir='ltr'>ὅμοιόν</span> <span class='ocrx_word' id='word_1_480' title='bbox 1765 1146 1840 1171; x_wconf 81' lang='grc' dir='ltr'>ἐστιν</span> 
     </span>
    </p>
   </div>
   <div class='ocr_carea' id='block_1_78' title="bbox 1050 1182 1840 1222">
    <p class='ocr_par' dir='ltr' id='par_1_78' title="bbox 1050 1182 1840 1222">
     <span class='ocr_line' id='line_1_78' title="bbox 1050 1182 1840 1222; baseline 0.006 -13"><span class='ocrx_word' id='word_1_481' title='bbox 1050 1182 1099 1218; x_wconf 85' lang='grc' dir='ltr'>τῷ,</span> <span class='ocrx_word' id='word_1_482' title='bbox 1121 1183 1152 1210; x_wconf 88' lang='lat'><strong>&#39;0</strong></span> <span class='ocrx_word' id='word_1_483' title='bbox 1166 1184 1319 1217; x_wconf 72' lang='grc' dir='ltr'><strong>ἀπολέσας</strong></span> <span class='ocrx_word' id='word_1_484' title='bbox 1338 1185 1393 1219; x_wconf 82' lang='grc' dir='ltr'><strong>τὴν</strong></span> <span class='ocrx_word' id='word_1_485' title='bbox 1409 1186 1516 1221; x_wconf 72' lang='grc' dir='ltr'>ψυχὴν</span> <span class='ocrx_word' id='word_1_486' title='bbox 1528 1187 1632 1220; x_wconf 74' lang='grc' dir='ltr'>αὑτοῦ,</span> <span class='ocrx_word' id='word_1_487' title='bbox 1648 1188 1771 1222; x_wconf 77' lang='grc' dir='ltr'><strong>εὑρήσει</strong></span> <span class='ocrx_word' id='word_1_488' title='bbox 1785 1189 1840 1215; x_wconf 64' lang='grc' dir='ltr'><strong>αὑ.</strong></span> 
     </span>
    </p>
   </div>
   <div class='ocr_carea' id='block_1_79' title="bbox 1050 1228 1839 1270">
    <p class='ocr_par' dir='ltr' id='par_1_79' title="bbox 1050 1228 1839 1270">
     <span class='ocr_line' id='line_1_79' title="bbox 1050 1228 1839 1270; baseline 0.006 -15"><span class='ocrx_word' id='word_1_489' title='bbox 1050 1228 1126 1262; x_wconf 72' lang='grc' dir='ltr'>τήν·</span> <span class='ocrx_word' id='word_1_490' title='bbox 1148 1229 1191 1256; x_wconf 83' lang='grc' dir='ltr'>ἵνα</span> <span class='ocrx_word' id='word_1_491' title='bbox 1208 1231 1387 1267; x_wconf 85' lang='grc' dir='ltr'>προτιμῶμεν</span> <span class='ocrx_word' id='word_1_492' title='bbox 1411 1233 1440 1258; x_wconf 81' lang='grc' dir='ltr'>ὲν</span> <span class='ocrx_word' id='word_1_493' title='bbox 1461 1234 1518 1265; x_wconf 82' lang='grc' dir='ltr'>τοῖς</span> <span class='ocrx_word' id='word_1_494' title='bbox 1539 1233 1670 1269; x_wconf 78' lang='grc' dir='ltr'><strong>διωγμοῖς</strong></span> <span class='ocrx_word' id='word_1_495' title='bbox 1693 1233 1742 1270; x_wconf 83' lang='grc' dir='ltr'>τὴν</span> <span class='ocrx_word' id='word_1_496' title='bbox 1763 1234 1839 1260; x_wconf 71' lang='grc' dir='ltr'>εὐσέ-</span> 
     </span>
    </p>
   </div>
   <div class='ocr_carea' id='block_1_80' title="bbox 1050 1274 1840 1316">
    <p class='ocr_par' dir='ltr' id='par_1_80' title="bbox 1050 1274 1840 1316">
     <span class='ocr_line' id='line_1_80' title="bbox 1050 1274 1840 1316; baseline 0.008 -16"><span class='ocrx_word' id='word_1_497' title='bbox 1050 1274 1138 1306; x_wconf 74' lang='grc' dir='ltr'>ϐειαν,</span> <span class='ocrx_word' id='word_1_498' title='bbox 1163 1275 1234 1311; x_wconf 79' lang='grc' dir='ltr'>ὑπὲρ</span> <span class='ocrx_word' id='word_1_499' title='bbox 1254 1278 1372 1310; x_wconf 84' lang='grc' dir='ltr'>γυναῖκα</span> <span class='ocrx_word' id='word_1_500' title='bbox 1387 1278 1433 1304; x_wconf 75' lang='grc' dir='ltr'>καὶ</span> <span class='ocrx_word' id='word_1_501' title='bbox 1451 1278 1540 1311; x_wconf 81' lang='grc' dir='ltr'>οἰκίας</span> <span class='ocrx_word' id='word_1_502' title='bbox 1558 1279 1605 1305; x_wconf 80' lang='grc' dir='ltr'><strong>καὶ</strong></span> <span class='ocrx_word' id='word_1_503' title='bbox 1625 1279 1718 1314; x_wconf 73' lang='grc' dir='ltr'>φίλους</span> <span class='ocrx_word' id='word_1_504' title='bbox 1731 1287 1738 1295; x_wconf 91' lang='grc'><strong>·</strong></span> <span class='ocrx_word' id='word_1_505' title='bbox 1751 1280 1840 1316; x_wconf 84' lang='grc' dir='ltr'>ἢὸταν</span> 
     </span>
    </p>
   </div>
   <div class='ocr_carea' id='block_1_81' title="bbox 1050 1320 1840 1359">
    <p class='ocr_par' dir='ltr' id='par_1_81' title="bbox 1050 1320 1840 1359">
     <span class='ocr_line' id='line_1_81' title="bbox 1050 1320 1840 1359; baseline 0.008 -13"><span class='ocrx_word' id='word_1_506' title='bbox 1050 1320 1119 1356; x_wconf 85' lang='grc' dir='ltr'>γυνὴ</span> <span class='ocrx_word' id='word_1_507' title='bbox 1132 1321 1245 1353; x_wconf 78' lang='grc' dir='ltr'>ᾶπιστός</span> <span class='ocrx_word' id='word_1_508' title='bbox 1258 1323 1332 1349; x_wconf 77' lang='grc' dir='ltr'>ἐστιν</span> <span class='ocrx_word' id='word_1_509' title='bbox 1343 1323 1359 1358; x_wconf 87' lang='grc' dir='ltr'>ἢ</span> <span class='ocrx_word' id='word_1_510' title='bbox 1369 1323 1448 1359; x_wconf 84' lang='grc' dir='ltr'>ἀνὴρ.</span> <span class='ocrx_word' id='word_1_511' title='bbox 1463 1324 1523 1351; x_wconf 77' lang='grc' dir='ltr'>τότε</span> <span class='ocrx_word' id='word_1_512' title='bbox 1535 1324 1569 1351; x_wconf 89' lang='grc' dir='ltr'>δι’</span> <span class='ocrx_word' id='word_1_513' title='bbox 1581 1325 1724 1351; x_wconf 76' lang='grc' dir='ltr'>εὐσέϐειαν</span> <span class='ocrx_word' id='word_1_514' title='bbox 1735 1325 1840 1358; x_wconf 77' lang='grc' dir='ltr'>διαζεύο</span> 
     </span>
    </p>
   </div>
   <div class='ocr_carea' id='block_1_82' title="bbox 1049 1366 1839 1404">
    <p class='ocr_par' dir='ltr' id='par_1_82' title="bbox 1049 1366 1839 1404">
     <span class='ocr_line' id='line_1_82' title="bbox 1049 1366 1839 1404; baseline 0.006 -13"><span class='ocrx_word' id='word_1_515' title='bbox 1049 1373 1156 1399; x_wconf 79' lang='grc' dir='ltr'>γνυται,</span> <span class='ocrx_word' id='word_1_516' title='bbox 1172 1366 1196 1392; x_wconf 85' lang='grc' dir='ltr'><strong>εί</strong></span> <span class='ocrx_word' id='word_1_517' title='bbox 1211 1367 1248 1401; x_wconf 86' lang='grc' dir='ltr'>μὴ</span> <span class='ocrx_word' id='word_1_518' title='bbox 1263 1366 1376 1394; x_wconf 84' lang='grc' dir='ltr'>δύναται</span> <span class='ocrx_word' id='word_1_519' title='bbox 1391 1368 1536 1404; x_wconf 80' lang='grc' dir='ltr'>διορθῶσαι</span> <span class='ocrx_word' id='word_1_520' title='bbox 1552 1370 1601 1396; x_wconf 77' lang='grc' dir='ltr'>καὶ</span> <span class='ocrx_word' id='word_1_521' title='bbox 1625 1369 1728 1404; x_wconf 79' lang='grc' dir='ltr'>αὑτήν·</span> <span class='ocrx_word' id='word_1_522' title='bbox 1749 1369 1839 1401; x_wconf 83' lang='grc' dir='ltr'>καθὼς</span> 
     </span>
    </p>
   </div>
   <div class='ocr_carea' id='block_1_83' title="bbox 1050 1411 1840 1451">
    <p class='ocr_par' dir='ltr' id='par_1_83' title="bbox 1050 1411 1840 1451">
     <span class='ocr_line' id='line_1_83' title="bbox 1050 1411 1840 1451; baseline 0.006 -14"><span class='ocrx_word' id='word_1_523' title='bbox 1050 1411 1097 1438; x_wconf 74' lang='grc' dir='ltr'>καὶ</span> <span class='ocrx_word' id='word_1_524' title='bbox 1108 1411 1214 1444; x_wconf 72' lang='grc' dir='ltr'>Παῦλος</span> <span class='ocrx_word' id='word_1_525' title='bbox 1228 1412 1322 1448; x_wconf 79' lang='grc' dir='ltr'>ἔλεγεν</span> <span class='ocrx_word' id='word_1_526' title='bbox 1335 1422 1342 1429; x_wconf 87' lang='grc'><strong>·</strong></span> <span class='ocrx_word' id='word_1_527' title='bbox 1357 1414 1380 1440; x_wconf 83' lang='grc' dir='ltr'><strong>εί</strong></span> <span class='ocrx_word' id='word_1_528' title='bbox 1396 1414 1424 1441; x_wconf 80' lang='grc' dir='ltr'>δὲ</span> <span class='ocrx_word' id='word_1_529' title='bbox 1435 1414 1449 1440; x_wconf 82' lang='grc' dir='ltr'><strong><em>ὁ</em></strong></span> <span class='ocrx_word' id='word_1_530' title='bbox 1462 1414 1576 1447; x_wconf 71' lang='grc' dir='ltr'>ἄπιστος</span> <span class='ocrx_word' id='word_1_531' title='bbox 1589 1415 1745 1451; x_wconf 80' lang='grc' dir='ltr'><strong>χωρίζεται,</strong></span> <span class='ocrx_word' id='word_1_532' title='bbox 1759 1423 1840 1450; x_wconf 88' lang='grc' dir='ltr'>χωρι-</span> 
     </span>
    </p>
   </div>
   <div class='ocr_carea' id='block_1_84' title="bbox 1051 1457 1148 1490">
    <p class='ocr_par' dir='ltr' id='par_1_84' title="bbox 1051 1457 1148 1490">
     <span class='ocr_line' id='line_1_84' title="bbox 1051 1457 1148 1490; baseline 0.021 -7"><span class='ocrx_word' id='word_1_533' title='bbox 1051 1457 1148 1490; x_wconf 78' lang='grc' dir='ltr'>ζέσθω.</span> 
     </span>
    </p>
   </div>
   <div class='ocr_carea' id='block_1_85' title="bbox 1085 1503 1840 1542">
    <p class='ocr_par' dir='ltr' id='par_1_85' title="bbox 1085 1503 1840 1542">
     <span class='ocr_line' id='line_1_85' title="bbox 1085 1503 1840 1542; baseline 0.007 -13"><span class='ocrx_word' id='word_1_534' title='bbox 1085 1503 1131 1536; x_wconf 77' lang='grc' dir='ltr'><strong>Τὸ,</strong></span> <span class='ocrx_word' id='word_1_535' title='bbox 1149 1504 1260 1532; x_wconf 76' lang='grc' dir='ltr'>Πολλοὶ</span> <span class='ocrx_word' id='word_1_536' title='bbox 1277 1504 1398 1532; x_wconf 76' lang='grc' dir='ltr'>ἔσονται</span> <span class='ocrx_word' id='word_1_537' title='bbox 1412 1507 1547 1541; x_wconf 73' lang='grc' dir='ltr'>ἔσχατοι,</span> <span class='ocrx_word' id='word_1_538' title='bbox 1561 1507 1671 1541; x_wconf 79' lang='grc' dir='ltr'>πρῶτοι</span> <span class='ocrx_word' id='word_1_539' title='bbox 1680 1515 1688 1522; x_wconf 73' lang='grc'><strong><em>⁸</em></strong></span> <span class='ocrx_word' id='word_1_540' title='bbox 1702 1507 1752 1534; x_wconf 77' lang='grc' dir='ltr'>καὶ</span> <span class='ocrx_word' id='word_1_541' title='bbox 1766 1507 1840 1542; x_wconf 79' lang='grc' dir='ltr'>πρῶ-</span> 
     </span>
    </p>
   </div>
   <div class='ocr_carea' id='block_1_86' title="bbox 1050 1550 1734 1588">
    <p class='ocr_par' dir='ltr' id='par_1_86' title="bbox 1050 1550 1734 1588">
     <span class='ocr_line' id='line_1_86' title="bbox 1050 1550 1734 1588; baseline 0.004 -11"><span class='ocrx_word' id='word_1_542' title='bbox 1050 1558 1105 1584; x_wconf 80' lang='grc' dir='ltr'>τοι,</span> <span class='ocrx_word' id='word_1_543' title='bbox 1122 1550 1257 1585; x_wconf 78' lang='grc' dir='ltr'><strong>ἔσχατοι,</strong></span> <span class='ocrx_word' id='word_1_544' title='bbox 1283 1551 1427 1584; x_wconf 84' lang='grc' dir='ltr'><strong>Ἰουδαίους</strong></span> <span class='ocrx_word' id='word_1_545' title='bbox 1444 1553 1491 1579; x_wconf 79' lang='grc' dir='ltr'>καὶ</span> <span class='ocrx_word' id='word_1_546' title='bbox 1511 1553 1634 1585; x_wconf 73' lang='grc' dir='ltr'>ὲθνικοίδς</span> <span class='ocrx_word' id='word_1_547' title='bbox 1648 1554 1734 1588; x_wconf 80' lang='grc' dir='ltr'>λέγει.</span> 
     </span>
    </p>
   </div>
   <div class='ocr_carea' id='block_1_87' title="bbox 1351 1624 1537 1653">
    <p class='ocr_par' dir='ltr' id='par_1_87' title="bbox 1351 1624 1537 1653">
     <span class='ocr_line' id='line_1_87' title="bbox 1351 1624 1537 1653; baseline 0.005 -1"><span class='ocrx_word' id='word_1_548' title='bbox 1351 1625 1478 1652; x_wconf 77' lang='grc' dir='ltr'><strong>ΚΕΦΛΛ.</strong></span> <span class='ocrx_word' id='word_1_549' title='bbox 1495 1624 1537 1653; x_wconf 70' lang='grc' dir='ltr'><strong>ις’.</strong></span> 
     </span>
    </p>
   </div>
   <div class='ocr_carea' id='block_1_88' title="bbox 1085 1697 1840 1734">
    <p class='ocr_par' dir='ltr' id='par_1_88' title="bbox 1085 1697 1840 1734">
     <span class='ocr_line' id='line_1_88' title="bbox 1085 1697 1840 1734; baseline 0.003 -11"><span class='ocrx_word' id='word_1_550' title='bbox 1085 1697 1153 1732; x_wconf 81' lang='grc' dir='ltr'>Περὶ</span> <span class='ocrx_word' id='word_1_551' title='bbox 1182 1697 1236 1724; x_wconf 84' lang='grc' dir='ltr'>τῶν</span> <span class='ocrx_word' id='word_1_552' title='bbox 1259 1697 1384 1734; x_wconf 71' lang='grc' dir='ltr'>ἐργατῶν</span> <span class='ocrx_word' id='word_1_553' title='bbox 1413 1698 1466 1734; x_wconf 81' lang='grc' dir='ltr'><strong>χρὴ</strong></span> <span class='ocrx_word' id='word_1_554' title='bbox 1494 1699 1582 1731; x_wconf 87' lang='grc' dir='ltr'>νοεῖν,</span> <span class='ocrx_word' id='word_1_555' title='bbox 1605 1698 1760 1734; x_wconf 82' lang='grc' dir='ltr'>ἀμπελῶνα</span> <span class='ocrx_word' id='word_1_556' title='bbox 1789 1699 1840 1734; x_wconf 77' lang='grc' dir='ltr'>τὴν</span> 
     </span>
    </p>
   </div>
   <div class='ocr_carea' id='block_1_89' title="bbox 1048 1743 1839 1780">
    <p class='ocr_par' dir='ltr' id='par_1_89' title="bbox 1048 1743 1839 1780">
     <span class='ocr_line' id='line_1_89' title="bbox 1048 1743 1839 1780; baseline 0.001 -11"><span class='ocrx_word' id='word_1_557' title='bbox 1048 1743 1182 1778; x_wconf 77' lang='grc' dir='ltr'>ἐργασίαν</span> <span class='ocrx_word' id='word_1_558' title='bbox 1203 1743 1253 1778; x_wconf 86' lang='grc' dir='ltr'>τῆς</span> <span class='ocrx_word' id='word_1_559' title='bbox 1279 1744 1400 1780; x_wconf 85' lang='grc' dir='ltr'>ἀρετῆς·</span> <span class='ocrx_word' id='word_1_560' title='bbox 1429 1744 1526 1780; x_wconf 78' lang='grc' dir='ltr'>χρόνον</span> <span class='ocrx_word' id='word_1_561' title='bbox 1553 1746 1602 1780; x_wconf 82' lang='grc' dir='ltr'>τῆς</span> <span class='ocrx_word' id='word_1_562' title='bbox 1623 1745 1766 1780; x_wconf 74' lang='grc' dir='ltr'>ἐργασίας,</span> <span class='ocrx_word' id='word_1_563' title='bbox 1793 1745 1839 1772; x_wconf 73' lang='grc' dir='ltr'><strong>τὸν</strong></span> 
     </span>
    </p>
   </div>
   <div class='ocr_carea' id='block_1_90' title="bbox 1049 1789 1839 1825">
    <p class='ocr_par' dir='ltr' id='par_1_90' title="bbox 1049 1789 1839 1825">
     <span class='ocr_line' id='line_1_90' title="bbox 1049 1789 1839 1825; baseline 0.004 -10"><span class='ocrx_word' id='word_1_564' title='bbox 1049 1789 1172 1824; x_wconf 82' lang='grc' dir='ltr'>παρόντα</span> <span class='ocrx_word' id='word_1_565' title='bbox 1189 1789 1247 1824; x_wconf 88' lang='grc' dir='ltr'>βίον</span> <span class='ocrx_word' id='word_1_566' title='bbox 1259 1797 1266 1805; x_wconf 91' lang='grc'><strong>·</strong></span> <span class='ocrx_word' id='word_1_567' title='bbox 1281 1789 1401 1824; x_wconf 83' lang='grc' dir='ltr'>ἐργάτας</span> <span class='ocrx_word' id='word_1_568' title='bbox 1413 1789 1441 1815; x_wconf 85' lang='grc' dir='ltr'>δὲ</span> <span class='ocrx_word' id='word_1_569' title='bbox 1455 1789 1612 1825; x_wconf 83' lang='grc' dir='ltr'>διαφόρους,</span> <span class='ocrx_word' id='word_1_570' title='bbox 1625 1791 1692 1822; x_wconf 77' lang='grc' dir='ltr'>τοὺς</span> <span class='ocrx_word' id='word_1_571' title='bbox 1704 1791 1733 1817; x_wconf 77' lang='grc' dir='ltr'>ὲν</span> <span class='ocrx_word' id='word_1_572' title='bbox 1745 1791 1839 1825; x_wconf 73' lang='grc' dir='ltr'>διαφό-</span> 
     </span>
    </p>
   </div>
   <div class='ocr_carea' id='block_1_91' title="bbox 1049 1833 1839 1869">
    <p class='ocr_par' dir='ltr' id='par_1_91' title="bbox 1049 1833 1839 1869">
     <span class='ocr_line' id='line_1_91' title="bbox 1049 1833 1839 1869; baseline 0.004 -9"><span class='ocrx_word' id='word_1_573' title='bbox 1049 1842 1106 1869; x_wconf 84' lang='grc' dir='ltr'>ροις</span> <span class='ocrx_word' id='word_1_574' title='bbox 1119 1833 1241 1868; x_wconf 78' lang='grc' dir='ltr'>ἡλικίαις</span> <span class='ocrx_word' id='word_1_575' title='bbox 1252 1842 1259 1849; x_wconf 88' lang='grc'><strong>·</strong></span> <span class='ocrx_word' id='word_1_576' title='bbox 1276 1834 1306 1860; x_wconf 86' lang='grc' dir='ltr'><strong>τὺ</strong></span> <span class='ocrx_word' id='word_1_577' title='bbox 1321 1834 1349 1861; x_wconf 85' lang='grc' dir='ltr'>δὲ</span> <span class='ocrx_word' id='word_1_578' title='bbox 1364 1835 1486 1869; x_wconf 73' lang='grc' dir='ltr'>εἰσάγειν</span> <span class='ocrx_word' id='word_1_579' title='bbox 1505 1835 1692 1869; x_wconf 81' lang='grc' dir='ltr'>γογγύζοντάς</span> <span class='ocrx_word' id='word_1_580' title='bbox 1707 1844 1796 1868; x_wconf 78' lang='grc' dir='ltr'>τινας,</span> <span class='ocrx_word' id='word_1_581' title='bbox 1807 1837 1839 1863; x_wconf 84' lang='grc' dir='ltr'>οὐ</span> 
     </span>
    </p>
   </div>
   <div class='ocr_carea' id='block_1_92' title="bbox 1048 1879 1840 1918">
    <p class='ocr_par' dir='ltr' id='par_1_92' title="bbox 1048 1879 1840 1918">
     <span class='ocr_line' id='line_1_92' title="bbox 1048 1879 1840 1918; baseline 0.004 -12"><span class='ocrx_word' id='word_1_582' title='bbox 1048 1880 1198 1915; x_wconf 85' lang='grc' dir='ltr'>νομίσομεν</span> <span class='ocrx_word' id='word_1_583' title='bbox 1221 1879 1314 1914; x_wconf 86' lang='grc' dir='ltr'>ἁγίους</span> <span class='ocrx_word' id='word_1_584' title='bbox 1338 1880 1445 1915; x_wconf 79' lang='grc' dir='ltr'>φθονεῖν</span> <span class='ocrx_word' id='word_1_585' title='bbox 1459 1881 1582 1908; x_wconf 81' lang='grc' dir='ltr'>ἐκεῖθεν·</span> <span class='ocrx_word' id='word_1_586' title='bbox 1602 1881 1710 1916; x_wconf 74' lang='grc' dir='ltr'>καθαρὰ</span> <span class='ocrx_word' id='word_1_587' title='bbox 1732 1883 1787 1918; x_wconf 77' lang='grc' dir='ltr'><strong>γὰρ</strong></span> <span class='ocrx_word' id='word_1_588' title='bbox 1805 1883 1840 1909; x_wconf 72' lang='grc' dir='ltr'><strong>τὰ</strong></span> 
     </span>
    </p>
   </div>
   <div class='ocr_carea' id='block_1_93' title="bbox 1049 1926 1840 1963">
    <p class='ocr_par' dir='ltr' id='par_1_93' title="bbox 1049 1926 1840 1963">
     <span class='ocr_line' id='line_1_93' title="bbox 1049 1926 1840 1963; baseline 0.003 -11"><span class='ocrx_word' id='word_1_589' title='bbox 1049 1926 1154 1952; x_wconf 76' lang='grc' dir='ltr'>ἐκεῖθεν</span> <span class='ocrx_word' id='word_1_590' title='bbox 1180 1926 1295 1960; x_wconf 71' lang='grc' dir='ltr'>φθόνου·</span> <span class='ocrx_word' id='word_1_591' title='bbox 1321 1926 1389 1953; x_wconf 79' lang='grc' dir='ltr'>ἀλλὰ</span> <span class='ocrx_word' id='word_1_592' title='bbox 1412 1927 1446 1953; x_wconf 85' lang='grc' dir='ltr'>τὰ</span> <span class='ocrx_word' id='word_1_593' title='bbox 1473 1927 1523 1962; x_wconf 85' lang='grc' dir='ltr'>τῆς</span> <span class='ocrx_word' id='word_1_594' title='bbox 1549 1927 1707 1963; x_wconf 76' lang='grc' dir='ltr'>παραϐολῆς</span> <span class='ocrx_word' id='word_1_595' title='bbox 1731 1927 1761 1954; x_wconf 85' lang='grc' dir='ltr'>οὐ</span> <span class='ocrx_word' id='word_1_596' title='bbox 1787 1927 1840 1963; x_wconf 76' lang='grc' dir='ltr'><strong>χρὴ</strong></span> 
     </span>
    </p>
   </div>
   <div class='ocr_carea' id='block_1_94' title="bbox 1049 1972 1839 2009">
    <p class='ocr_par' dir='ltr' id='par_1_94' title="bbox 1049 1972 1839 2009">
     <span class='ocr_line' id='line_1_94' title="bbox 1049 1972 1839 2009; baseline 0 -10"><span class='ocrx_word' id='word_1_597' title='bbox 1049 1972 1140 1999; x_wconf 83' lang='grc' dir='ltr'>πάντα</span> <span class='ocrx_word' id='word_1_598' title='bbox 1159 1972 1265 2007; x_wconf 79' lang='grc' dir='ltr'><strong>ζητεῖν·</strong></span> <span class='ocrx_word' id='word_1_599' title='bbox 1291 1972 1435 2008; x_wconf 80' lang='grc' dir='ltr'>παραὸολὴ</span> <span class='ocrx_word' id='word_1_600' title='bbox 1461 1973 1515 2009; x_wconf 84' lang='grc' dir='ltr'><strong>γάρ</strong></span> <span class='ocrx_word' id='word_1_601' title='bbox 1530 1973 1620 2000; x_wconf 85' lang='grc' dir='ltr'>ἐστιν·</span> <span class='ocrx_word' id='word_1_602' title='bbox 1647 1973 1681 2000; x_wconf 75' lang='grc' dir='ltr'><strong>τὰ</strong></span> <span class='ocrx_word' id='word_1_603' title='bbox 1692 1973 1720 2000; x_wconf 82' lang='grc' dir='ltr'>δὲ</span> <span class='ocrx_word' id='word_1_604' title='bbox 1735 1974 1839 2000; x_wconf 80' lang='grc' dir='ltr'>συντεί-</span> 
     </span>
    </p>
   </div>
   <div class='ocr_carea' id='block_1_95' title="bbox 1049 2019 1839 2054">
    <p class='ocr_par' dir='ltr' id='par_1_95' title="bbox 1049 2019 1839 2054">
     <span class='ocr_line' id='line_1_95' title="bbox 1049 2019 1839 2054; baseline 0 -9"><span class='ocrx_word' id='word_1_605' title='bbox 1049 2027 1128 2045; x_wconf 84' lang='grc' dir='ltr'>νοντα</span> <span class='ocrx_word' id='word_1_606' title='bbox 1157 2019 1225 2053; x_wconf 77' lang='grc' dir='ltr'>πρδς</span> <span class='ocrx_word' id='word_1_607' title='bbox 1252 2020 1353 2045; x_wconf 74' lang='grc' dir='ltr'>σκοπὸν</span> <span class='ocrx_word' id='word_1_608' title='bbox 1382 2019 1463 2054; x_wconf 87' lang='grc' dir='ltr'>μόνον</span> <span class='ocrx_word' id='word_1_609' title='bbox 1496 2019 1645 2054; x_wconf 84' lang='grc' dir='ltr'>δρέπεσθαι</span> <span class='ocrx_word' id='word_1_610' title='bbox 1672 2019 1718 2046; x_wconf 75' lang='grc' dir='ltr'>τὸν</span> <span class='ocrx_word' id='word_1_611' title='bbox 1742 2020 1839 2054; x_wconf 81' lang='grc' dir='ltr'>φθόνον</span> 
     </span>
    </p>
   </div>
   <div class='ocr_carea' id='block_1_96' title="bbox 1050 2064 1839 2100">
    <p class='ocr_par' dir='ltr' id='par_1_96' title="bbox 1050 2064 1839 2100">
     <span class='ocr_line' id='line_1_96' title="bbox 1050 2064 1839 2100; baseline 0.003 -10"><span class='ocrx_word' id='word_1_612' title='bbox 1050 2065 1097 2091; x_wconf 78' lang='grc' dir='ltr'>καὶ</span> <span class='ocrx_word' id='word_1_613' title='bbox 1118 2065 1157 2096; x_wconf 79' lang='grc' dir='ltr'><strong>εἰς</strong></span> <span class='ocrx_word' id='word_1_614' title='bbox 1186 2065 1341 2100; x_wconf 79' lang='grc' dir='ltr'>ὑπερδολὴν</span> <span class='ocrx_word' id='word_1_615' title='bbox 1366 2064 1412 2091; x_wconf 82' lang='grc' dir='ltr'><strong>τοῦ</strong></span> <span class='ocrx_word' id='word_1_616' title='bbox 1441 2065 1669 2100; x_wconf 80' lang='grc' dir='ltr'>εὖεργετηθέντος</span> <span class='ocrx_word' id='word_1_617' title='bbox 1705 2066 1839 2099; x_wconf 79' lang='grc' dir='ltr'>είσάγειὸ</span> 
     </span>
    </p>
   </div>
   <div class='ocr_carea' id='block_1_97' title="bbox 1049 2111 1138 2145">
    <p class='ocr_par' dir='ltr' id='par_1_97' title="bbox 1049 2111 1138 2145">
     <span class='ocr_line' id='line_1_97' title="bbox 1049 2111 1138 2145; baseline 0.011 -8"><span class='ocrx_word' id='word_1_618' title='bbox 1049 2111 1138 2145; x_wconf 84' lang='grc' dir='ltr'>λόγος.</span> 
     </span>
    </p>
   </div>
   <div class='ocr_carea' id='block_1_98' title="bbox 1091 2166 1839 2202">
    <p class='ocr_par' dir='ltr' id='par_1_98' title="bbox 1091 2166 1839 2202">
     <span class='ocr_line' id='line_1_98' title="bbox 1091 2166 1839 2202; baseline 0.003 -10"><span class='ocrx_word' id='word_1_619' title='bbox 1091 2166 1253 2201; x_wconf 84' lang='grc' dir='ltr'>Ἀμπελῶνα</span> <span class='ocrx_word' id='word_1_620' title='bbox 1272 2166 1307 2193; x_wconf 84' lang='grc' dir='ltr'><strong>τὰ</strong></span> <span class='ocrx_word' id='word_1_621' title='bbox 1332 2167 1509 2202; x_wconf 75' lang='grc' dir='ltr'>ἐπιτάγματα</span> <span class='ocrx_word' id='word_1_622' title='bbox 1532 2167 1580 2194; x_wconf 83' lang='grc' dir='ltr'>τοῦ</span> <span class='ocrx_word' id='word_1_623' title='bbox 1600 2166 1668 2193; x_wconf 80' lang='grc' dir='ltr'>Θεοῦ</span> <span class='ocrx_word' id='word_1_624' title='bbox 1694 2166 1771 2201; x_wconf 83' lang='grc' dir='ltr'>λέγει</span> <span class='ocrx_word' id='word_1_625' title='bbox 1791 2175 1839 2194; x_wconf 82' lang='grc' dir='ltr'><strong>και</strong></span> 
     </span>
    </p>
   </div>
   <div class='ocr_carea' id='block_1_99' title="bbox 1049 2211 1840 2248">
    <p class='ocr_par' dir='ltr' id='par_1_99' title="bbox 1049 2211 1840 2248">
     <span class='ocr_line' id='line_1_99' title="bbox 1049 2211 1840 2248; baseline 0 -10"><span class='ocrx_word' id='word_1_626' title='bbox 1049 2211 1098 2243; x_wconf 77' lang='grc' dir='ltr'><strong>τὰς</strong></span> <span class='ocrx_word' id='word_1_627' title='bbox 1123 2211 1233 2244; x_wconf 76' lang='grc' dir='ltr'>ἐντολὰς</span> <span class='ocrx_word' id='word_1_628' title='bbox 1257 2211 1359 2239; x_wconf 84' lang='grc' dir='ltr'>αὑτοῦ·</span> <span class='ocrx_word' id='word_1_629' title='bbox 1381 2213 1478 2248; x_wconf 83' lang='grc' dir='ltr'>χρόνον</span> <span class='ocrx_word' id='word_1_630' title='bbox 1499 2213 1527 2239; x_wconf 86' lang='grc' dir='ltr'>δὲ</span> <span class='ocrx_word' id='word_1_631' title='bbox 1549 2213 1598 2246; x_wconf 82' lang='grc' dir='ltr'>τῆς</span> <span class='ocrx_word' id='word_1_632' title='bbox 1623 2212 1766 2248; x_wconf 72' lang='grc' dir='ltr'>ἐργασίας,</span> <span class='ocrx_word' id='word_1_633' title='bbox 1793 2212 1840 2238; x_wconf 82' lang='grc' dir='ltr'><strong>τδν</strong></span> 
     </span>
    </p>
   </div>
   <div class='ocr_carea' id='block_1_100' title="bbox 1051 2257 1839 2293">
    <p class='ocr_par' dir='ltr' id='par_1_100' title="bbox 1051 2257 1839 2293">
     <span class='ocr_line' id='line_1_100' title="bbox 1051 2257 1839 2293; baseline 0.003 -11"><span class='ocrx_word' id='word_1_634' title='bbox 1051 2257 1173 2292; x_wconf 81' lang='grc' dir='ltr'>παρόντα</span> <span class='ocrx_word' id='word_1_635' title='bbox 1191 2257 1263 2292; x_wconf 76' lang='grc' dir='ltr'>βίον·</span> <span class='ocrx_word' id='word_1_636' title='bbox 1288 2257 1409 2293; x_wconf 83' lang='grc' dir='ltr'>ἐργάτας</span> <span class='ocrx_word' id='word_1_637' title='bbox 1433 2258 1461 2284; x_wconf 77' lang='grc' dir='ltr'>δὲ</span> <span class='ocrx_word' id='word_1_638' title='bbox 1486 2258 1632 2293; x_wconf 74' lang='grc' dir='ltr'>διαφόρους</span> <span class='ocrx_word' id='word_1_639' title='bbox 1656 2257 1839 2293; x_wconf 75' lang='grc' dir='ltr'>καλουμένους</span> 
     </span>
    </p>
   </div>
   <div class='ocr_carea' id='block_1_101' title="bbox 1050 2303 1839 2340">
    <p class='ocr_par' dir='ltr' id='par_1_101' title="bbox 1050 2303 1839 2340">
     <span class='ocr_line' id='line_1_101' title="bbox 1050 2303 1839 2340; baseline 0 -10"><span class='ocrx_word' id='word_1_640' title='bbox 1050 2303 1096 2330; x_wconf 77' lang='grc' dir='ltr'><strong>ἐπὶ</strong></span> <span class='ocrx_word' id='word_1_641' title='bbox 1111 2303 1146 2330; x_wconf 83' lang='grc' dir='ltr'>τὰ</span> <span class='ocrx_word' id='word_1_642' title='bbox 1162 2304 1361 2339; x_wconf 81' lang='grc' dir='ltr'>προστάγματα</span> <span class='ocrx_word' id='word_1_643' title='bbox 1375 2304 1437 2339; x_wconf 81' lang='grc' dir='ltr'>περὶ</span> <span class='ocrx_word' id='word_1_644' title='bbox 1449 2305 1543 2340; x_wconf 78' lang='grc' dir='ltr'>τρίτην</span> <span class='ocrx_word' id='word_1_645' title='bbox 1556 2305 1601 2330; x_wconf 75' lang='grc' dir='ltr'>καὶ</span> <span class='ocrx_word' id='word_1_646' title='bbox 1612 2304 1695 2339; x_wconf 74' lang='grc' dir='ltr'>ἕκτην</span> <span class='ocrx_word' id='word_1_647' title='bbox 1707 2303 1754 2331; x_wconf 81' lang='grc' dir='ltr'>καὶ</span> <span class='ocrx_word' id='word_1_648' title='bbox 1763 2303 1839 2330; x_wconf 78' lang='grc' dir='ltr'><strong>ὲννὰ-</strong></span> 
     </span>
    </p>
   </div>
   <div class='ocr_carea' id='block_1_102' title="bbox 1050 2349 1839 2386">
    <p class='ocr_par' dir='ltr' id='par_1_102' title="bbox 1050 2349 1839 2386">
     <span class='ocr_line' id='line_1_102' title="bbox 1050 2349 1839 2386; baseline -0.001 -10"><span class='ocrx_word' id='word_1_649' title='bbox 1050 2359 1099 2385; x_wconf 88' lang='grc' dir='ltr'><strong>την</strong></span> <span class='ocrx_word' id='word_1_650' title='bbox 1113 2349 1186 2385; x_wconf 87' lang='grc' dir='ltr'>ὥραν</span> <span class='ocrx_word' id='word_1_651' title='bbox 1200 2350 1246 2376; x_wconf 78' lang='grc' dir='ltr'>καὶ</span> <span class='ocrx_word' id='word_1_652' title='bbox 1263 2350 1421 2385; x_wconf 74' lang='grc' dir='ltr'>ἑνδεκάτην,</span> <span class='ocrx_word' id='word_1_653' title='bbox 1439 2352 1502 2382; x_wconf 78' lang='grc' dir='ltr'>τοὺς</span> <span class='ocrx_word' id='word_1_654' title='bbox 1517 2351 1545 2377; x_wconf 80' lang='grc' dir='ltr'>ὲν</span> <span class='ocrx_word' id='word_1_655' title='bbox 1559 2350 1698 2386; x_wconf 73' lang='grc' dir='ltr'>διαφόροις</span> <span class='ocrx_word' id='word_1_656' title='bbox 1718 2349 1839 2386; x_wconf 80' lang='grc' dir='ltr'>ἡλικίαις</span> 
     </span>
    </p>
   </div>
   <div class='ocr_carea' id='block_1_103' title="bbox 1051 2396 1511 2432">
    <p class='ocr_par' dir='ltr' id='par_1_103' title="bbox 1051 2396 1511 2432">
     <span class='ocr_line' id='line_1_103' title="bbox 1051 2396 1511 2432; baseline 0.004 -10"><span class='ocrx_word' id='word_1_657' title='bbox 1051 2396 1250 2431; x_wconf 77' lang='grc' dir='ltr'>προσελθόντας</span> <span class='ocrx_word' id='word_1_658' title='bbox 1265 2396 1511 2432; x_wconf 77' lang='grc' dir='ltr'>εὐδοκιμήσαντας.</span> 
     </span>
    </p>
   </div>
   <div class='ocr_carea' id='block_1_104' title="bbox 1078 2441 1839 2477">
    <p class='ocr_par' dir='ltr' id='par_1_104' title="bbox 1078 2441 1839 2477">
     <span class='ocr_line' id='line_1_104' title="bbox 1078 2441 1839 2477; baseline -0.001 -9"><span class='ocrx_word' id='word_1_659' title='bbox 1078 2441 1114 2468; x_wconf 85' lang='grc' dir='ltr'>Τδ</span> <span class='ocrx_word' id='word_1_660' title='bbox 1130 2441 1343 2477; x_wconf 82' lang='grc' dir='ltr'>προσκαλεῖσθαι</span> <span class='ocrx_word' id='word_1_661' title='bbox 1360 2443 1404 2468; x_wconf 79' lang='grc' dir='ltr'>τὸν</span> <span class='ocrx_word' id='word_1_662' title='bbox 1426 2442 1475 2477; x_wconf 77' lang='grc' dir='ltr'>μὲν</span> <span class='ocrx_word' id='word_1_663' title='bbox 1496 2441 1604 2477; x_wconf 85' lang='grc' dir='ltr'>τρίτην,</span> <span class='ocrx_word' id='word_1_664' title='bbox 1623 2442 1670 2468; x_wconf 79' lang='grc' dir='ltr'>τὸν</span> <span class='ocrx_word' id='word_1_665' title='bbox 1688 2441 1716 2468; x_wconf 80' lang='grc' dir='ltr'>δὲ</span> <span class='ocrx_word' id='word_1_666' title='bbox 1743 2441 1839 2475; x_wconf 64' lang='grc' dir='ltr'>ἕκτην,</span> 
     </span>
    </p>
   </div>
   <div class='ocr_carea' id='block_1_105' title="bbox 1049 2487 1829 2524">
    <p class='ocr_par' dir='ltr' id='par_1_105' title="bbox 1049 2487 1829 2524">
     <span class='ocr_line' id='line_1_105' title="bbox 1049 2487 1829 2524; baseline -0.003 -10"><span class='ocrx_word' id='word_1_667' title='bbox 1049 2487 1094 2514; x_wconf 79' lang='grc' dir='ltr'>τὸν</span> <span class='ocrx_word' id='word_1_668' title='bbox 1109 2488 1138 2514; x_wconf 82' lang='grc' dir='ltr'>δὲ</span> <span class='ocrx_word' id='word_1_669' title='bbox 1153 2488 1277 2522; x_wconf 78' lang='grc' dir='ltr'>ὲννάτην,</span> <span class='ocrx_word' id='word_1_670' title='bbox 1290 2488 1320 2514; x_wconf 86' lang='grc' dir='ltr'>οὑ</span> <span class='ocrx_word' id='word_1_671' title='bbox 1330 2488 1524 2524; x_wconf 81' lang='grc' dir='ltr'>προκρίνοντός</span> <span class='ocrx_word' id='word_1_672' title='bbox 1538 2489 1612 2515; x_wconf 71' lang='grc' dir='ltr'>ἐστιν</span> <span class='ocrx_word' id='word_1_673' title='bbox 1627 2487 1740 2519; x_wconf 76' lang='grc' dir='ltr'>ἀδίκως,</span> <span class='ocrx_word' id='word_1_674' title='bbox 1759 2487 1829 2514; x_wconf 79' lang='grc' dir='ltr'>ἀλλὰ</span> 
     </span>
    </p>
   </div>
   <div class='ocr_carea' id='block_1_106' title="bbox 1050 2529 1839 2568">
    <p class='ocr_par' dir='ltr' id='par_1_106' title="bbox 1050 2529 1839 2568">
     <span class='ocr_line' id='line_1_106' title="bbox 1050 2529 1839 2568; baseline -0.005 -8"><span class='ocrx_word' id='word_1_675' title='bbox 1050 2533 1229 2567; x_wconf 82' lang='grc' dir='ltr'>γινώσκοντος</span> <span class='ocrx_word' id='word_1_676' title='bbox 1250 2534 1294 2560; x_wconf 79' lang='grc' dir='ltr'>ὅτε</span> <span class='ocrx_word' id='word_1_677' title='bbox 1309 2532 1421 2568; x_wconf 75' lang='grc' dir='ltr'>ἔμελλον</span> <span class='ocrx_word' id='word_1_678' title='bbox 1438 2531 1593 2559; x_wconf 83' lang='grc' dir='ltr'>ὑπακοῦσαι</span> <span class='ocrx_word' id='word_1_679' title='bbox 1623 2531 1698 2566; x_wconf 85' lang='grc' dir='ltr'>αὐτῷ</span> <span class='ocrx_word' id='word_1_680' title='bbox 1712 2539 1719 2546; x_wconf 90' lang='grc'><strong>·</strong></span> <span class='ocrx_word' id='word_1_681' title='bbox 1751 2529 1839 2561; x_wconf 77' lang='grc' dir='ltr'>οὕτως</span> 
     </span>
    </p>
   </div>
   <div class='ocr_carea' id='block_1_107' title="bbox 1050 2576 1838 2614">
    <p class='ocr_par' dir='ltr' id='par_1_107' title="bbox 1050 2576 1838 2614">
     <span class='ocr_line' id='line_1_107' title="bbox 1050 2576 1838 2614; baseline -0.006 -8"><span class='ocrx_word' id='word_1_682' title='bbox 1050 2580 1098 2606; x_wconf 80' lang='grc' dir='ltr'><strong>καὶ</strong></span> <span class='ocrx_word' id='word_1_683' title='bbox 1123 2580 1137 2606; x_wconf 89' lang='grc' dir='ltr'><strong>ό</strong></span> <span class='ocrx_word' id='word_1_684' title='bbox 1165 2579 1271 2610; x_wconf 80' lang='grc' dir='ltr'>Παῦλος</span> <span class='ocrx_word' id='word_1_685' title='bbox 1299 2579 1349 2606; x_wconf 85' lang='grc' dir='ltr'>οὒκ</span> <span class='ocrx_word' id='word_1_686' title='bbox 1373 2581 1405 2606; x_wconf 80' lang='grc' dir='ltr'>ἐκ</span> <span class='ocrx_word' id='word_1_687' title='bbox 1433 2578 1586 2614; x_wconf 75' lang='grc' dir='ltr'>προοιμίων</span> <span class='ocrx_word' id='word_1_688' title='bbox 1610 2576 1754 2611; x_wconf 76' lang='grc' dir='ltr'>ἐκέκλητο,</span> <span class='ocrx_word' id='word_1_689' title='bbox 1779 2576 1838 2602; x_wconf 76' lang='grc' dir='ltr'>ἀλλ’</span> 
     </span>
    </p>
   </div>
   <div class='ocr_carea' id='block_1_108' title="bbox 1049 2622 1839 2661">
    <p class='ocr_par' dir='ltr' id='par_1_108' title="bbox 1049 2622 1839 2661">
     <span class='ocr_line' id='line_1_108' title="bbox 1049 2622 1839 2661; baseline -0.005 -9"><span class='ocrx_word' id='word_1_690' title='bbox 1049 2627 1092 2653; x_wconf 77' lang='grc' dir='ltr'>ὅτε</span> <span class='ocrx_word' id='word_1_691' title='bbox 1102 2626 1214 2661; x_wconf 80' lang='grc' dir='ltr'>ἔμελλεν</span> <span class='ocrx_word' id='word_1_692' title='bbox 1224 2625 1434 2661; x_wconf 82' lang='grc' dir='ltr'>πεισθήσεσθαι·</span> <span class='ocrx_word' id='word_1_693' title='bbox 1450 2625 1491 2652; x_wconf 78' lang='grc' dir='ltr'>ὅτι</span> <span class='ocrx_word' id='word_1_694' title='bbox 1531 2625 1559 2651; x_wconf 77' lang='grc' dir='ltr'>δὲ</span> <span class='ocrx_word' id='word_1_695' title='bbox 1577 2624 1680 2655; x_wconf 85' lang='grc' dir='ltr'>πάντας</span> <span class='ocrx_word' id='word_1_696' title='bbox 1695 2622 1791 2659; x_wconf 73' lang='grc' dir='ltr'>ἢθελεν</span> <span class='ocrx_word' id='word_1_697' title='bbox 1811 2622 1839 2654; x_wconf 75' lang='grc' dir='ltr'><strong>ιε</strong></span> 
     </span>
    </p>
   </div>
   <div class='ocr_carea' id='block_1_109' title="bbox 1050 2667 1839 2708">
    <p class='ocr_par' dir='ltr' id='par_1_109' title="bbox 1050 2667 1839 2708">
     <span class='ocr_line' id='line_1_109' title="bbox 1050 2667 1839 2708; baseline -0.006 -9"><span class='ocrx_word' id='word_1_698' title='bbox 1050 2673 1136 2708; x_wconf 84' lang='grc' dir='ltr'>ἀρχῆς</span> <span class='ocrx_word' id='word_1_699' title='bbox 1160 2671 1358 2708; x_wconf 80' lang='grc' dir='ltr'>μισθώσασθαι,</span> <span class='ocrx_word' id='word_1_700' title='bbox 1398 2670 1472 2705; x_wconf 80' lang='grc' dir='ltr'>λέγει</span> <span class='ocrx_word' id='word_1_701' title='bbox 1504 2671 1552 2697; x_wconf 75' lang='grc' dir='ltr'>καὶ</span> <span class='ocrx_word' id='word_1_702' title='bbox 1575 2670 1592 2705; x_wconf 84' lang='grc' dir='ltr'><strong>ὴ</strong></span> <span class='ocrx_word' id='word_1_703' title='bbox 1627 2668 1781 2704; x_wconf 69' lang='grc' dir='ltr'>παραϐολὴ,</span> <span class='ocrx_word' id='word_1_704' title='bbox 1799 2667 1839 2693; x_wconf 79' lang='grc' dir='ltr'>ὅτι</span> 
     </span>
    </p>
   </div>
   <div class='ocr_carea' id='block_1_110' title="bbox 1055 2713 1839 2753">
    <p class='ocr_par' dir='ltr' id='par_1_110' title="bbox 1055 2713 1839 2753">
     <span class='ocr_line' id='line_1_110' title="bbox 1055 2713 1839 2753; baseline -0.009 -7"><span class='ocrx_word' id='word_1_705' title='bbox 1055 2719 1202 2753; x_wconf 75' lang='grc' dir='ltr'>Ἐξῆλθεν</span> <span class='ocrx_word' id='word_1_706' title='bbox 1222 2718 1274 2745; x_wconf 82' lang='grc' dir='ltr'>τοῦ</span> <span class='ocrx_word' id='word_1_707' title='bbox 1283 2717 1506 2753; x_wconf 83' lang='grc' dir='ltr'>μισθώσασθαι.</span> <span class='ocrx_word' id='word_1_708' title='bbox 1517 2717 1563 2744; x_wconf 73' lang='grc' dir='ltr'>καὶ</span> <span class='ocrx_word' id='word_1_709' title='bbox 1575 2716 1616 2743; x_wconf 83' lang='grc' dir='ltr'>ὅτι</span> <span class='ocrx_word' id='word_1_710' title='bbox 1627 2716 1730 2746; x_wconf 75' lang='grc' dir='ltr'>ἐκεῖνος</span> <span class='ocrx_word' id='word_1_711' title='bbox 1743 2713 1839 2750; x_wconf 65' lang='grc' dir='ltr'>ἤθελεν</span> 
     </span>
    </p>
   </div>
   <div class='ocr_carea' id='block_1_111' title="bbox 1051 2761 1770 2800">
    <p class='ocr_par' dir='ltr' id='par_1_111' title="bbox 1051 2761 1770 2800">
     <span class='ocr_line' id='line_1_111' title="bbox 1051 2761 1770 2800; baseline -0.007 -8"><span class='ocrx_word' id='word_1_712' title='bbox 1051 2764 1221 2800; x_wconf 84' lang='grc' dir='ltr'>μισθωθῆναι</span> <span class='ocrx_word' id='word_1_713' title='bbox 1252 2764 1326 2799; x_wconf 77' lang='grc' dir='ltr'>λέγει</span> <span class='ocrx_word' id='word_1_714' title='bbox 1338 2772 1345 2779; x_wconf 87' lang='grc'><strong>·</strong></span> <span class='ocrx_word' id='word_1_715' title='bbox 1367 2762 1472 2796; x_wconf 78' lang='grc' dir='ltr'><strong>Οὐδεὶς</strong></span> <span class='ocrx_word' id='word_1_716' title='bbox 1482 2761 1560 2798; x_wconf 77' lang='grc' dir='ltr'>ἡμᾶς</span> <span class='ocrx_word' id='word_1_717' title='bbox 1572 2761 1770 2797; x_wconf 82' lang='grc' dir='ltr'>ἐμισθώσατο.</span> 
     </span>
    </p>
   </div>
   <div class='ocr_carea' id='block_1_112' title="bbox 1077 2815 1838 2854">
    <p class='ocr_par' dir='ltr' id='par_1_112' title="bbox 1077 2815 1838 2854">
     <span class='ocr_line' id='line_1_112' title="bbox 1077 2815 1838 2854; baseline -0.005 -8"><span class='ocrx_word' id='word_1_718' title='bbox 1077 2819 1115 2847; x_wconf 76' lang='grc' dir='ltr'><strong>Τὸ</strong></span> <span class='ocrx_word' id='word_1_719' title='bbox 1138 2819 1219 2850; x_wconf 77' lang='grc' dir='ltr'>εὐθὺς</span> <span class='ocrx_word' id='word_1_720' title='bbox 1244 2818 1312 2853; x_wconf 82' lang='grc' dir='ltr'>μετὰ</span> <span class='ocrx_word' id='word_1_721' title='bbox 1336 2818 1387 2854; x_wconf 82' lang='grc' dir='ltr'>τὴν</span> <span class='ocrx_word' id='word_1_722' title='bbox 1424 2817 1583 2853; x_wconf 74' lang='grc' dir='ltr'>παραϐολὴν</span> <span class='ocrx_word' id='word_1_723' title='bbox 1613 2815 1772 2851; x_wconf 79' lang='grc' dir='ltr'>λεγόμενον,</span> <span class='ocrx_word' id='word_1_724' title='bbox 1797 2816 1838 2843; x_wconf 78' lang='grc' dir='ltr'>ὅτι</span> 
     </span>
    </p>
   </div>
   <div class='ocr_carea' id='block_1_113' title="bbox 1052 2862 1839 2899">
    <p class='ocr_par' dir='ltr' id='par_1_113' title="bbox 1052 2862 1839 2899">
     <span class='ocr_line' id='line_1_113' title="bbox 1052 2862 1839 2899; baseline -0.006 -6"><span class='ocrx_word' id='word_1_725' title='bbox 1052 2866 1150 2899; x_wconf 78' lang='grc' dir='ltr'>οὕτως</span> <span class='ocrx_word' id='word_1_726' title='bbox 1158 2865 1281 2893; x_wconf 71' lang='grc' dir='ltr'>ἔσονται</span> <span class='ocrx_word' id='word_1_727' title='bbox 1294 2866 1321 2892; x_wconf 81' lang='grc' dir='ltr'>οὶ</span> <span class='ocrx_word' id='word_1_728' title='bbox 1329 2865 1453 2899; x_wconf 76' lang='grc' dir='ltr'>ἔσχατοι</span> <span class='ocrx_word' id='word_1_729' title='bbox 1466 2863 1588 2899; x_wconf 76' lang='grc' dir='ltr'>πρῶτοι,</span> <span class='ocrx_word' id='word_1_730' title='bbox 1599 2863 1629 2889; x_wconf 80' lang='grc' dir='ltr'>οὗ</span> <span class='ocrx_word' id='word_1_731' title='bbox 1638 2864 1679 2890; x_wconf 75' lang='grc' dir='ltr'><strong>δεῖ</strong></span> <span class='ocrx_word' id='word_1_732' title='bbox 1689 2862 1839 2897; x_wconf 79' lang='grc' dir='ltr'>Θαυμάζειν</span> 
     </span>
    </p>
   </div>
   <div class='ocr_carea' id='block_1_114' title="bbox 1049 2908 1838 2947">
    <p class='ocr_par' dir='ltr' id='par_1_114' title="bbox 1049 2908 1838 2947">
     <span class='ocr_line' id='line_1_114' title="bbox 1049 2908 1838 2947; baseline -0.006 -7"><span class='ocrx_word' id='word_1_733' title='bbox 1049 2912 1086 2944; x_wconf 86' lang='grc' dir='ltr'>ὼς</span> <span class='ocrx_word' id='word_1_734' title='bbox 1102 2911 1138 2947; x_wconf 79' lang='grc' dir='ltr'>μὴ</span> <span class='ocrx_word' id='word_1_735' title='bbox 1153 2911 1334 2947; x_wconf 81' lang='grc' dir='ltr'>συναγόμενον</span> <span class='ocrx_word' id='word_1_736' title='bbox 1345 2911 1377 2938; x_wconf 81' lang='grc' dir='ltr'>ὲκ</span> <span class='ocrx_word' id='word_1_737' title='bbox 1387 2911 1435 2947; x_wconf 83' lang='grc' dir='ltr'>τῆς</span> <span class='ocrx_word' id='word_1_738' title='bbox 1453 2908 1619 2946; x_wconf 80' lang='grc' dir='ltr'>παραϐολῆς,</span> <span class='ocrx_word' id='word_1_739' title='bbox 1634 2909 1702 2936; x_wconf 79' lang='grc' dir='ltr'>ἀλλὰ</span> <span class='ocrx_word' id='word_1_740' title='bbox 1718 2909 1759 2936; x_wconf 81' lang='grc' dir='ltr'>δεῖ</span> <span class='ocrx_word' id='word_1_741' title='bbox 1769 2909 1838 2935; x_wconf 79' lang='grc' dir='ltr'>νοεῖν</span> 
     </span>
    </p>
   </div>
  </div>
