2075 3157
224 173 290 206 1141

720 176 880 206 SCIIOLIA
900 177 1048 208 VETERA
1068 177 1109 207 IN
1130 175 1365 207 MATTHJEUM.

1783 174 1851 209 1142

221 232 262 258 ὃτι
273 231 369 266 ὥσπερ
378 230 455 258 τοῦτο
470 231 579 268 συνέϐη,
589 231 691 267 ’φησὶ-ι,
704 231 788 264 οὕτως
803 233 915 259 κακεῖνο
931 234 1011 268 γενή-

1072 239 1126 267 tere
1151 231 1226 266 quia,
1243 231 1320 263 sicut,
1330 229 1397 258 illud
1413 229 1523 263 accidit,
1547 230 1587 258 sic
1613 234 1640 258 et
1662 231 1715 258 hoc
1743 238 1853 267 quoque

222 285 310 304 σεται.

256 322 316 358 Χρὴ
332 322 432 350 ειδέναι
463 323 505 350 ὅτι
518 323 545 349 αῑ
570 323 724 359 παραϐολαὶ
741 319 822 350 αὗται
849 322 905 351 οἷον
922 324 939 359 ἡ
956 324 1011 352 τῶν

223 367 377 402 παρθένων,
391 368 408 403 ἠ
424 368 472 403 τῆς
485 369 616 404 σαγήνης,
646 370 662 404 ή
687 369 741 396 τῶν
770 369 907 403 ἀκανθῶν,
930 371 947 405 ἡ
963 369 1011 397 τοῦ

223 412 331 447 δένδρου
355 412 402 440 τοῦ
423 413 561 449 ἀκάρπου,
577 415 626 450 τὴν
642 416 696 442 ἀπὸ
719 415 773 443 τῶν
795 415 883 451 ἔργων
911 416 1013 452 ἀρετὴν

223 459 408 494 ἐπιζητοῦσιν.

258 516 307 543 Διὰ
319 516 347 542 τί
365 516 436 551 μετὰ
450 517 585 553 τοσαύτης
614 519 774 553 περιουσίας
800 519 847 546 νῦν
877 519 1013 546 ἐπιὸαίνει

225 562 279 593 τοῖς
298 560 512 597 Ὶεροσολύμοιςς
535 563 611 590 Ἐπεὶ
632 563 695 590 τότε
727 564 776 599 μὲν
815 565 948 600 προοίμια
977 563 1012 601 ἧν

225 607 392 643 οἰκονομίας,
403 608 451 635 νῦν
475 609 503 636 δὲ
514 609 559 636 ὅτε
572 609 623 644 τῆς
635 609 718 636 αὑτοῦ
741 610 885 645 δυνάμεως
914 613 1014 647 πεῖραν

225 653 320 685 ἔδωκε,
334 654 403 689 μετὰ
417 654 540 686 πλείονος
551 656 731 690 περιφανείας
745 656 854 691 ἔρχεται
865 664 871 672 ·
889 657 952 684 ἐπεὶ
967 659 1015 684 καὶ

224 701 239 726 ὸ
254 700 369 735 σταυρὸς
383 702 412 727 ὲν
426 700 523 736 θύραις
539 699 584 738 ἦν,
600 702 635 729 τὰ
647 702 780 737 μέλλοντα
804 703 896 736 αὐτοῖς
922 704 1015 732 ἐκδαί-

224 754 281 772 νειν
305 746 381 773 mea
386 746 444 773 ικνύ
448 755 540 782 μενος.

255 791 304 817 Διὰ
315 791 374 818 τίοι
383 791 437 818 υίοὶ
452 792 596 819 Ζεϐεδαίου
607 792 758 829 προσῆλθον
772 793 848 830 αὺτῷ
871 794 937 829 περὶ
950 803 1016 829 προ-

225 835 318 871 εδρίας
335 837 540 872 διαλεγόμενοι;
558 838 680 874 Ἐπειδὴ,
692 838 783 871 καθώς
810 848 895 874 φησιν
920 839 1015 876 ἕτερος

226 882 432 919 εὐαγγελιστὴς,
448 884 493 911 διὰ
507 885 538 912 τὸ
551 885 636 919 ἐγγὺς
664 883 734 913 εἶναι
755 885 805 921 τὴν
826 886 1013 922 Ἰερουσαλὴμ,

224 929 299 956 δοκεί
311 931 352 956 ὅτι
367 930 414 957 καὶ
431 931 447 965 ἠ
464 930 587 966 βασιλεία
601 931 685 958 αὐτοῦ
697 932 780 966 ἐγγύς
799 933 873 959 ἐστιν
883 941 890 948 ο
917 933 942 959 εί
956 933 985 960 δὲ
1001 933 1015 959 ὁ

225 975 421 1010 εὐαγγελιστὴς
433 973 511 1008 οὗτος
522 976 587 1012 περὶ
602 977 652 1012 τῆς
668 978 772 1013 μητρὸς
783 978 874 1004 αὐτῶν
884 978 958 1012 λέγει
973 978 1014 1005 ὃτι

225 1020 293 1055 αὐτὴ
307 1021 437 1056 ᾐτήσατο,
459 1022 498 1054 ὡς
521 1021 552 1054 ἐξ
578 1022 743 1058 ἀμφοτέρων
763 1024 909 1058 γενόμενον
937 1023 1016 1050 τοῦτο

226 1065 312 1100 εἶπεν,
331 1068 374 1094 ἵνα
386 1068 468 1095 πλέον
495 1068 662 1104 δυσωπηθῇ·
688 1069 836 1105 ᾐσχύνοντο
861 1070 915 1106 γὰρ
941 1070 1015 1106 μόνοι

227 1112 305 1140 τοῦτο
316 1114 417 1148 λέγειν.

257 1168 294 1194 Τὺ
309 1169 396 1196 εἰπεῖν
413 1170 504 1202 αὐτὸν,
531 1172 592 1199 οὐκ
613 1172 713 1200 cloare
727 1172 756 1199 τι
784 1172 924 1204 αἰτεῖσθε,
956 1172 1017 1198 ἀντὶ

227 1214 284 1248 τοῦ,
300 1214 377 1241 οὐδὲν
397 1218 592 1252 πνευματικὸν,
613 1218 705 1252 φησιν.
723 1218 754 1245 El
777 1218 806 1245 δὲ
828 1219 875 1245 καὶ
887 1218 951 1253 περὶ
967 1217 1017 1253 τῆς

228 1260 284 1287 ἄνω
300 1260 379 1296 δόξης
398 1262 490 1297 ᾔτουν,
509 1263 568 1290 οὐδὲ
583 1264 668 1296 οὕτως
687 1263 778 1295 καλῶς
802 1264 893 1300 ᾔτουν.
919 1264 975 1299 Τὴν
989 1263 1017 1290 δὲ

228 1307 374 1343 προεδρίαν
387 1310 498 1344 ἐζήτουν
511 1310 565 1337 τῶν
575 1311 673 1344 ἄλλων,
685 1311 778 1345 ἐπειδὴ
791 1309 878 1344 εἶπεν,
890 1311 930 1338 ὅτι
944 1312 1018 1338 Καθ-

228 1353 322 1380 ιεῖσθε
346 1353 396 1380 ἐπὶ
410 1353 523 1381 δώδεκα
537 1355 675 1389 θρόνους,
690 1356 727 1391 μὴ
741 1356 902 1390 νομίσαντες
912 1356 953 1388 τὸ,
970 1357 1018 1383 Δο-

228 1399 407 1435 ξασθήσεσθε,
421 1401 455 1427 δι’
468 1401 580 1437 ἀρετὴν,
595 1401 663 1428 ἀλλὰ
676 1402 718 1434 τὸ,
734 1401 854 1428 Καθίσαι
864 1410 871 1416 ’
887 1401 936 1428 καὶ
955 1401 1016 1436 κρί-

229 1454 330 1478 νοντες,
343 1447 380 1481 μὴ
394 1447 539 1483 νοήσαντες
551 1448 601 1485 ἰὼ,
632 1447 861 1483 Κατακρίνοντες,
879 1447 948 1474 ἀλλὰ
976 1447 1016 1480 τὸ,

229 1491 400 1524 Δικὰζοντες.

1061 279 1118 306 ﬁet.

1096 325 1210 360 Oportet
1226 325 1298 354 scire
1322 325 1372 352 has
1397 325 1552 360 parabolas,
1572 325 1670 360 quales
1686 329 1752 353 sunt
1771 324 1854 360 virgi-

1062 379 1140 402 num.
1155 378 1274 406 sugente,
1299 370 1452 405 spinarum,
1470 375 1518 397 aut
1534 370 1641 398 arboris
1659 370 1763 398 sterilis
1775 389 1782 402 ,
1798 369 1855 398 vir-

1062 420 1148 444 tutem
1164 416 1199 444 ab
1212 416 1343 451 operibus
1358 415 1476 451 exigere.

1100 517 1184 546 Vsus.
1203 518 1246 545 17.
1259 518 1315 546 Cur
1329 525 1390 546 cum
1409 522 1485 545 tanto
1499 519 1630 545 comitatu
1645 525 1719 546 nunc
1730 517 1856 545 ascendit

1064 564 1301 601 Hierosolymam?
1325 563 1394 592 Cum
1429 569 1495 592 tunc
1525 564 1636 599 quidem
1666 565 1744 591 initia
1772 566 1853 591 erant

1065 611 1284 646 praedicationis,
1307 618 1379 638 nunc
1403 615 1513 642 autem,
1544 617 1606 637 cum
1628 617 1686 637 sua:
1711 609 1854 644 potestatis

1066 656 1242 692 probationes
1263 656 1347 689 dedit,
1376 663 1439 683 cum
1468 656 1572 691 majore
1597 656 1741 690 splendore
1767 655 1854 682 venit.

1066 702 1134 730 Nam
1148 707 1176 729 et
1190 709 1258 729 crux
1278 701 1403 736 proxima
1417 706 1487 734 erat,
1504 709 1565 737 quae
1581 701 1635 729 illis
1648 701 1756 729 evenire
1771 701 1855 729 debe-

1066 748 1133 775 bant
1147 747 1305 774 ostendens.

1102 792 1182 821 Vns.
1196 792 1241 820 20.
1259 793 1316 820 Cur
1331 792 1379 820 lilii
1393 793 1518 821 Zebedaei
1536 793 1569 820 ad
1581 793 1658 820 illum
1676 795 1857 820 accesserunt

1067 840 1101 868 de
1115 840 1320 875 praeeminentia
1334 840 1505 875 alloquentes
1519 839 1531 866 τ
1550 839 1631 872 Quia,
1647 843 1677 866 ut
1701 837 1768 865 dicit
1784 837 1856 864 alius

1068 886 1247 921 evangelista.
1268 886 1507 922 appropinquabat
1519 884 1729 920 Hierosolymis,
1748 883 1856 910 videtur

1068 932 1131 967 quia
1143 940 1256 968 regnum
1269 931 1329 967 ejus
1357 938 1442 966 prope
1461 935 1502 958 est
1521 938 1528 956 :
1554 930 1576 957 si
1606 937 1670 957 vero
1691 927 1859 963 evangelista

1067 978 1118 1005 iste
1129 978 1162 1005 de
1181 982 1266 1005 matre
1283 985 1379 1005 eorum
1392 975 1459 1004 dicit
1478 975 1551 1010 quod
1570 975 1628 1010 ipsa
1643 974 1762 1010 petierit,
1777 973 1858 1007 quasi

1066 1031 1099 1050 ex
1115 1024 1244 1060 utrinque
1267 1023 1365 1051 factam
1377 1030 1438 1050 esse
1447 1022 1605 1058 petitionem
1621 1020 1719 1052 innuit,
1731 1024 1760 1046 ut
1772 1017 1860 1053 magis

1067 1069 1155 1105 turpis
1184 1069 1331 1101 videatur;
1364 1068 1482 1103 pudebat
1509 1067 1582 1095 enim
1616 1066 1678 1094 illos
1691 1065 1765 1093 solos
1793 1064 1856 1092 talia

1067 1116 1170 1145 dicere.

1105 1172 1187 1200 Vens.
1200 1171 1245 1199 22.
1261 1171 1325 1200 Haec
1340 1171 1433 1204 verba,
1463 1169 1578 1198 Nescitis
1593 1169 1656 1205 quid
1672 1168 1781 1203 petatis.
1799 1174 1861 1202 pro.

1069 1218 1138 1245 nihil
1154 1218 1298 1253 spirituale
1308 1217 1411 1253 petitis,
1435 1217 1559 1244 adhibet.
1579 1215 1608 1243 Si
1634 1223 1699 1243 vero
1711 1215 1745 1242 de
1770 1214 1858 1250 gloria

1069 1264 1175 1292 cmlesti
1199 1263 1372 1299 petivissent,
1405 1271 1458 1291 non
1485 1263 1598 1298 pulchre
1621 1262 1657 1290 ita
1688 1261 1860 1297 petivissent;

1069 1307 1302 1344 praeminentium
1323 1313 1413 1334 autem
1446 1307 1609 1342 expetebant
1628 1313 1683 1341 pne
1701 1304 1772 1338 aliis,
1794 1312 1863 1340 quo-

1070 1355 1143 1381 niam
1155 1353 1242 1380 dixit:
1255 1352 1384 1380 Sedebilis
1401 1360 1479 1387 super
1492 1352 1565 1379 sedes
1582 1351 1731 1384 duodecim,
1746 1358 1801 1378 non
1819 1349 1863 1377 in-

1071 1400 1221 1435 telligentes
1243 1399 1320 1432 illud,
1346 1398 1576 1434 gloriﬁcabimini,
1592 1397 1628 1425 ob
1639 1397 1782 1428 virtutem,
1813 1395 1861 1423 sed

1070 1446 1106 1473 ob
1121 1445 1203 1472 altam
1219 1445 1310 1473 sedem
1325 1453 1332 1478 ;
1348 1449 1385 1478 et,
1396 1445 1473 1476 illud.
1492 1443 1657 1478 judicantcs,
1686 1450 1740 1469 non
1761 1440 1863 1469 intelli-

1071 1496 1166 1527 gentcs
1184 1495 1214 1518 ut
1229 1491 1453 1523 condemnantes,
1468 1490 1515 1517 sed
1531 1493 1561 1517 ut
1575 1488 1711 1524 judicium
1729 1494 1862 1516 exercen-

1072 1541 1125 1563 tes.

267 1593 314 1626 Τδ,
333 1593 468 1620 Δύνασθε
493 1593 527 1620 τὸ
557 1593 712 1628 ποτήριον,
729 1594 744 1621 ὅ
756 1594 814 1629 ἐγὼ
835 1594 912 1621 πίνω
927 1594 1018 1626 πιεῖν,

1111 1589 1226 1618 Potestis
1238 1581 1323 1618 bibere
1338 1590 1446 1617 calicem
1471 1598 1548 1625 quem
1571 1597 1617 1625 ego
1633 1589 1764 1616 bibiturus
1786 1587 1865 1614 sum!

230 1637 279 1669 τὰς
300 1638 408 1673 σφαγὰς
425 1638 529 1670 καὶτὰς
549 1638 683 1674 βασάνους
711 1638 844 1673 λέγεικαὶ
868 1640 899 1666 τὸ
916 1639 1022 1676 μαρτύ-

231 1691 306 1719 ριον’
326 1684 459 1719 ποτήριον
475 1684 504 1710 δὲ
519 1681 597 1710 εἶπεν
613 1685 692 1717 αὐτὸ,
723 1685 768 1712 ἵνα
794 1686 1021 1722 προθυμοτέρους

230 1729 332 1764 ποιήσῃ
346 1728 385 1763 τῷ
394 1728 496 1764 εὐκόλῳ
505 1728 550 1755 τοῦ
565 1729 656 1763 λόγου,
665 1730 711 1756 καὶ
723 1731 791 1765 πρὸς
802 1731 897 1758 ἑαυτὸν
908 1731 1022 1766 ἐφελκύ-

231 1780 312 1808 σηται
327 1782 335 1789 ·
350 1774 396 1800 καὶ
411 1774 552 1810 βάπτισμα
569 1775 596 1802 δὲ
608 1777 674 1802 αὐτὸ
700 1777 788 1810 καλεῖ,
808 1777 846 1809 ὡς
871 1778 1022 1814 καθάρσιον

231 1820 280 1853 τῆς
299 1820 472 1856 οἰκουμένης.

258 1866 312 1892 Καὶ
327 1868 385 1898 πῶς
399 1868 482 1902 λέγει,
495 1870 556 1896 οὐκ
568 1871 655 1897 ἐστιν
666 1870 740 1905 ἐμὸν
747 1870 873 1904 ὃοῦναι;
890 1872 1022 1908 Ἐπείπερ

231 1911 281 1937 οὐκ
295 1910 368 1938 ἐστιν
379 1911 440 1938 οὔτε
454 1913 558 1939 ἐκεῖθεν
572 1914 683 1949 τοιαύτη
700 1915 820 1951 καθέδρα
833 1923 840 1930 θ
856 1916 872 1951 ἦ
887 1916 968 1952 δῆλον
981 1918 1022 1945 ὃτι

233 1957 301 1992 πρὸς
315 1958 364 1993 τὴν
375 1959 503 1985 ὑπόνοιαν
515 1959 589 1993 λέγει
605 1961 839 1994 συγκαταϐαίνων.
852 1963 889 1988 Τὸ
910 1963 950 1995 δὲ,
972 1961 1023 1996 Οἷς

234 2003 422 2038 ἡτοίμασται,
439 2005 470 2030 ὲκ
486 2005 540 2030 τῶν
553 2005 643 2031 πόνων
657 2006 702 2031 καὶ
719 2007 773 2032 τῶν
787 2007 908 2042 ἱδρώτων
919 2017 926 2023 ·
944 2008 1023 2036 τοῦτο

233 2050 261 2076 δὲ
281 2049 331 2076 οὐκ
358 2048 484 2077 ἐκϐάλλει
500 2050 552 2082 ἔξω
566 2051 615 2085 τὴν
627 2051 762 2084 ἐξουσίαν,
783 2052 850 2079 ἀλλὰ
867 2053 897 2079 τὺ
920 2053 1024 2080 δίκαιον

234 2095 317 2122 αὐτοῦ
338 2095 484 2123 δείκνυσιν.
501 2097 561 2123 Ὀτι
578 2097 606 2123 δὲ
630 2097 755 2131 ἐξουσίαν
784 2098 850 2133 ἔχει,
881 2099 998 2126 ἄκουσον
1014 2107 1021 2114 ·

241 2141 315 2176 Ἐγὼ
332 2142 365 2169 δέ
385 2150 433 2169 σοι
453 2142 538 2170 δώσω
554 2144 606 2176 τὰς
633 2144 716 2177 κλεῖς
731 2143 791 2170 τῶν
803 2144 958 2178 οὐρανῶν·
977 2145 1024 2171 καὶ

234 2189 247 2213 δ
264 2187 370 2220 Παῦλος
393 2188 421 2214 δὲ
436 2188 507 2216 οὕτω
517 2189 606 2224 δηλῶν
621 2189 728 2223 ἔλεγεν·
745 2190 1024 2228 Λοιπὸνιὰπόκειταί

231 2241 282 2268 μοι
301 2235 318 2260 ὁ
335 2233 390 2268 τῆς
414 2233 608 2269 δικαιοσύνης
633 2235 796 2269 στέφανος,
816 2235 852 2262 ὃν
871 2235 1021 2263 ἀποδώσει

234 2288 282 2313 μοι
308 2280 428 2314 Κύριος,
456 2280 505 2308 καί
534 2280 629 2308 πᾶσιν
657 2281 717 2315 τοῖς
742 2281 933 2317 ἠγαπηκόσιν
966 2280 1024 2315 τὴν

234 2325 412 2360 ἐπιφάνειαν
432 2327 536 2355 αὐτοῦ.

266 2383 297 2409 Εἰ
317 2383 342 2408 oi
367 2382 414 2409 δύο
433 2384 487 2410 τῶν
503 2384 570 2410 δέκα
590 2383 827 2417 κατεξανὶσταντο,
851 2384 898 2411 καὶ
917 2385 943 2410 oi
959 2384 1025 2411 δέκα

235 2429 366 2464 ἐφθόνουν
388 2431 443 2461 τοῖς
457 2430 544 2463 δυσὶν,
567 2431 597 2457 οὺ
613 2430 666 2466 χρὴ
680 2430 708 2458 δὲ
722 2430 801 2458 τοῦτο
820 2431 942 2463 σκοπεῖν,
957 2430 1025 2457 ἀλλὰ

235 2475 268 2502 τὰ
283 2475 425 2502 τελευταῖα
439 2475 540 2504 αὐτῶν.

268 2521 318 2548 Διὰ
335 2521 360 2547 τί
387 2521 535 2557 συνεχώρει
561 2522 679 2558 Χριστὸς
710 2521 934 2557 ἐπιστομίζεσθαι
962 2522 1026 2555 τοὺς

234 2567 351 2601 τυφλοὺς
366 2567 418 2594 ὑπὸ
431 2567 478 2594 τοῦ
491 2568 570 2603 ὄχλου
583 2577 590 2601 ;
605 2569 664 2594 Ἰνα
675 2568 807 2604 μειζόνως
819 2568 908 2595 αὐτῶν
920 2569 936 2604 ή
955 2577 1023 2603 προ-

236 2613 320 2649 θυμία
362 2613 490 2648 φαίνηται
508 2622 514 2630 ⁸
532 2614 577 2641 διὰ
618 2613 696 2641 τοῦτο
734 2614 794 2641 οὐδὲ
825 2615 915 2650 ἐρωτᾷ
937 2634 946 2647 ,
975 2615 1025 2641 Πι-

236 2667 345 2686 στευετε
364 2667 372 2692 ς

265 2715 314 2742 Διά
327 2715 353 2742 τί
372 2716 474 2751 ἐρωτᾷ,
495 2716 525 2742 Τί
542 2716 644 2743 θέλετε
669 2715 785 2748 ποιήσω
796 2715 886 2750 (utfit;
909 2716 966 2743 Ἵνα
988 2718 1025 2752 μή

235 2769 276 2794 τις
287 2761 396 2797 νομίσῃ,
412 2762 453 2789 ὅτι
466 2761 551 2788 Ἀλλα
563 2761 736 2796 βουλομένοις
744 2761 843 2793 λαλεῖς,
855 2762 924 2789 ἄλλα
935 2762 1024 2794 δίδως·

237 2808 284 2834 καὶ
292 2808 336 2834 ἵνα
346 2809 410 2840 τοὺς
419 2807 517 2840 ἄλλους
529 2808 568 2839 εἰς
577 2807 690 2842 μείζονα
700 2807 783 2842 ζῆλον
796 2807 898 2844 ἀγάγῃ.
910 2807 1025 2842 Ἕτερον

236 2853 265 2879 δὲ
279 2854 321 2880 ἵνα
333 2854 408 2890 δείξῃ
418 2854 467 2888 τῆς
476 2855 581 2890 δωρεᾶς
595 2854 710 2886 δικαίως
724 2854 921 2886 ἀπολαύοντας·
930 2853 1026 2890 ὥσπερ

237 2899 283 2926 ἰπὶ
298 2901 346 2935 τῆς
361 2900 518 2933 Χαναναίας
545 2900 591 2928 καὶ
614 2899 661 2927 τοῦ
693 2900 892 2936 ἑκατοντάρχου
916 2901 964 2928 καὶ
978 2901 1025 2936 τῆς

1075 1636 1231 1669 violentias,
1246 1641 1274 1664 et
1289 1637 1444 1668 cruciatus,
1472 1641 1499 1664 et
1524 1635 1689 1671 martyrium
1717 1634 1864 1670 signiﬁcat.

1075 1684 1194 1713 Calicem
1210 1689 1302 1712 autem
1316 1688 1395 1712 vocat
1417 1683 1502 1716 istud,
1531 1686 1560 1710 ut
1588 1682 1697 1710 animos
1724 1680 1811 1716 magis
1825 1679 1866 1708 eis

1076 1731 1157 1758 addat
1174 1731 1310 1759 sermonis
1322 1730 1444 1763 lenitate,
1461 1734 1490 1757 et
1516 1729 1550 1757 ad
1569 1737 1599 1757 se
1614 1735 1663 1756 eos
1682 1727 1823 1760 attrahat;
1837 1730 1867 1755 et

1075 1777 1211 1813 baptisma
1228 1777 1295 1805 illud
1314 1781 1402 1810 vocat,
1417 1776 1494 1812 quasi
1509 1776 1584 1804 orbis
1599 1774 1722 1803 lustrale.

1111 1871 1195 1900 Vsus.
1205 1871 1251 1899 25.
1268 1870 1300 1898 Et
1312 1870 1448 1906 quomodo
1467 1869 1532 1897 dicit
1545 1878 1552 1903 ;
1568 1877 1617 1896 non
1632 1873 1669 1896 est
1685 1875 1769 1895 meum
1782 1867 1867 1894 dare!

1076 1917 1209 1952 siquidem
1228 1923 1280 1943 non
1297 1920 1339 1943 est
1357 1923 1392 1942 ne
1405 1915 1460 1941 illic
1476 1913 1586 1949 quidem
1604 1913 1667 1940 talis
1690 1912 1770 1940 sedes
1785 1920 1792 1944 ;
1821 1915 1868 1939 aut

1077 1967 1151 1998 patet
1168 1962 1245 1989 illum
1271 1961 1305 1988 ad
1332 1961 1489 1995 allegoriam
1520 1959 1658 1994 loquendo
1683 1957 1868 1986 descendisse.

1078 2007 1145 2034 Illud
1177 2011 1279 2038 autem,
1302 2005 1402 2038 Quibus
1435 2009 1561 2040 paratum
1583 2009 1633 2037 est,
1662 2011 1710 2038 per
1746 2003 1867 2036 labores,

1078 2056 1153 2086 puta,
1169 2056 1197 2079 et
1212 2051 1324 2078 sudores
1339 2059 1345 2076 :
1363 2050 1416 2077 hoc
1431 2057 1495 2076 vero
1514 2056 1566 2076 non
1598 2048 1658 2083 ejus
1673 2048 1771 2075 adimit
1791 2052 1868 2083 pote-

1078 2101 1185 2130 statem,
1196 2096 1242 2124 sed
1252 2095 1312 2130 ejus
1318 2095 1453 2130 justitiam
1466 2094 1576 2122 exhibet
1589 2102 1596 2126 ;
1613 2093 1684 2129 quod
1696 2093 1770 2122 cnim
1790 2098 1868 2128 pote-

1078 2147 1175 2170 statem
1194 2141 1301 2173 habeat,
1324 2139 1385 2167 audi
1404 2147 1412 2166 :
1430 2138 1486 2174 Ego
1511 2144 1600 2166 autem
1627 2137 1673 2165 tibi
1693 2138 1762 2164 dabo
1783 2138 1866 2165 clara

1078 2186 1284 2222 regniemlarum
1295 2193 1304 2218 ;
1316 2190 1342 2213 et
1356 2183 1457 2212 Paulus
1468 2184 1539 2211 idem
1553 2183 1677 2210 indicans
1687 2182 1764 2208 dixit:
1779 2180 1813 2208 1n
1825 2190 1868 2208 re-

1079 2233 1150 2268 liquo
1164 2232 1277 2267 reposita
1291 2236 1329 2258 est
1340 2230 1404 2257 mihi
1414 2237 1512 2257 corona
1523 2229 1648 2264 justititv,
1674 2236 1753 2263 quam
1778 2227 1867 2254 reddet

1078 2280 1142 2306 mihi
1173 2278 1311 2310 Dominus,
1335 2283 1359 2304 et
1382 2277 1501 2304 onmibus
1520 2276 1564 2311 qui
1591 2275 1705 2310 diligunt
1728 2275 1868 2301 adventum

1075 2333 1142 2360 ejus.

1112 2380 1195 2407 \‘sns.
1209 2379 1254 2406 25.
1271 2378 1300 2406 Si
1317 2378 1372 2406 duo
1387 2377 1480 2405 decem
1494 2375 1722 2411 aiiisinsurgunt,
1736 2375 1867 2403 etdecern

1077 2427 1123 2454 alii
1140 2427 1209 2455 duos
1225 2427 1355 2459 oderunt,
1376 2432 1431 2452 non
1446 2427 1555 2459 oportet
1580 2423 1614 2451 ad
1629 2422 1695 2450 illud
1710 2423 1864 2455 attendere,

1077 2473 1122 2501 sed
1132 2472 1165 2499 ad
1182 2479 1278 2500 eorum
1294 2475 1426 2499 extrema.

1115 2517 1198 2546 νεεδ.
1248 2517 1292 2544 3i.
1321 2516 1377 2544 Cur
1403 2516 1541 2544 consentit
1567 2515 1694 2544 Christus
1730 2513 1866 2549 increpari

1078 2572 1165 2592 caecos
1179 2571 1195 2591 a
1211 2564 1291 2592 turba
1310 2563 1321 2590 2
1337 2568 1366 2591 ut
1386 2563 1473 2599 magis
1491 2569 1588 2590 eorum
1617 2562 1700 2589 ardor
1717 2564 1860 2595 appareat.

1077 2610 1140 2638 ideo
1156 2617 1211 2638 non
1233 2609 1394 2644 interrogat,
1410 2608 1542 2637 creditis?

1111 2712 1244 2740 νιος-52.
1260 2711 1316 2739 Cur
1337 2711 1505 2746 inlerrogat:
1527 2709 1598 2742 Quid
1617 2709 1696 2736 vultis
1715 2713 1742 2736 ut
1766 2708 1866 2743 faciam

1078 2760 1148 2788 vobis
1161 2761 1174 2788 7
1189 2768 1224 2787 ne
1235 2758 1297 2794 quis
1310 2762 1387 2794 putet
1401 2760 1466 2793 quia
1481 2756 1535 2784 alia
1551 2755 1705 2783 volentibus
1729 2755 1865 2790 loqueris,

1078 2807 1130 2834 alia
1144 2806 1194 2834 das
1209 2814 1217 2839 ;
1233 2809 1261 2832 et
1277 2808 1306 2831 ut
1319 2803 1388 2832 alios
1399 2803 1426 2830 in
1439 2803 1570 2838 majorem
1586 2801 1717 2828 invidiam
1729 2800 1840 2829 inducat
1853 2809 1863 2833 ;

1078 2856 1156 2883 aliter
1170 2857 1262 2881 autem
1283 2856 1313 2879 ut
1340 2849 1469 2878 ostendat
1496 2849 1546 2877 hos
1573 2848 1648 2883 juste
1674 2848 1862 2876 benevolentia

1080 2900 1210 2930 fruentes,
1226 2901 1253 2927 ut
1267 2896 1294 2924 in
1309 2894 1473 2928 Chananca,
1486 2899 1512 2921 et
1525 2893 1694 2927 centurione,
1710 2899 1736 2922 et
1750 2893 1866 2922 hamorn
