2075 3157
219 159 288 194 1143

578 164 762 196 )PUSCULA
782 165 1096 197 SCRIPTUMSTICA
1118 168 1291 199 ΙΝΕΕΒΤίΕ
1309 169 1465 201 lETATlS.

1776 167 1845 201 1144

215 218 336 246 rboissa.
347 217 433 254 Magis
460 223 551 248 autem
565 220 645 248 istam
661 221 702 249 vel
716 221 890 249 sanationem
913 222 1003 250 furan-

1056 225 1269 260 αἱμοῤῥοοὺσης“
1287 226 1387 261 μᾶλλον
1402 226 1430 253 δὶ
1443 226 1529 262 αὐτὴν
1543 226 1591 253 καὶ
1610 225 1779 253 κλέπτουσαν
1794 227 1844 261 τὴν

216 267 269 290 tum
286 263 412 291 Christus
430 265 525 292 ultimo
541 265 712 293 manifestam
737 266 813 294 facit.

247 308 303 336 Cur
312 309 347 337 ita
360 310 520 345 interrogat,
529 310 600 343 Quid
613 311 712 339 vultis?
725 320 779 340 non
793 313 866 348 quod
882 313 999 349 ignoret,

215 354 262 381 sed
278 359 306 382 ut
322 361 400 390 cogat
415 355 476 383 illos
490 355 643 391 patefacere
662 358 787 385 morbum
806 363 833 387 et
851 360 1000 388 remedium

215 398 351 426 adhibeat.

494 473 608 502 CAPUT
624 474 694 501 XXI.

252 534 336 564 Vsus.
354 536 381 565 2.
396 536 478 565 Multa
495 538 522 566 in
534 539 833 574 pullo'considerautur
847 551 854 568 :
880 541 1003 576 praedicit

214 582 286 617 quod
311 583 462 616 invenient,
486 585 558 619 quod
588 593 640 613 non
669 587 852 614 murmurabit
874 588 1002 616 dominus

213 627 285 662 ejus,
300 629 428 664 quamvis
437 637 542 665 pauper
554 631 647 664 fuerit,
660 632 808 660 terminum
820 633 919 668 jurgiis
932 641 1001 669 pra:-

215 672 281 702 bens
306 679 334 702 et
348 682 402 702 non
432 676 569 710 audacia;
599 676 626 704 in
664 678 770 705 asinam
789 679 956 710 conscendit,
975 684 1003 707 et

215 717 385 753 prophetiam
401 719 534 754 implevit,
550 720 615 756 quia
626 729 681 749 non
710 723 791 751 modo
810 723 1001 757 docetdivina,

214 763 263 790 sed
279 763 362 791 etiam
380 772 441 799 quae
458 766 577 801 dirigere
601 772 717 802 possunt.
739 768 882 796 hominum
906 769 1000 797 vitam.

214 807 267 835 Per
282 809 437 837 modestiam
450 811 525 839 asino
541 813 627 840 utitur
638 814 683 848 qui
699 814 786 841 solum
798 815 833 841 ad
857 815 1002 842 utilitatem

212 859 262 886 ut,
275 854 313 882 ita
327 854 463 884 debilibus
478 857 579 885 docens
605 866 655 887 nos
679 864 823 888 contentos
847 868 927 894 esse;
954 861 1001 888 sed

1055 270 1175 306 ἰατρείαν
1189 271 1306 306 Χριστὸς
1323 271 1406 308 δήλην
1430 271 1546 306 ἔσχατον
1562 272 1645 298 ποιεῖ.

1088 317 1138 343 Διὰ
1148 317 1174 344 τί
1197 317 1284 349 οὕτως
1312 318 1412 354 ἐρωτᾷ,
1435 318 1467 345 τι
1490 317 1607 349 ouem,-
1636 317 1695 344 Οὐκ
1723 317 1841 351 ἀγνοῶν,

1053 362 1116 388 ἀλλ’
1127 362 1171 389 ῖνα
1194 363 1338 399 ἀναγκάσῃ
1361 363 1460 395 αὐτοὺς
1487 363 1645 399 φανερῶσαι
1658 362 1689 390 τὸ
1702 362 1781 394 ἕλκος
1795 364 1842 390 καὶ

1052 407 1136 443 ἐπιθῇ
1151 408 1182 435 τὺ
1201 409 1348 444 φάρμακον
1356 430 1362 437 .

1345 480 1470 508 ΚΕΦΛΛ.
1494 481 1560 509 KA'.

1082 544 1170 572 Πολλὰ
1180 544 1228 571 καὶ
1246 544 1294 571 ὲπὶ
1308 543 1358 579 τῆς
1372 543 1464 571 πώλου
1477 544 1632 579 θεωρεῖται·
1647 543 1679 570 τὸ
1696 544 1841 579 προειπεῖν

1052 588 1273 624 ὃτιεὺρήσουσιν·
1289 589 1320 615 τὸ
1336 589 1417 615 ὅτιού
1432 588 1565 624 γαγγΰσει
1584 589 1599 616 δ
1620 589 1715 624 κύριος
1742 588 1840 619 αὑτοῦ,

1053 633 1104 661 κᾶν
1120 634 1208 669 ηπένης
1222 635 1306 665 ἐστὶν,
1324 635 1423 670 μέτρον
1447 634 1616 669 φιλονεικίας
1642 635 1771 669 παρέχων
1793 635 1841 661 καὶ

1053 679 1083 706 οὑ
1096 679 1274 714 θρασύτητος.
1288 680 1334 711 Εἰς
1349 679 1410 706 δνον
1432 679 1580 715 ὲκαθέσθη,
1596 680 1644 706 καὶ
1670 679 1840 716 προφητείαν

1054 726 1184 761 ἐπλήρου,
1198 725 1277 752 δτιοὺ
1295 725 1374 761 μόνον
1385 725 1504 752 διδάσκει
1516 726 1550 752 τὰ
1561 726 1631 758 θεῖα,
1640 725 1707 752 ἀλλὰ
1728 725 1776 752 καὶ
1789 725 1836 751 τὸν

1053 770 1107 797 τῶν
1117 770 1268 806 ἀνθρώπων
1284 770 1341 806 βίον
1360 770 1524 806 διορθοῦται.
1541 770 1591 797 Διὰ
1601 770 1651 804 τῆς
1676 769 1814 801 εὐτελείας
1831 788 1840 800 ,

1055 816 1144 843 Ὄνον
1153 815 1187 848 ὃς
1194 816 1291 850 μόνον
1305 817 1349 848 είς
1357 816 1472 850 χρείαν,
1487 815 1559 842 ἐστιν
1571 815 1614 842 ὅτε
1627 815 1683 842 τῶν
1694 815 1841 842 ἀσθενούν-

1054 868 1108 887 των
1137 860 1258 887 διδάσκει
1287 860 1429 895 εὐπορεῖν·
1447 860 1505 887 ἀλλ’
1516 860 1566 895 οὐχ
1579 860 1681 891 ῖππους
1697 859 1744 886 καὶ
1758 859 1840 894 ἡμιό-

213 904 268 925 non
279 905 364 933 equos
381 903 407 927 et
419 900 570 932 hemiones,
585 901 632 938 qui
646 902 679 929 ad
703 903 773 930 bella
787 908 869 938 sunt;
888 909 916 932 et
936 913 1003 940 pau-

1055 915 1126 939 νους,
1146 906 1176 939 ἐξ
1191 903 1229 933 ὧν
1242 906 1367 942 πόλεμοι.
1381 906 1436 933 Kal
1451 905 1562 941 πτωχὴν
1580 905 1685 941 μητέρα
1696 904 1842 940 ἔσχεν,καὶ

213 951 304 979 perem
321 948 434 972 matrem
449 945 555 980 habuit,
567 951 594 974 et
610 947 636 974 in
650 948 780 983 spelunca
793 950 910 984 paritur,
927 955 963 978 et
976 951 1003 978 in

211 989 344 1025 praesepio
358 990 480 1025 ponitur,
496 995 524 1019 et
549 991 717 1022 hordeaceos
732 1002 816 1029 panes
838 996 960 1031 apponit,
977 1001 1006 1024 et

212 1036 331 1063 comedit
346 1043 379 1063 ex
396 1035 468 1070 foro,
484 1042 511 1066 et
530 1045 580 1072 pro
595 1038 665 1066 lecto
684 1039 788 1067 frenum
801 1041 893 1073 habet,
909 1045 938 1069 et
959 1049 1004 1069 ve-

212 1081 299 1110 stibus
312 1082 482 1118 simplicibus
494 1083 616 1111 induitur
629 1093 636 1118 ;
654 1084 765 1113 domum
780 1091 870 1114 autem
886 1094 940 1114 non
953 1087 1002 1114 ha-

213 1127 283 1160 buit,
299 1135 388 1163 neque
402 1136 503 1164 equum
533 1129 679 1165 possidens
697 1131 795 1159 itinere
817 1131 936 1160 lassatus
950 1137 1002 1164 est,

212 1178 240 1202 et
252 1175 391 1203 dormiens
416 1175 443 1202 in
472 1179 544 1203 terra
577 1175 697 1210 iacebat,
712 1181 740 1205 et
761 1177 849 1205 dolori
873 1179 1003 1207 terminos

213 1229 318 1256 ponens
334 1229 388 1249 non
403 1222 571 1257 querebatur
589 1232 596 1256 ;
615 1222 655 1250 sic
683 1223 775 1251 omnia
791 1232 852 1252 esse
878 1232 1003 1253 commu-

213 1269 259 1296 nia
286 1270 407 1305 regulam
422 1270 599 1305 ponebat;et
615 1271 696 1298 talem
713 1271 774 1299 vita;
799 1279 886 1306 genus
913 1273 1002 1308 sequi,

213 1315 322 1349 qualem
341 1314 399 1350 ipse
413 1315 573 1348 exhibebat,
594 1316 748 1344 doctrinam
761 1317 931 1345 instituebat.

243 1360 325 1388 Vsus.
344 1360 389 1389 l2.
417 1360 455 1388 De
482 1360 628 1395 ejectioue,
655 1369 738 1397 quam
765 1361 830 1390 fecit
859 1363 1001 1396 Dominus,

212 1407 336 1434 omnium
365 1407 463 1434 horum
479 1407 526 1443 qui
541 1407 695 1435 vendebant
711 1407 737 1435 in
755 1408 867 1444 templo,
882 1407 1003 1436 Joannes

211 1460 322 1488 quoque
334 1452 406 1481 idem
421 1452 522 1481 fecisse
550 1458 663 1488 narrat;
687 1454 734 1481 sed
757 1454 802 1482 ille
817 1454 844 1482 iu
862 1454 1002 1491 Evangelii

212 1499 301 1532 initio,
319 1499 462 1527 Matthaeus
476 1505 568 1527 autem
584 1499 658 1527 circa
686 1499 782 1532 finem,
807 1500 881 1528 unde
904 1501 1003 1528 verisi-

211 1546 277 1573 mile
293 1550 336 1574 est
355 1545 478 1574 secundo
505 1545 620 1574 ἰωή-ΕΙ.
643 1549 748 1581 patcte
779 1551 902 1582 tempore
930 1551 957 1574 et
968 1554 1002 1574 ex

211 1592 272 1628 ejus
286 1593 422 1620 sententia
439 1601 447 1620 :
467 1591 512 1619 hic
526 1591 599 1620 enim
626 1592 785 1627 speluncam
803 1592 942 1620 latronum
958 1593 1002 1620 di-

212 1639 260 1672 cit,
276 1639 332 1667 illie
345 1644 435 1667 autem
450 1638 563 1666 domum
582 1638 787 1673 negotiationis.

249 1685 332 1713 Vsus.
351 1685 458 1712 l6.Cur
471 1684 567 1712 dicunt
578 1684 736 1713 sacerdotes
753 1683 833 1711 :Non
848 1684 927 1711 audis
939 1685 1002 1720 quid

212 1733 258 1760 tui
269 1733 360 1759 dicunt
373 1732 386 1759 7
400 1731 504 1759 invidia
524 1731 629 1758 scilicet
642 1730 780 1758 sull‘oeati.
794 1729 855 1758 Ideo
869 1735 896 1758 et
909 1730 1004 1765 objur-

213 1784 281 1812 gaus
295 1776 357 1804 illos
377 1775 543 1810 respondet:
562 1773 676 1809 Utique:
694 1782 827 1809 nunquam
842 1774 964 1809 legistis!
978 1780 1003 1802 et

213 1823 328 1857 reliqua.

250 1868 333 1896 Vens.
351 1868 394 1895 l8.
408 1865 552 1900 Quomodo
568 1873 647 1894 mane
660 1865 772 1894 esurit?
785 1864 856 1899 Quia
876 1867 1004 1894 concedit

214 1915 289 1942 carni
307 1915 359 1942 hoc
382 1914 450 1949 puti.

261 1962 345 1991 Vsus.
365 1963 407 1992 l9.
423 1963 480 1991 Cur
493 1963 633 1991 maledixit
649 1962 713 1990 ticui
730 1967 757 1990 et
768 1962 884 1990 siccavit
906 1962 980 1990 illam
991 1961 1004 1988 ?

215 2009 249 2037 Ut
261 2011 383 2037 animum
409 2009 552 2044 discipulis
573 2009 661 2043 daret,
685 2013 713 2037 et
737 2009 803 2044 quia
830 2016 883 2037 non
914 2009 1003 2037 solum

215 2057 375 2085 benefacere
397 2064 521 2092 possum,
554 2057 602 2085 sed
621 2061 649 2085 et
682 2065 778 2093 pinnas
805 2065 924 2086 sumere.
948 2057 1004 2085 Cur

215 2103 295 2131 ﬁcum
310 2103 435 2135 siccavit,
451 2107 479 2130 et
493 2110 547 2130 non
564 2103 645 2130 aliam
672 2103 816 2139 plantam?
831 2102 901 2136 Quia
914 2103 1004 2130 humi-

214 2148 327 2176 dissima
345 2151 388 2175 est
401 2156 433 2175 ex
446 2148 574 2176 omnibus
590 2147 664 2181 aliis,
677 2152 708 2175 ut
725 2148 812 2183 magis
829 2147 1002 2175 admiraren-

215 2200 260 2222 tur
280 2194 446 2230 prodigium.

1057 950 1085 977 ὲν
1102 950 1227 986 σπηλαίῳ
1239 950 1372 984 τίκτεται,
1386 950 1435 978 καὶ
1444 950 1474 978 ὲν
1488 949 1576 985 φάτνῃ
1591 949 1707 981 τίθεται,
1723 949 1770 976 καὶ
1780 957 1842 984 κρι-

1056 996 1145 1028 θίνους
1158 997 1342 1032 παρατίθησιν
1359 997 1470 1032 ἄρτους,
1495 996 1543 1023 καὶ
1563 995 1594 1028 ὲξ
1617 995 1720 1030 ἀγορᾶς
1745 994 1842 1026 ἐσθίει,

1055 1043 1101 1070 καὶ
1116 1043 1169 1070 ἀπὸ
1183 1043 1281 1078 χόρτου
1303 1042 1417 1070 στιϐάδα
1440 1042 1525 1074 ποιεῖ,
1542 1041 1591 1068 καὶ
1616 1040 1714 1075 ίμάτια
1743 1039 1841 1074 εὐτελῆ

1054 1089 1246 1124 ἀμφιέννυται,
1267 1087 1356 1115 οἰκίαν
1379 1087 1408 1114 δὲ
1429 1087 1480 1113 οὐκ
1515 1086 1605 1121 ἔσχεν,
1627 1087 1675 1113 καὶ
1702 1085 1784 1112 ῖππον
1805 1085 1843 1120 μὴ

1054 1135 1134 1170 ἔχων,
1166 1135 1198 1161 ὲκ
1227 1134 1277 1169 τῆς
1303 1132 1457 1168 ὁδοιπορίας
1470 1133 1586 1159 ἐκοπία·
1620 1131 1668 1159 καὶ
1705 1131 1843 1157 καθεύδων

1054 1180 1102 1207 ἐπὶ
1119 1180 1172 1216 γῆς
1185 1180 1284 1207 ἔκειτο·
1295 1180 1343 1206 καὶ
1355 1179 1442 1214 λύπης
1460 1178 1547 1213 μέτρα
1559 1177 1643 1210 τιθεὶς
1655 1177 1706 1204 οὐκ
1723 1177 1842 1212 ἐθρήνει.

1054 1225 1149 1257 Οὕτως
1159 1225 1190 1252 τὸ
1204 1225 1292 1252 πάντα
1315 1224 1394 1252 κοινὰ
1424 1221 1505 1257 εἶναι,
1538 1224 1655 1255 κανόνας
1679 1223 1772 1250 ἐτίθει·
1795 1223 1844 1249 καὶ

1053 1271 1175 1298 τοιοῦτον
1197 1272 1298 1306 τρόπον
1323 1270 1443 1303 διώκειν,
1469 1267 1525 1297 οῖον
1547 1269 1628 1301 αὐτὸς
1653 1268 1841 1303 ἐπεδείκνυτο,

1053 1318 1229 1345 διδασκαλίαν
1244 1318 1373 1345 ἐποιεῖτο.

1084 1365 1151 1399 Περὶ
1160 1363 1207 1391 τοῦ
1218 1364 1360 1391 ἐκϐάλλειν
1370 1363 1416 1391 τὸν
1423 1362 1525 1399 Κύριον
1533 1364 1638 1395 πάντας
1647 1361 1710 1394 τοὺς
1719 1360 1842 1389 πωλοῦν-

1054 1420 1104 1444 τας
1123 1411 1152 1438 ὲν
1178 1411 1217 1446 τῷ
1232 1410 1307 1447 ῑερῷ,
1338 1410 1385 1438 καὶ
1405 1411 1532 1446 Ἰωάννης
1559 1409 1641 1437 αὑτὸν
1660 1409 1741 1436 τοῦτο
1766 1407 1843 1441 λέγει

1055 1456 1246 1492 πεποιηκέναι’
1264 1456 1389 1488 κάκεῖνος
1402 1456 1452 1491 μὲν
1462 1456 1492 1482 ὲν
1509 1456 1579 1491 ἀρχῇ
1593 1454 1640 1481 τοῦ
1655 1453 1820 1488 Εὑαγγελίου
1833 1460 1841 1467 ·

1055 1500 1131 1536 οὗτος
1143 1503 1171 1530 δὲ
1186 1502 1254 1538 πρὸς
1268 1502 1306 1538 τῷ
1318 1502 1401 1529 τέλει.
1419 1501 1500 1529 Ὅθεν
1520 1501 1593 1533 εἰκὸς
1617 1500 1743 1535 δεύτερον
1767 1498 1844 1533 γενέ-

1056 1550 1129 1577 σθαιο
1143 1549 1190 1576 καὶ
1203 1549 1283 1584 δῆλον
1295 1548 1349 1576 ἀπὸ
1358 1548 1405 1575 τοῦ
1416 1549 1525 1585 χρόνον,
1536 1548 1582 1575 καὶ
1591 1547 1644 1574 άπὸ
1657 1547 1708 1581 τῆς
1722 1544 1841 1580 ἀποκρι-

1055 1604 1136 1628 σεως·
1153 1596 1212 1622 ἐκεῖ
1224 1595 1274 1630 μὲν
1288 1594 1343 1630 γὰρ
1360 1595 1494 1630 σπήλαιον
1505 1593 1582 1629 λέγει
1591 1593 1710 1630 λῃστῶν,
1727 1591 1843 1619 ἐνταῦθα

1054 1640 1082 1668 δὲ
1098 1639 1172 1667 οἷκον
1182 1639 1330 1676 ἐμπορίου.

1090 1687 1140 1714 Διὰ
1160 1686 1187 1713 τί
1197 1686 1322 1720 λέγουσιν
1336 1685 1362 1712 οί
1385 1684 1551 1721 ίερεῖς·οὐκ
1566 1683 1689 1717 ἀκούεις
1709 1682 1739 1709 τι
1759 1680 1844 1711 οὗτοι

1053 1731 1214 1767 λέγουσιν;
1224 1731 1270 1767 Τῷ
1284 1730 1374 1766 φθόνῳ
1386 1730 1545 1765 πνιγόμενοι
1562 1737 1569 1744 ⁸
1584 1728 1624 1755 διὸ
1639 1729 1687 1755 καὶ
1706 1727 1842 1764 ἐπιπλήτ-

1054 1786 1109 1806 των
1120 1777 1220 1809 αὐτοὺς
1236 1776 1426 1812 ἀποκρίνεται’
1443 1776 1511 1804 Ναί·
1523 1775 1668 1803 οὐδέποτε
1677 1773 1843 1810 ἀνέγνωτες

1054 1824 1152 1851 καὶτὰ
1175 1823 1249 1858 ἑξῆς.
1279 1851 1282 1853 _

1090 1870 1152 1902 Πῶς
1166 1870 1272 1905 πρωτας
1293 1869 1389 1906 πεινᾷς
1413 1869 1475 1896 Ὀτι
1501 1869 1677 1904 συνεχώρησε
1697 1868 1731 1904 τῇ
1759 1865 1844 1902 σαρκὶ

1055 1915 1135 1942 τοῦτο
1149 1915 1258 1943 παθεῖν.

1083 1963 1134 1990 Διὰ
1143 1962 1170 1989 τί
1182 1962 1358 1998 κατηράσατο
1371 1962 1418 1989 καὶ
1428 1962 1526 1998 ἔψυξεν
1539 1961 1590 1997 τὴν
1608 1961 1711 1996 συκῆν;
1725 1959 1844 1995 Θαρῤεῖν

1056 2009 1142 2036 ποιῶν
1152 2009 1216 2041 τοὺς
1244 2009 1379 2044 μαθητὰς,
1398 2008 1445 2035 καὶ
1469 2008 1512 2035 ὅτι
1540 2008 1576 2034 οὐ
1595 2006 1675 2042 μόνον
1688 2005 1844 2041 εὐεργετεῖν

1056 2055 1186 2090 δύναμαι,
1206 2054 1274 2082 ἀλλὰ
1293 2055 1340 2082 καὶ
1353 2054 1489 2090 τιμωρίαν
1517 2053 1685 2087 ἐπενεγκεῖν.
1696 2051 1746 2078 Διὰ
1755 2050 1782 2077 τί
1794 2050 1844 2085 τὴν

1058 2102 1143 2136 συκῆν
1156 2101 1264 2135 ἔψυξεν,
1281 2102 1328 2128 καὶ
1345 2101 1395 2127 οὐκ
1409 2099 1474 2127 ἄλλο
1484 2098 1585 2134 φυτὸν;
1603 2097 1713 2132 Ἐπειδὴ
1725 2095 1844 2131 ὑγρότα-

1057 2155 1102 2173 τον
1111 2146 1166 2173 τῶν
1181 2146 1268 2174 ἄλλων
1282 2147 1366 2178 ἐστὶν,
1382 2146 1425 2172 ἵνα
1439 2143 1622 2180 θαυμστωοῇ
1637 2142 1738 2178 μᾶλλον
1752 2140 1783 2168 τὸ
1798 2148 1843 2175 γι-

1033 2210 1035 2212 -
1057 2192 1181 2227 νόμενον.

476 2248 528 2274 qua
539 2243 669 2274 potestate
683 2240 739 2266 [uec
750 2239 837 2274 facit?
851 2218 1003 2267 ita‘intelli-

1220 2239 1288 2272 ποίᾳ
1310 2238 1437 2271 ἐξουσίᾳ
1464 2236 1558 2264 ταῦτα
1584 2234 1700 2266 ποιεῖς-ς
1722 2231 1844 2260 τοιοῦτον

215 2285 333 2320 gendum
347 2288 390 2313 cst
405 2294 411 2312 :
432 2286 576 2320 rogabant,
591 2285 719 2313 sacerdos
745 2293 806 2313 cum
825 2294 878 2313 non
893 2286 942 2316 sis.
957 2294 1005 2313 ne-

215 2339 269 2366 que
298 2331 407 2363 doctor,
438 2338 528 2366 neque
559 2330 713 2363 ordinatus.
741 2331 880 2366 quomodo
901 2336 1004 2359 tantam

216 2377 382 2411 potestatem:
397 2376 560 2404 ostendisti?

242 2421 379 2458 Vensﬁl.
393 2422 463 2456 Quid
481 2423 562 2450 habet
570 2422 672 2451 Christi
688 2430 850 2458 responsum
858 2423 870 2450 τ
878 2422 1004 2458 Magnum

215 2469 326 2504 quidem
351 2473 395 2497 est
412 2471 440 2497 et
465 2469 600 2497 mirabile.
627 2469 778 2504 lnterrogat
805 2469 878 2496 enim
896 2476 944 2497 eos
972 2468 1007 2496 de

217 2514 352 2548 loannue,
368 2515 440 2543 unde
454 2520 513 2543 erat
526 2515 587 2550 ejus
610 2515 764 2551 baptismus
779 2515 909 2543 ?.Etenim
928 2515 951 2543 si
962 2514 1005 2542 di-

217 2562 333 2594 xissent,
346 2569 378 2589 ex
390 2561 458 2596 Deo,
476 2561 593 2589 dixisset
607 2562 661 2594 eis,
675 2569 761 2594 quare
770 2569 825 2589 non
839 2560 950 2589 creditis
961 2560 985 2587 ei
995 2559 1008 2586 ἲ

218 2607 240 2635 si
259 2614 322 2635 vero
337 2607 512 2635 dixissentex
526 2607 694 2640 hominibus,
706 2608 813 2635 turbam
827 2607 962 2634 timebant
973 2613 1008 2634 ne

218 2653 252 2680 ab
282 2653 328 2680 illa
347 2653 553 2688 lapidarentur;
574 2661 692 2689 magnus
714 2653 787 2681 enim
801 2653 954 2681 habebatur
968 2652 1006 2680 illi

219 2697 346 2726 Joannes.

254 2742 339 2772 Vens.
353 2744 399 2773 28.
420 2744 492 2778 Quid
510 2744 666 2779 significant
680 2744 708 2772 hi
719 2744 776 2771 duo
788 2743 836 2771 lilii
853 2743 888 2772 de
903 2744 1006 2778 quibus

220 2790 342 2824 loquitur
353 2790 481 2819 Christus
491 2790 504 2817 Ἰ
516 2789 652 2825 Populum
682 2789 804 2825 gentium
820 2793 848 2816 et
873 2789 1006 2824 populum

221 2835 389 2870 Judaeorum,
403 2845 436 2864 eo
460 2837 532 2871 quod
550 2837 577 2864 hi
593 2836 703 2872 quidem
719 2835 805 2869 legem
822 2835 968 2863 audierunt
980 2839 1008 2863 et

221 2889 275 2909 non
285 2881 410 2910 abierunt
421 2883 447 2910 iu
455 2883 561 2912 vincam
572 2892 579 2917 ;
594 2883 632 2912 illi
641 2887 732 2912 autem
749 2889 803 2911 non
815 2882 901 2917 legem
914 2881 1007 2910 audie-

1057 2285 1114 2320 ἔχει
1129 2285 1175 2312 τὸν
1188 2285 1259 2311 νοῦν·
1274 2283 1475 2320 ἧτουν,’1ερεὺς
1485 2283 1522 2318 μὴ
1536 2281 1585 2314 ὣν,
1598 2281 1615 2316 ἦ
1628 2279 1786 2310 διδάσκαλος
1806 2277 1845 2314 μὴ

1057 2331 1269 2367 χειροτονηθεὶς,
1290 2330 1349 2362 πῶς
1378 2329 1514 2365 τοσαύτην
1541 2327 1666 2361 ἐξουσίαν
1692 2324 1843 2357 ἑπεδείξως

1088 2426 1121 2452 Τί
1132 2425 1188 2461 ἔχει
1204 2425 1220 2460 ή
1231 2423 1349 2460 Χριστοῦ
1359 2424 1506 2459 ἀπόκρισις
1516 2420 1702 2457 ;Θαυμαστῶς
1713 2420 1781 2447 πολὺ
1797 2420 1845 2446 καὶ

1059 2473 1132 2508 μέγα
1148 2471 1232 2499 ποιῶν
1251 2479 1258 2486 ·
1273 2472 1364 2506 ἐρωτᾷ
1376 2469 1430 2506 γὰρ
1445 2469 1544 2500 αὐτοὺς
1573 2469 1639 2502 περὶ
1653 2467 1788 2498 Ἰωάννου,
1804 2466 1846 2492 ὅτι

1058 2517 1145 2545 Πόθεν
1157 2516 1240 2543 αὐτοῦ
1254 2516 1284 2543 τὺ
1311 2516 1454 2550 βάπτισμα
1472 2523 1480 2548 ;
1496 2515 1551 2542 Καὶ
1564 2513 1619 2549 γὰρ
1634 2514 1658 2540 εί
1679 2513 1728 2548 μὲν
1755 2509 1843 2543 εἶπον,

1064 2563 1112 2590 Ἐκ
1130 2563 1209 2595 Θεοῦ,
1221 2560 1298 2589 εἶπεν
1313 2562 1345 2589 ἂν
1357 2570 1364 2578 ε
1379 2562 1434 2589 Kal
1445 2561 1490 2588 διὰ
1506 2560 1533 2587 τί
1552 2560 1584 2587 οὐ
1598 2559 1743 2586 πιστεύετε
1758 2558 1844 2592 αὐτῷ·

1058 2609 1083 2635 εί
1096 2608 1125 2635 δὲ
1141 2606 1229 2641 εἷπον,
1247 2608 1293 2640 Ἐξ
1307 2607 1470 2643 ἀνθρώπων,
1494 2605 1641 2641 ἐφοϐοῦντο
1664 2605 1728 2635 τοὺς
1750 2603 1845 2639 ὄχλους

1060 2651 1098 2687 μὴ
1120 2651 1331 2687 λιθοὸολήσωσιν
1356 2650 1466 2684 αὐτούς·
1497 2651 1584 2687 μέγαν
1612 2649 1668 2685 γὰρ
1697 2646 1771 2684 εἶχον
1800 2648 1846 2674 τὸν

1065 2697 1204 2733 Ἰωάννην.

1087 2744 1119 2770 Τί
1136 2743 1298 2779 σημαίνουσι
1323 2743 1356 2770 τὰ
1367 2743 1450 2770 τέκνα
1462 2743 1496 2770 τὰ
1511 2743 1557 2770 δύο
1581 2743 1646 2777 περὶ
1671 2738 1709 2769 ὢν
1737 2749 1820 2776 φησιν
1832 2741 1845 2767 δ

1058 2789 1194 2825 Χριστός;
1209 2789 1261 2816 Τὸν
1269 2789 1335 2816 λαὸν
1352 2789 1407 2816 τῶν
1435 2789 1521 2816 ὲθνῶν
1545 2788 1594 2815 καὶ
1620 2788 1676 2814 τῶν
1699 2785 1844 2815 Ἰουδαίων.

1058 2835 1098 2862 ὅτι
1114 2836 1139 2862 ol
1156 2835 1207 2870 μὲν
1223 2835 1380 2871 ὑπήκουσαν
1396 2835 1442 2862 τὸν
1462 2836 1544 2869 νόμον
1565 2833 1613 2861 καὶ
1636 2833 1686 2860 οὐκ
1713 2831 1843 2866 ἀπῆλθον·

1059 2883 1084 2910 οἱ
1106 2881 1142 2918 δὲ,
1155 2882 1205 2909 οὐκ
1221 2882 1341 2918 ἥκουσαν
1356 2882 1402 2909 καὶ
1422 2881 1554 2916 ἀπῆλθον’
1571 2880 1632 2907 ὅθεν
1652 2878 1682 2906 τὸ
1708 2886 1843 2905 abyssum-
