2075 3157
191 184 259 218 115³1

685 185 847 215 SCHOLlA
866 183 1017 215 VETERA
1038 184 1080 215 IN
1099 185 1338 216 MATTHXEUM.

1751 189 1820 222 1158
1852 178 1854 180 ’

195 238 314 266 Ἐπαινῶ
343 237 392 273 μὲν
418 238 482 273 γὰρ,
513 238 606 273 φησὶν,
632 237 679 264 τὸν
709 238 905 273 κατορθοῦντα,
930 239 974 265 οὖν

1031 238 1101 266 bene
1116 245 1337 274 comet-saniem,
1359 248 1413 268 non
1431 248 1500 277 cogo
1516 249 1570 269 non
1597 242 1743 277 volentem,
1768 254 1821 273 non

188 284 335 318 ἀναγκάζω
352 284 379 310 δὲ
395 283 440 311 16v
459 283 497 319 μὴ
518 283 691 319 βουλόμενον,
716 284 777 310 οὐδὲ
792 283 934 319 ἐπίταγμα
949 283 980 310 16

189 331 306 366 πρᾶγμα
324 329 405 356 ποιῶ.

226 386 275 412 Διὰ
299 385 325 412 τί
342 385 422 420 ’λέγει
448 386 541 421 μωρὰς
557 385 607 417 τὰς
629 385 782 421 παρθένους
805 385 855 418 τὰς
876 386 978 421 πέντες

188 429 259 455 Διότι
275 429 321 455 16v
345 429 509 464 δριμύτερον
529 429 575 456 καὶ
599 428 822 465 πολεμικώτερον
848 430 903 456 τῶν
927 439 980 457 σω-

189 475 282 510 μάτων
295 474 414 510 πόλεμον
428 474 562 509 βαστάσαι
573 475 739 510 δυνηθεῖσαι,
754 476 799 502 τὸν
813 475 979 511 κουφότερον

187 521 236 554 τῆς
258 521 427 555 μεταδόσεως
439 521 542 556 τρόπον
565 521 615 547 οὐκ
642 521 818 555 ἐφυλάξαντο.
846 522 922 557 ’Ὁσῳ
938 530 979 553 τις

188 567 228 597 εις
242 566 272 593 16
287 564 370 602 ἦττον
384 567 512 603 ἥττηται,
529 567 642 594 τοσοῦτο
659 567 760 601 μᾶλλον
773 567 977 602 ὰσύγγνωστος⁰

187 612 231 638 διὰ
251 612 330 639 τοῦτο
355 610 402 639 οὖν
417 613 518 647 μωραί.
537 613 570 639 Εί
588 612 616 639 δὲ
633 611 712 640 αὗται
731 613 836 648 μωραὶ,
860 613 886 639 at
911 612 979 648 μηδὲ

187 658 334 694 παρθενίαν
350 659 518 692 φυλάξαντες
539 660 586 686 καὶ
604 659 745 695 πλεονεξίᾳ
763 659 977 695 κεκρατημένοι,

185 705 213 732 τί
229 705 412 740 κληθήσονται
430 706 477 732 καὶ
491 706 653 739 πείσονται;

225 761 258 787 Δί
281 761 422 796 λαμπάδες
444 759 491 788 οὖν
509 762 683 797 σημαίνουσι,
701 762 751 796 τῆς
775 761 925 796 παρθενίας
947 762 979 788 16

186 806 323 842 λαμπρόν
336 807 383 833 τὸν
399 807 484 840 ἔλεον,
500 807 549 842 τὴν
574 807 771 843 ἐλεημοσύνην·
792 807 821 834 16
843 807 871 834 δὲ
889 807 979 842 χρονί-

187 853 244 885 ζειν
256 853 302 879 16v
330 853 468 888 Νυμφίον,
482 853 528 880 τὸν
543 854 592 880 οὐκ
607 854 697 888 ὀλίγον
710 853 806 888 χρόνον
824 853 865 885 είς
881 854 912 880 16
925 862 976 888 φα-

186 898 275 933 νῆναι·
301 898 333 924 16
352 898 380 924 δὲ
405 898 560 931 καθεύδειν,
585 898 632 925 τὸν
657 898 784 925 θάνατον’
808 898 839 925 16
862 899 890 926 δὲ
913 899 977 934 περὶ
994 915 1014 942 Β

187 944 272 978 μέσας
298 944 409 976 νύκτας,
427 944 444 979 ἢ
467 945 509 971 ὅτι
531 945 560 972 ὲν
585 944 664 971 νυκτὶ
685 945 702 980 ἠ
727 944 885 977 ἀνάστασις,
901 945 918 980 ἢ
937 945 977 971 ὅτι

184 990 364 1025 ἀπροοράτως
379 991 427 1017 καὶ
440 989 600 1024 ἁγνώστως·
617 990 648 1017 16
663 990 691 1017 δὲ
706 991 816 1025 αἰτῆσαι
832 991 907 1026 παρὰ
924 991 978 1017 τῶν

184 1037 323 1073 φρονίμων
346 1037 394 1064 καὶ
417 1037 456 1073 μὴ
482 1036 575 1064 λαϐεῖν
593 1036 679 1068 ἔλεον,
700 1037 741 1063 ὅτι
761 1036 848 1068 οὐδεὶς
863 1036 919 1063 τῶν
937 1037 977 1063 δι-

184 1083 269 1110 καίων
293 1084 351 1110 ἐκεῖ
366 1082 427 1110 τότε
454 1082 607 1118 προστῆναι
630 1091 704 1114 τινος
729 1082 841 1109 δύναται
868 1083 885 1119 ἢ
913 1082 976 1118 βοη-

184 1127 276 1163 θῆσαμ

224 1174 256 1201 Τί
281 1175 356 1201 εστιν
374 1173 414 1207 16,
440 1174 607 1208 Πορεύεσθε
621 1173 669 1200 καὶ
686 1173 855 1208 ἀγοράσατε
869 1172 977 1205 ςτοῦτο

182 1219 259 1246 εἶπεν
277 1221 310 1255 τῇ
328 1220 472 1256 παραϐολῇ
484 1219 664 1255 παραμένων,
681 1219 728 1245 καὶ
745 1219 865 1253 ὑφαίνων
879 1219 974 1255 αὐτὴν·

182 1265 198 1301 ἢ
214 1265 363 1301 εἰρωνικῶς
378 1266 496 1301 νοητέον,
512 1265 568 1298 ὅτε,
584 1265 678 1301 φησὶν,
691 1265 742 1291 οὐκ
758 1265 842 1292 ἐστιν.

226 1320 293 1347 Κατ’
316 1320 434 1356 ἔλλειψιν
461 1320 620 1356 περιοδικὴν
646 1322 766 1356 εῐρηται·
799 1319 888 1347 λείπει
922 1320 976 1356 γὰρ

182 1368 279 1398 οὕτως’
297 1369 353 1396 Καὶ
377 1370 391 1396 ὁ
411 1369 512 1404 Κύριος
527 1369 689 1396 ὲπιτελέσει·
711 1369 726 1405 ἤ
745 1370 762 1404 ἡ
782 1367 924 1404 παραϐολὴ
944 1368 974 1394 οὐ

182 1415 250 1450 πρὸς
263 1415 451 1447 ἀνταπόδοσιν,
468 1414 525 1442 ἀλλ’
540 1415 578 1447 ὡς
602 1414 750 1450 αὐτοτελὴς
774 1416 822 1441 καὶ
841 1414 888 1441 τοῦ
906 1422 975 1450 προ-

185 1462 338 1496 ηγουμένου
355 1462 438 1497 ρητοῠ
455 1461 529 1488 αιτία
542 1457 791 1497 εἴρηται-οἶονρὺκ
804 1461 905 1487 οἴδατε
916 1461 974 1493 τὴν

181 1508 295 1542 ἡμέραν
307 1508 379 1535 οὐδὲ
394 1507 452 1542 τὴν
463 1507 543 1542 ὤραν
553 1508 589 1534 ἐν
599 1505 618 1543 ᾖ
632 1508 648 1534 ὁ
670 1506 737 1540 Υἱὸς
749 1506 802 1533 τοῦ
816 1506 975 1541 ἀνθρώπου

181 1554 308 1590 ἔρχεται.
323 1554 373 1581 Διὰ
388 1554 414 1580 τί
428 1564 435 1586 ;
454 1554 560 1589 Ὥσπερ
580 1553 634 1589 γὰρ
651 1553 797 1588 ἄνθρωπος
813 1553 972 1588 ἀποδημῶν,

180 1601 266 1632 οὓτως
283 1601 403 1636 ἔρχεται·
422 1601 476 1627 ἀπὸ
500 1600 591 1626 κοινοῦ
611 1600 666 1636 γὰρ
682 1599 722 1632 16,
740 1599 867 1633 ἔρχεται·
884 1599 914 1625 16
931 1600 974 1625 αἰ-

181 1646 284 1682 φνίδιον
299 1647 327 1673 δὲ
341 1647 385 1673 διὰ
401 1646 481 1672 τοῦτο
497 1646 664 1681 παρίστησιν
679 1646 728 1681 τῆς
754 1645 908 1681 παρουσίας
925 1646 974 1672 αὺ-

180 1693 238 1720 τοῦ.
258 1690 324 1719 Εἶτα
341 1692 480 1726 ἐξυφαίνει
497 1693 526 1719 τὸ
548 1692 734 1728 παράδειγμα.
761 1693 814 1725 ’ος
831 1691 972 1725 ἐκάλεσε,

181 1740 274 1775 φησὶν,
290 1739 360 1772 τοὺς
374 1739 471 1771 ιδίους
484 1738 624 1771 δούλους,
640 1738 687 1765 καὶ
711 1738 783 1774 ἑξῆς·
800 1738 858 1765 ἔστι
877 1738 904 1765 δὲ
926 1738 974 1765 καὶ

180 1786 265 1821 χωρὶς
289 1785 334 1812 τοῦ
352 1786 406 1812 ἀπὸ
430 1785 521 1812 κοινοῦ
547 1785 578 1811 16
601 1785 683 1820 ῥητὸν
705 1784 743 1817 ὡς
765 1785 822 1820 ἔχει
846 1785 973 1821 φράσεως

179 1831 313 1859 ἑκλαῦεῖν·
331 1830 397 1864 οἷον,
415 1831 580 1867 Γρηγορεῖτε
601 1829 630 1858 οὗ
638 1840 658 1863 I,
683 1832 724 1858 ὅτι
750 1831 800 1858 οὐκ
817 1831 906 1857 οἴδατε
923 1831 973 1867 τὴν

180 1879 286 1914 ἡμέραν
296 1879 355 1905 οὐδὲ
367 1878 416 1914 τὴν
427 1877 501 1913 ὥραν
512 1879 540 1904 ὲν
581 1879 594 1904 ὁ
606 1877 669 1910 Υζδς
679 1877 725 1905 τοῦ
738 1877 881 1913 ἀνθρώπου
899 1878 972 1914 ἔρχε-

179 1932 234 1950 ται.
246 1924 326 1950 Διὰτί
336 1934 343 1957 ;
353 1925 459 1958 Ὥσπερ
468 1924 522 1959 γὰρ
533 1923 674 1958 ἄνθρωπος
684 1923 831 1958 ἀποδημῶν
843 1923 973 1950 ἐκάλεσεν

179 1972 242 2001 τοὺς
256 1970 336 2001 ἰδίους
350 1969 461 2000 δούλους
483 1970 529 1996 καὶ
544 1969 702 2004 παρέδωκεν
717 1969 809 1999 αὐτοῖς
833 1971 867 1995 τὰ
883 1969 972 2003 ὑπάρ-

180 2024 262 2051 χοντα
293 2015 387 2041 αὐτοῦ·
416 2015 463 2040 καὶ
491 2014 545 2049 γὰρ
560 2013 733 2048 ὑποστιγμῆς
759 2013 809 2048 μὲν
835 2013 906 2039 κατὰ
923 2013 972 2048 τὴν

177 2063 332 2096 ἀνάγνωσιν
347 2059 632 2095 παραλαμϐανομένης
647 2060 676 2086 ὲν
689 2058 972 2094 τῷ,ἀποδημῶν,τε-

179 2107 254 2138 λείας
270 2107 298 2133 δὲ
316 2108 344 2132 ἐν
369 2105 407 2141 τῷ
423 2104 528 2138 αὑτοῦ,
555 2104 684 2136 ἀϐίαστος
708 2105 722 2131 δ
739 2103 810 2136 νοῦς
822 2105 870 2130 καὶ
885 2105 902 2139 ἡ
923 2103 970 2130 τοῦ

180 2152 259 2186 λόγου
278 2151 416 2183 σύνταξις.

215 2207 265 2233 Διά
275 2206 302 2233 τί
313 2206 387 2240 λέγει
399 2206 441 2232 ὃτι
455 2205 594 2240 παραδοὺς
610 2204 645 2231 τὰ
657 2204 778 2231 τάλαντα
794 2205 850 2236 τοῖς
867 2204 971 2236 δούλοις

1034 291 1200 321 praeceptum
1217 286 1287 315 banc
1305 295 1361 315 rem
1380 288 1461 315 facio.

1066 384 1148 412 Vens.
1159 385 1186 412 2.
1202 385 1259 412 Cur
1273 385 1339 413 dicit
1362 386 1452 415 fatuas
1467 387 1588 423 virgines
1606 389 1666 417 illas
1680 391 1822 427 quinque?

1030 427 1098 460 Quia
1114 429 1242 456 acerbius
1258 435 1286 456 et
1301 430 1435 458 diﬁicilius
1450 431 1477 459 in
1489 441 1604 468 corpora
1620 434 1720 462 bellum
1741 438 1822 464 susti-

1030 480 1095 501 nere
1109 481 1172 502 cum
1191 477 1354 510 potuissent,
1379 477 1466 506 levius
1493 479 1546 507 olei
1576 482 1741 516 sumptionis
1759 483 1818 510 oﬁi-

1030 519 1102 546 cium
1119 527 1173 548 non
1189 522 1368 557 expleverint.
1383 524 1492 557 Quanto
1508 527 1570 561 quis
1596 527 1622 554 in
1645 529 1744 557 minori
1759 530 1819 557 vin-

1031 565 1118 598 citur,
1134 570 1215 594 tanto
1229 568 1321 596 minus
1338 569 1532 604 ignoscendus.
1550 573 1613 600 Ideo
1631 573 1713 609 igitur
1727 576 1818 604 stultae

1030 616 1095 638 sunt
1106 621 1113 645 ;
1125 613 1148 640 si
1164 621 1231 640 vero
1245 614 1304 642 ista:
1318 616 1419 648 stultae,
1429 617 1476 651 qui
1493 625 1548 645 non
1560 619 1742 653 virginitatem
1757 630 1818 650 ser-

1029 661 1162 684 vaverunt
1185 662 1213 685 et
1238 660 1360 688 avaritia:
1383 667 1545 697 paruerunt,
1571 667 1708 698 quomodo
1737 675 1818 694 voea-

1029 701 1132 729 bnntur
1143 707 1170 730 et
1184 705 1315 732 credent?

1065 756 1148 785 Vens.
1172 758 1199 785 5.
1215 758 1367 795 Lampades
1383 770 1448 797 ergo
1466 763 1622 799 signiﬁcant
1653 766 1818 801 virginitatis

1029 802 1218 837 splendorem;
1244 806 1334 833 oleum
1363 814 1438 842 vero,
1465 810 1684 846 eleemosynam;
1716 813 1816 847 Sponsi

1030 857 1118 882 mora,
1135 854 1243 886 tempus
1256 860 1310 880 non
1327 853 1408 881 breve
1419 855 1452 882 ad
1470 863 1499 883 se
1510 858 1727 892 ostendendum;
1740 867 1817 886 som-

1029 902 1092 928 nus,
1105 901 1241 929 mortem;
1260 898 1349 925 media
1374 907 1439 932 nox,
1456 901 1544 928 autin
1571 906 1651 930 nocte
1677 911 1819 932 resurrec-

1031 943 1145 976 tionem,
1156 949 1202 972 aut
1216 952 1270 972 non
1285 946 1372 973 visam
1386 955 1473 982 neque
1484 949 1619 984 cognitam
1632 949 1742 985 ;petitio
1752 959 1818 978 vero

1029 990 1082 1017 olei
1097 997 1111 1016 a
1123 991 1293 1026 sapientibus
1308 996 1334 1020 et
1353 994 1471 1029 negatio,
1489 996 1592 1023 nullum
1603 997 1744 1032 justorum
1760 998 1816 1025 illic

1030 1036 1162 1071 prodesse
1175 1041 1222 1064 aut
1239 1045 1319 1073 opem
1341 1038 1412 1067 ferre
1427 1040 1509 1069 alicui
1523 1046 1588 1070 tunc
1600 1050 1693 1078 posse.

1064 1174 1147 1203 Vens.
1166 1176 1192 1203 9.
1211 1176 1280 1210 Quid
1294 1182 1335 1205 est
1351 1188 1357 1205 :
1377 1179 1416 1206 Ite
1432 1184 1456 1207 et
1472 1180 1571 1207 emite?
1597 1181 1624 1209 ld
1644 1182 1712 1210 dicit
1736 1190 1816 1218 para-

1028 1222 1096 1250 bolas
1125 1223 1279 1251 insistendo
1298 1229 1325 1251 et
1344 1225 1417 1253 illam
1443 1227 1625 1262 explicando;
1643 1234 1690 1256 aut
1710 1229 1816 1258 ironice

1028 1268 1221 1303 intelligendus
1235 1275 1278 1297 est
1293 1271 1372 1306 quasi
1388 1279 1442 1299 non
1457 1273 1613 1307 invenietis,
1635 1275 1747 1303 diceret.

1062 1323 1145 1353 Vens.
1160 1325 1203 1352 14.
1219 1325 1269 1353 Per
1285 1326 1393 1362 phrasis
1407 1327 1514 1363 ellipsin
1527 1329 1645 1364 dicitur;
1656 1330 1732 1358 deest
1741 1332 1815 1359 enim

1027 1369 1102 1398 istud
1121 1380 1128 1398 :
1145 1371 1277 1400 Dominus
1302 1374 1436 1401 retribuet
1451 1375 1533 1407 sicut,
1552 1380 1614 1409 etc;
1630 1376 1670 1403 vel
1687 1377 1814 1411 parabola

1027 1424 1080 1444 non
1096 1417 1306 1446 correlationem
1320 1419 1434 1452 obtinet.
1450 1420 1497 1449 sed
1516 1425 1546 1449 ut
1562 1421 1772 1460 independentis
1786 1429 1815 1452 et

1027 1463 1208 1497 praecedentis
1217 1464 1283 1492 dicti
1301 1467 1456 1501 exemplum
1469 1467 1615 1503 exponitur
1629 1476 1636 1501 ;
1653 1469 1733 1503 quale
1752 1474 1793 1496 est
1806 1479 1813 1497 :

1025 1508 1140 1537 Nescitis
1153 1510 1223 1537 diem
1245 1519 1326 1546 neque
1342 1512 1436 1539 horam
1463 1513 1489 1540 in
1507 1521 1560 1548 qua
1585 1513 1673 1541 Filius
1702 1515 1816 1543 hominis
1846 1508 1849 1509 ν

1026 1555 1121 1582 veniet.
1135 1554 1243 1588 Quare?
1259 1555 1294 1584 Ut
1307 1557 1380 1584 enim
1399 1558 1482 1585 homo
1499 1560 1687 1594 peregrinans,
1714 1561 1754 1588 sic
1768 1569 1814 1588 ve-

1029 1601 1101 1635 niet;
1124 1601 1336 1630 indeterminate
1359 1603 1432 1630 enin]
1454 1605 1572 1632 sumitur
1594 1606 1659 1633 illud
1679 1615 1686 1634 :
1714 1605 1814 1636 Veniet.

1027 1646 1211 1683 Repentinum
1227 1653 1318 1676 autem
1331 1657 1348 1684 p
1357 1658 1387 1677 er
1399 1650 1452 1678 hoc
1462 1651 1561 1678 statuit
1572 1651 1632 1686 ejus
1647 1652 1794 1680 adventum
1806 1661 1815 1687 ;

1027 1693 1125 1721 deinde
1139 1694 1258 1730 explicat
1272 1697 1428 1732 exemplum
1445 1706 1452 1724 :
1472 1698 1517 1732 qui
1532 1699 1644 1731 vocavit,
1663 1699 1712 1731 ait,
1728 1708 1816 1727 urvo:

1026 1748 1099 1773 suos,
1116 1745 1169 1768 etc.
1186 1741 1234 1769 Est
1249 1746 1340 1770 autem
1367 1744 1555 1771 necessarium
1580 1752 1635 1772 non
1655 1745 1816 1774 indetermi-

1027 1792 1101 1819 nate,
1118 1792 1148 1814 ut
1165 1787 1275 1822 phrasis
1289 1796 1318 1816 se
1335 1789 1427 1823 habet,
1448 1790 1553 1817 dictum
1569 1790 1720 1826 intelligere
1735 1800 1742 1818 :
1760 1791 1815 1820 sci—

1026 1834 1102 1867 licet,
1121 1835 1232 1869 vigilate
1247 1843 1323 1870 ergo,
1344 1837 1410 1871 quia
1434 1837 1548 1866 nescitis
1571 1837 1642 1865 diem
1661 1845 1751 1873 neque
1763 1838 1814 1865 bo-

1026 1889 1097 1914 ram,
1109 1882 1135 1908 in
1150 1890 1202 1917 qua
1217 1882 1290 1910 ﬁlius
1303 1883 1424 1910 hominis
1439 1884 1540 1911 veniet.
1555 1884 1645 1917 Quare
1657 1884 1729 1911 sicut
1742 1884 1814 1912 enim

1027 1928 1109 1955 homo
1122 1936 1236 1964 peregre
1261 1930 1438 1963 proﬁciscens
1461 1930 1570 1957 vocavit
1596 1938 1691 1958 servos
1711 1937 1776 1958 suos
1789 1934 1813 1958 et

1026 1973 1138 2000 tradidit
1151 1973 1203 2001 illis
1215 1974 1285 2000 bona
1299 1981 1359 2001 sua.
1370 1974 1477 2001 Etenim
1490 1982 1538 2008 per
1552 1974 1688 2010 virgulam
1701 1975 1814 2010 legendo

1026 2017 1180 2050 appositam
1197 2020 1257 2050 post
1277 2025 1383 2052 peregre
1397 2018 1576 2052 proﬁciscens,
1603 2023 1735 2053 punctum
1749 2027 1814 2048 vero

1026 2065 1086 2096 post
1103 2069 1163 2094 sua,
1182 2069 1236 2088 non
1254 2069 1348 2089 coaeta
1362 2067 1403 2089 est
1424 2062 1603 2098 intelligentia
1629 2067 1658 2090 et
1680 2064 1814 2093 orationis

1025 2111 1159 2141 syntaxts.

1062 2203 1146 2231 Vens.
1163 2203 1206 2231 19.
1231 2203 1288 2232 Cur
1310 2205 1377 2232 dicit
1401 2205 1465 2240 quia
1488 2213 1549 2234 cum
1571 2206 1691 2235 dedisset
1713 2207 1812 2235 talenta

179 2253 339 2289 ἀπεδήμησε
353 2261 360 2286 ;
376 2252 410 2277 Ἣ
434 2251 483 2286 τὴν
500 2250 692 2286 μακροθυμίαν
714 2250 929 2285 ἐνδεικνύμενος,
954 2249 971 2285 ἢ

1026 2251 1122 2284 servis,
1141 2250 1281 2285 profectus
1296 2251 1355 2278 est?
1365 2252 1419 2279 Aut
1432 2256 1463 2279 ut
1477 2252 1602 2280 ostendat
1618 2252 1813 2289 longanimita-

179 2299 226 2326 16v
240 2299 468 2334 παρατεταμένον
488 2297 597 2332 καιρὸν,
615 2297 699 2332 μέχρι
714 2297 764 2332 τῆς
786 2297 970 2329 ἀναστάσεως.

179 2344 316 2371 Τάλαντον
325 2342 372 2371 οὖν
387 2345 403 2379 ἡ
415 2343 530 2370 ἑκάστου
544 2343 657 2378 δύναμις
666 2343 699 2378 ἣν
710 2342 790 2370 ἔλαϐε
800 2343 876 2378 παρὰ
886 2342 966 2370 Θεοῦ.

180 2390 216 2416 Τὸ
228 2390 352 2421 δὲ,Ἔδει
363 2397 400 2416 σε
412 2387 593 2415 καταϐαλεῖν
609 2388 643 2414 τὸ
653 2387 805 2414 τάλαντόν
811 2395 883 2421 μου,
892 2386 973 2414 τοῦτο

179 2436 264 2471 λέγει,
276 2436 306 2462 16
316 2437 404 2462 εἰπεῖν
419 2435 466 2462 καὶ
486 2434 652 2470 παραινέσαι
669 2435 717 2461 καὶ
733 2433 931 2469 συμϐουλεῦσαι
956 2433 970 2469 ἢ

180 2481 417 2517 συμϐουλευθῐψαι
438 2483 455 2516 ἢ
470 2481 680 2517 παραινεθῆναι.
699 2481 844 2516 Ἀργύριον
851 2479 880 2506 δὲ
893 2479 972 2507 καλεῖ

179 2529 315 2563 τέιΔὸγια·
325 2527 493 2565 τραπεζίτας
503 2528 543 2561 δὲ,
551 2529 613 2559 τοὺς
623 2527 783 2559 ἀκούοντας·
794 2527 873 2554 τόκον
881 2526 971 2562 δὲ,τὴν

179 2575 233 2602 τῶν
252 2575 341 2611 ἔργων
358 2574 488 2606 ἐπίδειξιν
504 2574 552 2601 καὶ
575 2574 709 2609 ἐργασίαν
724 2574 770 2600 ἐπὶ
786 2573 817 2600 16
835 2574 969 2608 κρεῖττον·

178 2621 295 2656 ἀρθῆναι
308 2621 336 2647 δὲ
352 2619 458 2647 κελεύει
473 2619 504 2646 16
519 2619 595 2646 δοθὲν
609 2619 751 2651 τάλαντον,
763 2618 835 2645 τοῦτ’
849 2618 923 2644 ἔστιν
937 2617 969 2644 16

179 2667 310 2702 χάρισμα,
328 2666 373 2693 ἀπ’
388 2665 482 2698 αὑτοῦ,
500 2665 548 2692 καὶ
564 2666 746 2702 προστεθῆναι
758 2665 798 2699 τῷ
815 2664 912 2700 ἔχοντι·
928 2664 972 2690 λέ-

179 2720 221 2745 γει
241 2712 269 2738 δὲ
283 2713 346 2747 περὶ
360 2711 531 2739 διδασκάλων
544 2712 580 2744 ὡς
593 2712 640 2739 ἐπὶ
655 2711 687 2739 16
701 2711 781 2738 πολύ.

213 2814 264 2841 Διὰ
277 2813 303 2839 τί
319 2814 429 2849 ἐρίφους
443 2814 507 2846 τοὺς
520 2812 712 2848 ἁμαρτωλοὺς,
727 2812 854 2848 πρόϐατα
864 2812 893 2838 δὲ
907 2812 970 2843 τοὺς

178 2860 299 2892 δικαίους
319 2861 412 2894 λέγεις
439 2861 502 2887 Ὅτι
523 2860 551 2894 ἐξ
568 2860 671 2895 ἐρίφων
690 2859 821 2895 πρόσοδος
839 2858 968 2893 οὐδεμία,

178 2907 211 2934 ὲκ
237 2907 266 2934 δὲ
293 2907 435 2942 προϐάτων
451 2907 548 2943 πολλὴ,
567 2907 596 2939 ὲξ
620 2906 704 2942 ἐρίου,
732 2907 763 2933 ὲκ
782 2905 910 2939 τοκετῶν,
937 2905 968 2931 ἐκ

1026 2300 1090 2329 tem,
1103 2301 1150 2324 aut
1166 2301 1274 2331 tempus
1290 2305 1346 2331 quo
1359 2297 1481 2325 distabat
1495 2306 1510 2325 a
1529 2299 1743 2327 resurrectione.
1760 2298 1812 2327 Ta-

1024 2342 1128 2370 lentum
1140 2349 1206 2376 ergo
1226 2346 1267 2369 est
1281 2341 1416 2377 cujusque
1428 2343 1469 2370 vis
1484 2350 1567 2378 quam
1582 2351 1597 2371 a
1615 2343 1669 2371 Deo
1686 2344 1810 2379 recepit;

1024 2387 1089 2414 illud
1101 2392 1194 2415 autem
1208 2396 1215 2414 :
1229 2386 1355 2422 Oportuit
1364 2392 1388 2414 te
1399 2389 1561 2415 comniittere
1571 2388 1700 2416 talentum
1714 2398 1812 2422 meum.

1024 2434 1124 2461 dicitur
1142 2433 1177 2461 ad
1202 2433 1413 2468 signiﬁcandum
1430 2434 1533 2462 monita
1550 2440 1576 2462 et
1602 2435 1717 2463 consilia
1734 2435 1811 2469 dare,

1023 2483 1071 2507 aut
1088 2479 1192 2507 monita
1211 2485 1238 2507 et
1264 2479 1378 2507 consilia
1397 2480 1522 2514 excipere
1539 2489 1545 2507 :
1560 2481 1703 2514 pecuniam
1720 2485 1810 2508 autem

1023 2529 1103 2552 vocat
1117 2525 1217 2558 verba;
1233 2525 1444 2558 nummularius,
1463 2533 1513 2553 eos
1525 2526 1571 2560 qui
1596 2526 1727 2558 audiunt;
1744 2533 1811 2553 usu-

1023 2577 1082 2597 ram
1096 2577 1161 2597 vero
1181 2577 1295 2604 operum
1309 2569 1561 2598 manifestationem
1575 2573 1602 2597 et
1619 2570 1807 2605 operationem

1024 2616 1050 2642 in
1067 2615 1177 2643 melius.
1193 2615 1265 2643 Tolli
1281 2621 1372 2644 autem
1396 2616 1475 2651 jubet
1497 2616 1569 2651 quod
1589 2615 1703 2643 dederat
1720 2615 1810 2642 talen-

1023 2667 1093 2696 tum,
1107 2663 1132 2690 id
1146 2668 1199 2695 est,
1212 2664 1327 2698 gratiam
1345 2671 1405 2699 quae
1415 2671 1447 2691 ex
1471 2663 1518 2690 illo
1532 2667 1585 2695 est,
1602 2666 1630 2690 et
1641 2661 1704 2689 addi
1718 2661 1744 2689 ei
1762 2662 1810 2695 qui

1023 2709 1120 2743 habet;
1151 2709 1273 2744 loquitur
1300 2711 1334 2738 de
1361 2709 1521 2737 doctoribus
1546 2713 1577 2736 ut
1605 2709 1632 2735 in
1666 2707 1810 2742 superiore
1844 2743 1848 2747 ‘

1022 2756 1117 2790 gradu.

1060 2810 1140 2839 Vens.
1162 2811 1208 2839 55.
1237 2811 1292 2838 Cur
1319 2811 1411 2839 haedos
1431 2815 1599 2846 peccatores,
1628 2816 1694 2837 oves
1718 2812 1812 2836 autem

1018 2856 1110 2889 justos
1124 2856 1298 2890 vocat?Qnia
1318 2865 1351 2885 ex
1378 2857 1464 2885 haedis
1480 2861 1627 2892 proventus
1651 2855 1754 2888 nullus,
1775 2862 1808 2882 ex

1021 2903 1121 2932 ovibus
1148 2908 1239 2931 autem
1261 2903 1376 2936 multus,
1408 2904 1435 2930 in
1451 2903 1525 2937 lana,
1549 2901 1694 2938 partubus,
1728 2902 1805 2936 lacte,
