2075 3157
197 214 261 247 1161

688 214 848 244 SCIIOLIA
868 213 1016 244 VETERA
1035 213 1075 244 IN
1096 214 1332 245 MATTH/EUM.

1751 216 1821 249 1162

199 271 313 302 Ἰούδας.
330 271 381 298 Διὶ
399 268 446 297 οὖν
462 270 512 306 τῆς
527 271 688 306 ἐπωνυμίας
703 271 816 307 χωρίζει
832 271 924 304 αὑτὸν,
942 271 974 297 ῖνι

1036 270 1102 302 das;
1120 279 1168 306 per
1183 278 1344 307 cognomen)
1359 271 1454 306 igitur,
1466 272 1635 308 designatur,
1647 281 1681 302 ue
1697 274 1822 304 videatur

195 317 235 353 μὴ
251 317 315 353 δόξῃ
328 316 432 348 ἐκεῖνος
444 314 524 344 εἶναι.
536 316 598 352 Χρὴ
608 317 636 343 δὲ
647 316 758 349 εἰδέναι,
774 317 822 344 καὶ
836 317 983 353 αὐτομάτῳ

193 365 300 399 κινήσει
316 363 395 390 τοῦτο
407 365 480 390 ποιεῖ
497 364 544 390 καὶ
559 364 673 399 χρυσίου
687 364 791 398 ὀλίγου.

230 409 346 444 Πρώτην
376 409 432 435 τῶν
463 408 591 444 Ἀζύμων
615 409 664 444 τὴν
691 410 745 444 πρὸ
766 410 822 436 τῶν
857 408 983 444 ’Δζύμων

194 455 278 489 φησίν
289 463 296 470 ·
317 454 428 481 εἰώθασι
450 454 503 489 γὰρ
522 455 577 482 ἀπὸ
594 455 644 490 τῆς
661 456 781 491 ἑσπέρας
798 456 842 482 ἀεὶ
856 456 982 491 ἀριθμεῖν

192 501 242 535 τὴν
254 499 372 535 ἡμέραν,
394 501 442 527 καὶ
454 500 557 535 ταύτης
572 501 767 536 μνημονεύειν,
784 500 844 527 καθ’
857 501 890 536 ἣν
904 501 934 528 ἐν
948 502 981 537 τῇ

191 545 299 581 ἑσπέρᾳ
317 546 347 572 τὺ
366 546 461 580 Πάσχα
482 545 594 580 ἔμελλεν
611 546 743 573 θύεσθαι·
757 547 790 582 τῇ
802 546 857 582 γὰρ
869 546 981 582 πέμπτῃ

193 592 250 618 τῶν
269 591 418 618 Σαϐϐάτων
444 591 616 627 προσῆλθον
641 592 688 619 καὶ
702 592 805 627 ταύτην
820 592 835 618 ό
858 592 909 627 μὲν
931 592 982 627 τὴν

192 637 246 672 πρδ
266 637 320 663 τῶν
345 637 471 671 Ἀζύμων
491 637 581 669 καλεῖ,
599 637 644 664 τὸν
659 638 756 672 καιρὸν
776 638 863 671 λέγων
877 637 938 665 καθ’
950 638 980 665 ὃν

190 683 342 718 προσῆλθον
355 691 361 698 ·
386 684 400 710 ό
414 683 441 709 δὲ
458 682 530 710 οὕτω
544 683 638 717 λέγει·
662 681 777 711 Ἦλθεν
795 684 829 710 δὲ
850 684 869 718 ἡ
885 685 980 718 ἡμέρα

190 729 250 756 τῶν
271 729 405 764 Ἁζύμων,
421 729 456 757 ἐν
469 727 488 765 ᾖ
502 729 563 756 ἔδει
578 730 702 757 θύεσθαι
725 730 759 756 τὸ
777 730 884 765 Πάσχα
901 739 908 746 ·
921 731 936 756 ὸ
950 731 979 758 δὲ

191 774 273 806 ἄλλος
295 774 498 809 εὐαγγελιστὴς
523 775 573 810 τὴν
598 775 719 810 ἑσπέραν
741 774 832 809 λέγει·
853 776 907 802 ἀπὸ
924 776 978 813 γὰρ

189 819 239 854 τῆς
252 819 372 854 ἑσπέρας
386 819 486 854 ἤρχετο
502 819 533 846 τὸ
550 819 654 855 Πάσχα.
675 821 725 847 Διὰ
746 820 772 847 τί
791 821 913 857 ἐρωτῶσι
925 822 978 849 ποῦ

192 866 351 900 ποιήσουσιν
369 865 400 891 τι
415 864 511 900 Πάσχα
526 873 533 897 ;
549 865 601 892 Διὰ
613 865 644 892 τὸ
661 865 699 901 μὴ
723 866 795 901 ἐχειν
816 867 898 894 αὐτὸν
910 875 978 894 κατ-

189 910 310 944 αγώγιον
325 911 397 946 μήτε
405 910 505 938 οὶκίαν.
517 912 567 937 Δια
578 911 605 938 τί
617 912 775 939 ἑπιτελεϊτὺ
790 912 904 948 Πάσχα;
917 913 977 940 Ἵνα

189 956 265 993 δείξῃ
276 957 318 984 ὅτι
335 957 374 992 μὴ
388 957 549 989 ὑπεναντίος
561 957 601 992 τῷ
615 957 690 993 νόμῳ
708 958 793 985 ἐστίν.

225 1003 276 1029 Διὰ
293 1003 319 1029 τί
335 1003 404 1039 πρὸς
418 1003 558 1037 ἄγνωστον
574 1003 679 1037 πέμπει
694 1004 851 1040 ἂνθρωπονς
864 1007 976 1039 Δεικνὺς

187 1049 229 1075 ὅτι
255 1048 342 1075 πάντα
365 1048 519 1076 ὑπακούει”
537 1050 586 1076 καὶ
611 1049 636 1076 εί
654 1049 762 1085 ἢθελεν,
785 1051 845 1077 οὐδὲ
862 1051 973 1080 ἔπαθεν.

190 1095 265 1120 Ἀνω
278 1093 333 1129 γὰρ
347 1093 397 1128 τὴν
411 1093 531 1121 διάνοιαν
543 1093 591 1120 τοῦ
612 1094 649 1129 μὴ
672 1095 852 1131 γνωρίζοντος
865 1096 974 1129 πείσας,

187 1138 283 1175 ὥσπερ
297 1139 346 1165 καὶ
376 1138 423 1165 τοῦ
445 1138 542 1174 κυρίου
557 1138 609 1174 τῆς
622 1138 697 1172 ὄνου,
718 1139 776 1171 πῶς
790 1139 840 1166 οὐκ
856 1140 889 1167 ἂν
912 1140 976 1172 τοὺς

187 1184 349 1220 σταυρωτὰς
364 1184 483 1217 ἔπεισεν,
499 1184 523 1210 εἰ
547 1184 690 1217 Modicam;
714 1185 786 1219 Ἐγὼ
799 1185 828 1212 δὲ
854 1185 885 1212 οὐ
910 1185 975 1212 θαυ-

187 1231 268 1266 μάζω
283 1231 365 1265 μόνον
377 1231 418 1257 ὅτι
434 1231 573 1265 ἄγνωστος
585 1230 623 1257 ὣν
635 1230 794 1263 ὑπεδέξατο,
805 1230 862 1257 ἀλλ’
876 1231 916 1258 ὅτι
927 1232 975 1259 καὶ

187 1276 308 1302 κίνδυνον
340 1275 517 1311 ὑφορώμενος
555 1276 760 1311 κατεφρόνησε·
797 1278 910 1312 σημεῖον
945 1277 974 1304 δὲ

186 1324 277 1354 αὐτοῖς
293 1322 385 1349 δίδωσι
404 1322 449 1349 τὸν
466 1323 497 1349 τὸ
521 1322 657 1358 κεράμιον
682 1322 864 1357 βαστάζοντα,
879 1323 973 1358 ἐπειδὴ

184 1370 232 1395 τὸν
257 1368 341 1395 τόπον
360 1369 487 1402 ἠγνόουν.
515 1368 563 1400 Τὸ,
594 1368 701 1402 Ῥίψον
718 1367 753 1394 τὰ
769 1368 916 1403 χρήματα,
942 1369 973 1395 οὐ

186 1413 345 1445 κελεύοντός
360 1414 446 1445 ἐστιν,
460 1413 529 1440 ἀλλὰ
544 1413 698 1448 συμϐούλου
710 1413 796 1445 ὄντος.
814 1414 843 1440 '0
859 1414 974 1449 πορνεύ-

186 1468 236 1491 σας
251 1459 304 1494 πρὸ
315 1460 398 1494 νόμου
411 1460 459 1485 καὶ
483 1460 513 1486 έν
528 1459 604 1494 νόμῳ
616 1459 663 1486 καὶ
680 1459 748 1494 μετὰ
762 1459 855 1494 νόμον,
873 1459 973 1494 πολλὴν

185 1506 242 1541 ἔχει
261 1507 310 1541 τὴν
332 1507 465 1542 διαφορὰν
486 1506 593 1533 καὶτοῦ
609 1507 810 1542 ἁμαρτήματος
830 1508 877 1534 καὶ
892 1516 974 1534 κατα-

187 1552 333 1587 κρίματος.
363 1553 547 1588 Ἐπόρνευσέν
563 1561 605 1584 τις
624 1553 714 1587 ἱερεὺς
727 1551 781 1580 ὧν·
810 1553 973 1588 ὲπόρνευσέν

1036 315 1088 343 iste
1100 317 1169 344 alter
1189 324 1261 344 esse.
1275 316 1389 352 Oportet
1403 322 1494 345 autem
1507 320 1578 346 scire
1595 320 1672 346 illum
1688 320 1740 347 hoc
1760 328 1821 356 pro-

1034 362 1095 397 prio
1112 367 1188 390 motu
1212 367 1240 390 et
1263 363 1298 390 ob
1323 363 1411 390 levem
1429 365 1572 398 pecuniam
1586 373 1677 400 agere.

1069 407 1151 435 Vens.
1162 407 1205 435 l7.
1217 407 1336 435 Primam
1350 409 1528 444 Azymornm,
1543 411 1614 438 diem
1630 416 1693 438 ante
1702 411 1820 447 Azyntos

1032 453 1108 481 dicit.
1127 453 1259 482 Solebant
1276 456 1348 482 enim
1367 463 1382 483 a
1399 463 1511 490 vespera
1527 464 1634 491 semper
1663 457 1735 485 diem
1766 466 1820 484 nu-

1032 504 1149 530 merare,
1165 502 1192 524 et
1207 498 1241 525 de
1265 498 1316 526 ista
1339 499 1424 534 loqui,
1451 500 1477 527 in
1494 508 1547 535 qna
1566 502 1599 528 ad
1615 509 1755 537 vesperam
1770 501 1821 530 Pa-

1031 543 1096 570 scha
1111 543 1247 571 immolari
1261 545 1388 572 debebat.
1400 545 1466 572 Nam
1484 547 1517 574 ad
1530 547 1653 581 quintam
1668 556 1682 575 a
1698 549 1820 576 Sabbato

1031 594 1231 622 processerant.
1248 594 1275 617 et
1286 591 1366 617 istam
1380 599 1452 619 unus
1459 592 1569 627 quidem
1584 593 1656 620 diem
1668 598 1732 621 ante
1746 594 1819 629 Δη-

1030 641 1090 661 mos
1109 640 1197 667 vocat,
1215 640 1323 670 tempus
1340 636 1465 664 indicans
1478 638 1511 665 ad
1522 639 1594 672 quod
1608 646 1818 673 processerant;

1030 679 1099 706 alter
1118 688 1181 707 vero
1196 680 1236 708 sic
1249 681 1315 708 dicit
1328 691 1334 708 :
1355 681 1467 709 Venerat
1483 690 1571 710 autem
1582 685 1637 712 dies
1647 686 1818 720 Azymorum,

1029 725 1056 751 in
1083 733 1135 759 qua
1157 727 1291 760 uportelmt
1323 728 1458 756 inmolari
1479 729 1603 762 Pascha;
1632 730 1702 759 alius
1725 736 1819 759 autem

1028 771 1194 805 evangelista
1210 780 1352 807 vesperam
1366 773 1443 807 dicit,
1461 782 1526 802 nam
1542 782 1557 802 a
1574 783 1690 811 vespera
1701 776 1820 811 incipie-

1028 815 1074 843 bat
1091 815 1207 844 Pascha.
1226 817 1284 845 Cur
1301 818 1473 854 interrogant
1491 828 1499 847 :
1514 819 1564 847 Ubi
1577 821 1752 849 comedemus
1765 821 1819 849 Pa-

1027 862 1115 889 scha?
1129 861 1169 890 Eo
1189 864 1261 897 quod
1293 871 1347 891 non
1373 864 1488 892 haberet
1515 865 1711 894 habitationem
1730 875 1819 903 neque

1027 906 1150 935 domum.
1169 908 1225 936 Cur
1241 909 1363 937 celebrat
1375 910 1500 938 Pascha?
1522 911 1557 940 Ut
1572 913 1699 940 ostendat
1714 921 1745 941 se
1763 913 1817 950 legi

992 945 1013 973 Β
1028 953 1218 981 adversantem
1231 961 1285 982 non
1304 962 1377 982 esse.

1063 996 1148 1026 Vens.
1167 999 1212 1026 is.
1240 1000 1298 1028 Cur
1328 1000 1362 1028 ad
1393 1001 1514 1035 ignotum
1545 1002 1685 1032 hominem
1713 1007 1816 1035 mittit?

1026 1042 1182 1073 Ostendens
1189 1046 1282 1073 omnia
1289 1046 1328 1074 illi
1336 1046 1464 1079 subesse;
1476 1049 1533 1076 etsi
1548 1049 1675 1085 voluerit,
1687 1059 1741 1080 non
1751 1061 1816 1088 pas-

1026 1096 1074 1117 sus
1089 1089 1189 1123 fuerit;
1207 1098 1270 1118 nam
1287 1099 1410 1127 superno
1426 1098 1503 1121 motu
1528 1093 1651 1124 hominis
1672 1104 1727 1124 non
1750 1106 1814 1126 eum

1026 1136 1166 1164 noscentis
1190 1143 1307 1165 mentem
1334 1139 1502 1173 persuadens
1530 1144 1561 1168 ut
1588 1141 1691 1170 domini
1717 1144 1814 1176 asime.

1025 1182 1163 1218 quomodo
1173 1190 1227 1210 non
1237 1184 1416 1212 orucilixores
1424 1185 1619 1220 persuasisset,
1630 1188 1653 1215 si
1661 1189 1814 1218 voluisset?

1026 1226 1084 1263 Ego
1095 1236 1170 1261 vero,
1184 1237 1238 1257 non
1248 1231 1337 1257 solum
1349 1231 1473 1259 admiror
1487 1233 1559 1267 quod
1576 1233 1684 1268 ignotus
1696 1243 1759 1264 cum
1773 1237 1815 1265 illi

1026 1271 1118 1305 luerit.
1136 1274 1209 1302 ltunc
1229 1277 1374 1311 acceperit,
1395 1277 1442 1304 sed
1453 1279 1526 1312 quod
1545 1279 1704 1314 lpcriculum
1722 1284 1814 1319 suspi-

1025 1320 1101 1348 ciens
1119 1328 1216 1355 parum
1231 1322 1378 1350 curaverit.
1393 1323 1443 1351 His
1464 1331 1528 1352 vero
1546 1325 1656 1360 signum
1669 1327 1715 1355 dat
1729 1328 1813 1356 Chri-

1025 1372 1085 1394 stus
1100 1366 1238 1393 hominem
1267 1375 1365 1395 urnam
1390 1375 1529 1403 gerentem
1542 1390 1550 1403 ,
1568 1373 1698 1406 quoniam
1722 1373 1812 1402 locum

1025 1419 1078 1439 non
1100 1412 1315 1448 cognoscebant.
1340 1413 1494 1442 Libationu
1513 1416 1605 1451 funde,
1631 1425 1687 1445 non
1715 1420 1815 1455 praeci-

1025 1456 1138 1490 pientis,
1155 1457 1203 1484 sed
1228 1458 1399 1485 consiliantis
1416 1463 1468 1487 est.
1484 1459 1536 1492 Qui
1554 1462 1744 1491 meretricatus
1769 1468 1814 1493 est

1024 1506 1088 1529 ante
1109 1502 1208 1537 legem,
1222 1503 1249 1530 in
1266 1503 1325 1539 lege
1350 1509 1378 1531 et
1392 1510 1457 1540 post
1477 1506 1561 1541 legem
1578 1508 1691 1535 multam
1711 1509 1814 1544 praebet

1024 1547 1205 1575 dill'erentiam
1219 1549 1281 1576 etin
1293 1549 1372 1584 culpa
1382 1558 1388 1576 :
1398 1551 1459 1578 etin
1474 1553 1712 1583 condemnatione.
1724 1555 1814 1593 Merc:

183 1607 257 1630 ¹τινος
283 1599 380 1634 ίερέως
403 1598 542 1634 θυγάτηρο
559 1600 576 1634 ἡ
599 1599 650 1634 μὲν
665 1597 803 1634 ἀνῄρητο,
816 1599 833 1634 ὴ
853 1599 882 1626 δὲ
903 1608 972 1626 κατ-

1027 1592 1140 1621 tricatus
1150 1598 1192 1621 est
1200 1594 1311 1628 quidam
1323 1596 1468 1629 Sacerdos;
1482 1597 1653 1626 meretrieata
1666 1601 1812 1636 cstcujns-

184 1645 337 1679 επρήθετο·
353 1645 383 1671 οὐ
411 1644 492 1680 μόνον
510 1645 547 1676 ὡς
573 1644 664 1678 πλέον,
691 1642 779 1680 οἶμαι,
807 1644 970 1680 διδαχθεῖσα,

184 1690 252 1717 ἀλλὰ
267 1691 315 1718 καὶ
338 1691 386 1718 τὸν
411 1690 487 1726 ἱερέα
519 1690 648 1718 δεικνῦσα
672 1691 722 1726 ὅση
752 1691 770 1726 ὴ
797 1690 970 1727 κατάκρισις,

186 1736 288 1770 μᾶλλον
319 1737 344 1763 εί
368 1736 474 1769 ἐκεῖνος
512 1736 699 1772 πορνεύσειεν.
734 1736 902 1773 Ἐπορνεύθη
929 1745 972 1769 τις

184 1780 292 1816 βιαίως,
307 1781 460 1818 ὲπορνεύθη
483 1790 526 1814 τις
543 1782 670 1816 πλουσία,
687 1782 823 1818 πενομένη
835 1791 843 1797 ·
861 1783 928 1809 πολὺ
941 1781 972 1809 τὸ

182 1827 321 1862 διάφορον.
351 1827 530 1863 Ἑπόρνευσέν
542 1837 584 1860 τις
594 1827 772 1861 ἀδάπτιστος,
786 1827 971 1864 βεσαπτισμέ-

184 1873 245 1904 νοςι·
264 1872 332 1900 πολὺ
342 1873 374 1900 τδ
392 1873 475 1909 μέσον
485 1873 598 1901 τούτων.

219 1965 269 1991 Διὰ
283 1965 310 1991 τί
322 1961 411 1997 εἷπεν,
426 1961 478 1998 ΕΪς
494 1964 529 1997 ἐξ
550 1964 635 1999 ὑμῶν
648 1965 819 2000 παραδώσει
835 1973 892 2000 pe;
905 1966 972 1992 Βου-

183 2009 298 2044 λόμενος
315 2009 396 2036 αὑτὸν
417 2009 456 2044 μὴ
476 2009 656 2044 αίσχυνθέντα
676 2009 725 2036 καὶ
744 2010 909 2043 ἀπογνόντα,
934 2010 972 2041 ὡς

185 2055 236 2091 ἢδη
248 2055 391 2090 νοηθέντα.
406 2057 573 2090 μετανοῆσαι
585 2056 631 2082 καὶ
651 2055 782 2082 διασῶσαι
803 2055 894 2082 αὐτόν.
916 2055 972 2082 Καὶ

183 2100 229 2127 διὰ
239 2101 266 2127 τι
278 2101 359 2128 αὑτὸν
372 2100 537 2135 ἑξεκάλυψεν
547 2109 554 2133 ;
571 2100 681 2137 Ἐπειδὴ
690 2101 784 2134 ελεγον
794 2108 802 2115 ⁸
812 2100 890 2134 Μήτι
915 2100 971 2135 ἐγώ

182 2146 253 2180 ειμι,
269 2146 358 2180 Κύριε
364 2154 374 2178 ;
391 2145 438 2172 καὶ
450 2145 671 2176 ἀπετεθνήκεσαν
686 2145 725 2181 τῷ
735 2145 791 2172 δέει
802 2152 811 2161 ⁸
823 2145 866 2172 ῐνα
882 2144 920 2181 μὴ
937 2146 970 2181 τῇ

185 2190 368 2226 περισσοτέρᾳ
382 2189 455 2226 λύπῃ
469 2190 672 2217 καταποθῶσιν.

218 2236 298 2267 Τίνος
312 2235 407 2262 ἕνεκεν
432 2235 492 2270 μετ’
520 2234 605 2262 αὐτοῦ
631 2235 750 2262 ἔσαπτεν
773 2235 788 2261 ὁ
816 2235 969 2270 προδότηςς

188 2282 256 2308 ’Δπὸ
272 2281 375 2316 πολλῆς
400 2281 581 2317 ἰταμότητος·
607 2281 668 2308 οὐδὲ
691 2281 746 2316 γὰρ
769 2281 863 2308 λοιπὸν
889 2282 970 2317 ὲτίμα

183 2327 231 2353 τὸν
255 2327 432 2355 Διδάσκαλον.
459 2327 575 2360 Χριστὸς
598 2327 628 2354 δὲ
652 2326 808 2362 ἐκαρτέρει,
827 2327 969 2355 λανθάνειν

184 2371 359 2407 βουλόμενος,
374 2372 417 2399 ἶνα
433 2372 477 2399 διὰ
492 2372 587 2400 τούτου
604 2372 756 2408 ἐπιστρέψῃ
776 2372 858 2399 αὐτόν
870 2380 878 2388 ·
895 2372 912 2407 ἢ
923 2373 970 2400 καὶ

183 2418 258 2452 ἡμᾶς
272 2417 411 2444 παιδεύων
425 2417 614 2453 μακροθυμεῖν
630 2417 700 2453 πρὸς
712 2418 969 2453 ἀναισχυντοῦντας.

214 2463 264 2489 Διὰ
279 2462 306 2489 τί
316 2462 402 2497 λέγει,
418 2463 450 2489 ὀ
462 2463 521 2498 μὲν
538 2463 604 2496 Υίὸς
619 2464 673 2490 τοῦ
686 2461 969 2498 ἁνθρώπουύπάγει,

184 2507 282 2541 καθὼς
303 2508 466 2543 γέγραπται
488 2508 556 2544 περὶ
580 2508 695 2541 αὑτοῦ;
725 2508 898 2544 Προσέθηκεν
927 2508 969 2540 τὸ,

181 2555 356 2589 γέγραπται,
383 2555 427 2583 ἵνα
455 2555 494 2591 μὴ
519 2555 668 2591 νομίσωσιν
684 2555 827 2582 ἀσθένειαν
856 2552 971 2582 εἶναιτὸ

184 2601 319 2636 πρᾶγμα·
338 2600 379 2627 ἔτι
402 2601 433 2628 δὲ
459 2602 506 2628 καὶ
529 2602 576 2628 τὸν
603 2601 737 2636 προδότην
761 2601 969 2636 διορθούμενος’

187 2646 232 2673 ῐνα
249 2646 365 2681 νομίσας
378 2646 561 2682 ἀποκείμενον
576 2647 651 2682 αὺτῷ
669 2646 700 2674 τὸ
717 2646 824 2679 παθεῖν,
836 2646 874 2678 ὡς
889 2646 927 2682 μὴ
941 2646 972 2673 τὸ

184 2691 239 2718 πᾶν
252 2690 380 2723 πταίσας,
394 2691 475 2722 αὐτὸς
485 2691 598 2727 καμφθῇ
611 2691 679 2727 πρὸς
695 2692 851 2727 μετάνοιαν.

220 2736 294 2772 Ποίῳ
317 2737 413 2772 σκοπῷ
438 2736 514 2772 λέγει
536 2737 637 2769 Ἰούδας
655 2737 697 2770 τὺ,
713 2736 790 2772 Μήτι
814 2734 872 2771 ἐγώ
892 2737 971 2771 situ;

190 2782 377 2818 Ἆναισχύντῳ
400 2784 449 2810 καὶ
479 2783 593 2818 ὑπόπτῳ
618 2783 768 2818 συνειδήσει
790 2783 969 2818 τυπτόμενος.

185 2827 235 2855 Διὰ
250 2827 276 2855 τί
290 2828 376 2861 οὕτως
390 2827 468 2856 εἶπεν
481 2829 612 2865 Χριστὸς,
633 2829 675 2856 Σὺ
695 2827 794 2863 εἶπας,
817 2828 875 2856 ἀλλ’
900 2828 971 2864 οὐχὶ,

184 2869 220 2900 Ὠ
234 2874 317 2909 μιαρὲ
343 2874 390 2901 καὶ
413 2875 564 2910 ἁχάριστε;
590 2875 777 2908 ’Δνεξικακίας
802 2875 883 2911 ὅρους
905 2876 972 2910 ἡμῖν

181 2918 338 2952 τιθεις.Διὰ
355 2919 382 2946 τί
405 2920 562 2954 ἐγκαλεῖται
591 2921 703 2956 Ἰούδας,
727 2922 762 2949 τὰ
785 2921 973 2958 γεγραμμένα

339 2968 476 3000 Pauor“
495 2971 554 3002 Gn.
571 2971 646 3002 CVI.

1027 1638 1090 1665 dam
1107 1639 1259 1667 sacerdotis
1283 1639 1353 1673 (ilia;
1383 1640 1428 1667 illa
1444 1641 1555 1676 quidem
1575 1643 1664 1671 ablata
1689 1652 1741 1679 est,
1764 1647 1811 1674 illa

1023 1688 1114 1711 autem
1129 1685 1283 1712 venundata
1297 1690 1352 1719 est;
1370 1694 1424 1713 non
1437 1687 1525 1714 solum
1542 1690 1640 1724 magis,
1657 1695 1687 1718 ut
1700 1691 1810 1726 opinor,

1022 1729 1129 1764 edocta,
1143 1730 1189 1758 sed
1197 1731 1331 1759 sacerdoti
1339 1733 1486 1761 ostendens
1493 1742 1553 1769 quae
1562 1734 1643 1763 fuerit
1649 1738 1812 1766 condemna-

1024 1775 1071 1807 tio,
1084 1776 1235 1810 praesertim
1250 1777 1273 1804 si
1289 1777 1341 1806 iste
1358 1779 1548 1808 meretrieatus
1559 1781 1604 1808 sit.
1617 1781 1812 1812 Meretricatur

1023 1821 1147 1856 quaedam
1158 1822 1300 1855 violenter,
1310 1825 1632 1862 meretricaturquaedam
1648 1829 1734 1862 dives,
1743 1838 1812 1865 pau-

1023 1875 1087 1902 per:
1104 1868 1188 1895 multa
1203 1873 1245 1896 cst
1258 1869 1419 1898 differentia.
1434 1871 1619 1901 Meretricatus
1636 1879 1680 1902 est
1694 1883 1748 1903 non
1762 1876 1810 1903 ba-

1022 1913 1152 1947 ptizatus,
1168 1920 1215 1941 aut
1227 1915 1397 1949 baptizatus:
1410 1917 1523 1945 multum
1539 1919 1651 1948 interest
1665 1921 1736 1948 inter
1748 1930 1808 1950 eos.

1060 1959 1145 1987 Vens.
1155 1960 1201 1987 2L
1217 1960 1273 1988 Cur
1287 1962 1355 1988 dicit
1367 1970 1375 1988 :
1391 1961 1464 1989 Unus
1474 1969 1589 1991 vestrum
1604 1974 1644 1992 me
1658 1968 1809 1995 traditurus

1021 2005 1085 2030 esl.’
1110 2002 1170 2029 Vult
1183 2003 1270 2035 illum,
1288 2006 1339 2032 etsi
1364 2013 1418 2032 non
1436 2007 1572 2036 erubescit
1596 2014 1623 2036 et
1639 2015 1730 2045 negat,
1751 2012 1808 2046 jam

1023 2048 1191 2075 intellectum
1213 2056 1244 2076 se
1263 2050 1428 2077 sentientem
1447 2053 1579 2086 paenitere
1596 2059 1623 2081 et
1640 2056 1751 2084 salvari.
1776 2057 1810 2086 Et

1022 2099 1073 2119 cur
1098 2092 1174 2119 illum
1189 2092 1340 2127 patefecit?
1358 2094 1429 2127 Quia
1445 2096 1574 2124 dicebant
1591 2107 1598 2126 :
1618 2099 1744 2134 Nunquid
1763 2110 1810 2136 ego

1021 2145 1090 2170 sum,
1111 2137 1220 2165 Domine
1227 2138 1240 2164 Ρ
1249 2142 1278 2166 et
1291 2138 1388 2168 timore
1399 2140 1578 2177 disperibant,
1591 2151 1625 2172 ne
1636 2145 1722 2173 nimio
1733 2146 1809 2176 luctu

1024 2183 1222 2216 allligerentur.

1058 2228 1142 2257 Vens.
1158 2229 1204 2257 εδ.
1219 2229 1310 2263 Quare
1323 2239 1386 2259 cum
1406 2231 1453 2260 illo
1467 2232 1575 2269 intingit
1599 2236 1722 2271 proditor
1740 2238 1753 2265 ί
1768 2238 1810 2267 0b

987 2271 1008 2300 ῐ)
1025 2283 1152 2310 magnam
1178 2275 1388 2310 impudentiam,
1415 2285 1478 2305 nam
1503 2279 1559 2313 jam
1586 2288 1640 2308 non
1658 2281 1811 2312 honorabat

1024 2318 1196 2355 Magistrum.
1224 2320 1353 2349 Christus
1376 2327 1467 2350 autem
1482 2325 1646 2360 sustinebat,
1670 2330 1811 2357 occultare

1022 2366 1129 2399 volens,
1148 2370 1177 2393 nt
1190 2374 1238 2401 per
1260 2367 1313 2394 hoc
1335 2367 1412 2395 illum
1432 2375 1624 2405 converteret;
1644 2379 1692 2402 aut
1712 2380 1742 2402 ut
1758 2384 1810 2404 nos

1019 2417 1147 2440 moneret
1164 2412 1337 2448 longanimos
1351 2421 1412 2442 esse
1430 2414 1457 2441 in
1473 2415 1656 2450 impudentes.

1059 2457 1144 2486 Vsus.
1157 2458 1203 2486 24.
1224 2459 1280 2486 Cur
1296 2459 1362 2487 dicit
1378 2468 1385 2487 :
1402 2459 1492 2488 Filius
1512 2463 1619 2496 quidem
1633 2459 1748 2494 hominis
1762 2476 1808 2494 va-

1020 2504 1071 2537 dit,
1084 2505 1152 2532 sicut
1174 2505 1303 2539 scriptum
1320 2509 1359 2532 ut
1375 2505 1407 2533 de
1420 2505 1468 2533 illo
1479 2507 1492 2533 .’
1509 2507 1620 2536 Addidit
1642 2510 1720 2542 illud,
1742 2513 1810 2538 uri-

1021 2555 1095 2585 ptum
1108 2555 1158 2583 est,
1172 2558 1208 2578 ne
1219 2556 1347 2586 putarent
1367 2559 1424 2579 rem
1439 2553 1604 2581 debilitatem
1623 2563 1702 2589 esse;
1717 2558 1809 2586 adhuc

1024 2601 1115 2623 autem
1131 2600 1162 2623 ut
1186 2597 1352 2631 proditorem
1375 2597 1541 2632 corrigeret,
1564 2604 1593 2626 ut
1612 2601 1759 2629 arbitratus
1782 2604 1807 2630 ei

1024 2646 1193 2669 reservatum
1212 2648 1274 2668 esse
1301 2641 1356 2675 pati
1382 2645 1512 2676 tanquam
1530 2643 1624 2670 omnia
1646 2645 1806 2680 complenti,

1025 2688 1083 2722 ipse
1096 2686 1249 2714 adducatur
1264 2687 1298 2714 ad
1317 2686 1517 2721 pmnitentiam.

1061 2732 1144 2760 Vens.
1161 2732 1207 2760 25.
1227 2731 1285 2765 Qua
1301 2732 1409 2759 ratione
1424 2731 1491 2760 dicit
1503 2732 1589 2762 ludas
1601 2743 1608 2762 :
1620 2734 1748 2771 Nunquid
1760 2747 1810 2774 ego

1023 2786 1080 2806 sum
1091 2778 1265 2813 “mpudenti
1281 2782 1307 2805 cl
1320 2777 1451 2805 dillidenti
1461 2779 1627 2807 ronscientia
1639 2786 1741 2811 motus.
1752 2784 1810 2812 Cur

1023 2825 1060 2853 ita
1075 2825 1142 2853 dicit
1159 2825 1285 2852 Christus
1306 2832 1314 2852 :
1331 2823 1371 2851 Tu
1387 2823 1493 2858 dixisti,
1509 2829 1536 2852 ct
1552 2833 1618 2858 non,
1644 2827 1764 2858 Sceleste
1779 2839 1808 2859 et

1024 2871 1151 2907 ingrate?
1168 2870 1311 2898 Patientia-
1337 2870 1470 2898 terminos
1497 2870 1577 2898 nobis
1599 2876 1733 2903 statuens.
1752 2876 1809 2904 Cur

1024 2917 1146 2953 arguitur
1176 2916 1261 2944 ludas
1287 2915 1385 2944 iecisse
1409 2923 1471 2950 qua:
1497 2924 1512 2944 a
1536 2917 1676 2952 prophetis
1703 2922 1807 2958 scripta

1580 2966 1620 2997 37
