2075 3157
256 211 326 245 1163

610 206 806 238 OPUSCULA
824 203 1143 235 SCRIPTURISTICA
1162 202 1337 232 INCERTfE
1352 201 1508 232 IETATIS.

1817 197 1887 230 1164

253 269 349 299 erant?
372 267 508 302 Quoniam
535 273 589 293 non
615 266 665 291 hac
689 267 780 291 mento
809 261 876 289 illud
896 261 970 293 fecit,
999 260 1045 288 sed

1102 259 1175 294 παρά
1186 257 1334 294 προφητῶν
1343 258 1458 293 ποιήσα;
1469 266 1477 290 ;
1495 256 1605 292 Ἐπειδὴ
1618 256 1741 291 οὔταύτῃ
1750 257 1783 291 τῇ
1794 255 1892 292 γνώμῃ

255 316 377 351 maligna
393 314 564 345 intentione;
589 314 699 345 oportet
718 309 792 336 enim
819 307 989 342 propositum
1018 305 1046 333 in

256 362 386 391 omnibus
405 359 559 394 erquirere.
576 356 632 384 Cur
647 363 702 382 non
719 355 870 390 interrogat
883 361 897 380 a
910 352 1047 388 principio

256 407 343 435 ludas
364 415 370 433 :
389 403 518 439 Nunquid
539 410 586 437 ego
600 409 658 428 sum
673 401 685 428 ζ)
700 400 746 428 sed
761 404 822 435 post
837 398 922 426 alios?
936 397 1048 432 putabat

255 453 338 481 modo
349 452 433 479 latere
444 448 576 483 ;dicendo
590 452 694 479 autem,
707 446 846 480 Magister,
858 444 1003 471 irridenter
1018 446 1046 470 et

256 495 434 531 impudenter
451 492 585 527 loquitur.
602 491 746 525 Quomodo
763 490 911 516 Mattlneus
931 488 1006 519 dicit,
1021 492 1048 514 et

256 540 433 575 evangelista:
452 538 510 571 alii,
527 537 601 572 quod
620 536 665 563 ubi
682 534 847 571 praeparavit
865 533 1047 569 proditionem

256 588 353 620 Judas,
375 591 442 613 tunc
458 585 558 612 invasit
574 591 636 611 cum
663 582 811 614 diabolus;
837 579 958 608 Joannes
984 586 1048 607 vero

256 634 334 667 dicit,
347 632 411 660 Post
427 631 574 658 buccellam
590 630 699 656 intravit
712 629 739 655 in
757 635 816 655 eum
829 626 966 654 Satanas?
980 624 1048 658 Quia

257 681 334 708 illum
363 679 390 706 in
421 677 556 713 principio
581 675 721 710 inspirans
751 678 857 701 tantum
878 677 903 699 et
929 675 1047 702 tentans,

257 731 399 762 postremo
415 724 455 752 sic
479 722 602 754 intravit,
618 722 655 749 ita
673 725 702 748 ut
723 725 872 753 utrumque
895 725 990 745 verum
1008 716 1049 744 vi—

257 761 368 800 deatur.
395 770 517 797 Tantum
535 772 595 795 erat
624 766 802 801 imptenitens
826 764 925 796 Judas,
947 767 978 791 ut
1006 761 1050 790 vel

259 823 321 853 post
357 813 562 844 communionis
600 811 841 848 participationem
881 807 1047 841 remanserit

257 863 430 893 obduratus;
448 860 513 887 inde
538 858 659 886 Joannes
685 856 711 884 id
730 857 847 883 innucns
873 854 958 887 dicit,
980 853 1044 880 Post

257 905 525 936 buccellantintravit
543 905 571 931 in
590 912 650 931 eum
683 902 810 931 Satanas.
826 901 883 929 Cur
897 900 920 928 si
946 899 1050 927 Pascha

1097 305 1176 332 τοῦτο
1192 304 1353 339 πεποίηκεν,
1368 303 1436 330 ἀλλά
1449 303 1557 338 πονηρᾷ
1572 303 1748 339 προαιρέσει·
1764 301 1817 337 χρὴ
1837 302 1893 337 γὰρ

1097 350 1143 377 τὸν
1168 350 1271 377 σκοπὸν
1286 350 1426 383 ἐξετάζειν
1442 349 1591 384 πανταχοῦ.
1611 350 1661 375 Διὰ
1681 349 1708 376 τί
1728 349 1779 375 οὐκ
1804 350 1894 384 ἐρωτᾷ

1098 396 1128 430 ἐξ
1145 396 1233 432 ἀρχῆς
1250 396 1264 423 6
1285 396 1397 428 Ἰούδας,
1412 395 1460 429 Μή
1476 404 1502 422 τι
1518 395 1576 430 ἐγώ
1587 397 1663 430 situ;
1683 395 1742 422 ἀλλ’
1755 395 1793 426 ὼς
1812 395 1893 428 ἐσχα-

1098 450 1144 474 τος
1157 451 1165 475 ;
1188 441 1292 468 Ἐδόκει
1316 441 1386 473 τέως
1408 441 1552 468 λανθάνειν
1565 448 1572 455 ·
1588 441 1617 468 τὸ
1632 440 1661 468 δὲ
1684 442 1783 473 εἰπεῖν,
1797 438 1835 467 Ὠ
1851 440 1894 466 ὄι-

1099 488 1249 520 6άσκαλε,
1265 487 1441 523 διασύροντος
1452 487 1532 514 τοῦτό
1547 488 1605 514 ἑστι
1620 487 1667 513 καὶ
1682 486 1791 521 ἰταμοῦ.
1808 486 1869 517 Πῶς
1879 485 1893 511 6

1099 534 1240 565 Ματθαῖός
1267 542 1351 569 φησιν
1371 533 1418 561 καὶ
1442 534 1466 560 οι
1494 533 1568 560 ἄλλοι
1592 533 1646 560 τῶν
1678 531 1891 566 εὐαγγελιστῶν,

1099 580 1140 607 ὅτι
1159 579 1204 606 ὅτε
1219 579 1385 612 συνετάξατο
1406 579 1471 614 περὶ
1493 579 1543 614 τῆς
1568 578 1714 614 προδοσίας
1735 579 1750 605 6
1783 577 1892 608 Ἰοέδας,

1100 627 1161 652 τότε
1176 626 1259 652 αὐτὸν
1279 626 1293 652 6
1313 625 1436 657 διάϐολος
1452 622 1526 652 εἶλεν
1538 644 1546 657 ,
1575 626 1589 652 6
1604 624 1632 652 δὲ
1665 624 1791 659 Ἰωάννης
1819 624 1893 657 λέγει

1099 671 1153 704 ὅτι,
1170 671 1250 698 Μετὰ
1260 670 1294 696 τὸ
1306 670 1426 705 ψωμίον
1436 669 1580 704 εἰσῆλθεν
1598 670 1642 702 εις
1662 669 1756 696 αὑτὸν
1769 670 1785 695 ὁ
1799 670 1892 695 Σατα-

1100 716 1178 750 νᾶς;
1196 717 1258 743 Ὅτι
1271 716 1474 748 διακωδωνίσας
1489 715 1572 743 αὐτὸν
1587 716 1616 742 ἰν
1630 716 1664 750 τῇ
1680 716 1752 750 ἀρχῇ
1766 715 1813 741 καὶ
1834 715 1893 741 πξῖ-

1102 770 1153 799 ραν
1169 762 1368 798 ποιησάμενος,
1386 761 1459 789 οὕτω
1475 761 1587 793 τελείως
1615 761 1757 796 εἰσῆλθεν·
1774 760 1845 787 ὥστε
1859 759 1894 787 τὰ

1101 809 1245 846 ἀμφότερα
1263 809 1352 844 ἀληθῆ
1368 809 1454 835 ἐστιν.
1473 808 1607 835 Τοσοῦτον
1627 805 1662 843 ἦν
1684 807 1893 843 ἀμεταμέλητος

1101 855 1116 881 6
1135 854 1247 886 Ἰούδας,
1264 854 1305 881 ὅτι
1322 854 1369 880 καὶ
1384 853 1435 886 τῆς
1450 852 1595 884 κοινωνίας
1606 851 1766 887 μεταλαχών
1783 851 1892 886 ἔμεινεν

1102 899 1289 934 ἀσυνείδητος.
1307 899 1390 925 Ὅθεν
1404 898 1486 926 τοῦτο
1500 897 1589 934 δηλῶν
1602 897 1617 924 6
1646 897 1774 932 Ἰωάννης
1788 896 1892 930 ἔλεγεν,

259 953 450 983 comederunt,
468 953 563 978 contra
579 948 665 984 legem
677 946 878 975 comederunt?
890 945 957 973 Nam
969 952 1049 973 recu-

1102 946 1141 973 ὅτι
1150 945 1230 973 Μετὰ
1239 946 1270 972 τὸ
1279 945 1387 980 ψωμὸν
1396 944 1544 978 εἰσῆλθεν
1558 943 1603 976 εἷς
1618 943 1712 971 αὑτὸν
1723 945 1739 970 ὁ
1746 941 1892 975 Σατανᾶς.

257 999 356 1026 bantes
382 1003 438 1024 non
452 995 552 1024 licebat
568 994 722 1022 comedere.
740 992 793 1020 Sed
811 1000 866 1020 non
880 990 1050 1020 comedenda

257 1043 364 1072 Pascha
384 1042 563 1074 recubabant,
588 1045 734 1077 postquam
750 1047 816 1068 vero
842 1038 1049 1069 comedissent,

258 1089 325 1118 illud
341 1089 478 1124 reliquum
491 1087 695 1116 manducando.

296 1181 379 1209 Vens.
404 1179 452 1208 26.
478 1179 535 1208 Cur
558 1178 586 1206 in
616 1177 721 1205 Pascha
750 1183 850 1211 panem
878 1174 1052 1211 frangiLHIt

259 1228 403 1257 discamus
423 1226 501 1254 illum
514 1225 557 1253 vel
573 1224 673 1252 veteris
695 1223 763 1258 legis
779 1229 842 1250 esse
857 1225 1011 1253 auctorem,
1025 1225 1052 1248 et

259 1281 320 1308 qua:
335 1277 400 1301 sunt
415 1272 481 1308 legis
493 1271 587 1307 gratiae
598 1277 647 1306 per
659 1274 777 1297 veterem
789 1268 877 1303 legem
888 1266 1052 1294 adumbrata

258 1327 331 1349 esse.

296 1365 381 1393 Vens.
399 1364 446 1392 27.
464 1363 614 1398 Postquam
630 1361 717 1397 legale
731 1360 839 1388 Pascha
854 1358 1051 1390 comedissent,

260 1412 285 1439 id
326 1415 378 1445 est,
412 1417 534 1446 agnum,
560 1409 614 1436 illis
636 1407 718 1436 tradit
748 1406 843 1442 gratiae.
871 1404 977 1433 Pascha
1004 1411 1053 1439 per

259 1466 368 1494 panem.

295 1503 379 1532 Vsns.
407 1502 454 1530 28.
485 1499 654 1535 Sanguinem
682 1497 751 1526 Novi
777 1496 947 1525 Testamenti
973 1494 1050 1527 dicit,

259 1551 324 1586 quia
340 1548 503 1584 sanguinem
528 1546 611 1574 Vetus
627 1553 681 1572 non
706 1544 804 1572 habuit
816 1543 868 1571 nisi
896 1543 1050 1570 brutorum.

261 1597 331 1624 Dicit
349 1599 442 1622 autem
462 1600 575 1620 causam
592 1590 734 1620 ell‘nsionis
759 1590 914 1625 sanguinis,
926 1589 990 1620 quia
1004 1594 1051 1621 pro

261 1641 353 1670 multis
373 1639 557 1676 peccatoribus
572 1637 730 1672 effunditur.
746 1636 803 1664 Cur
825 1635 893 1662 dicit
908 1643 916 1662 :
936 1633 993 1661 Hoc
1007 1633 1049 1667 fa-

262 1689 313 1716 cile
328 1688 354 1715 in
365 1694 451 1714 nteant
466 1683 768 1712 rommemoratianem?
781 1681 817 1709 Ut
841 1679 927 1712 istud,
952 1679 1050 1714 inquit,

262 1735 292 1761 lit
317 1733 345 1760 in
368 1732 531 1760 memoriam
549 1728 661 1764 ΕΒΗ)ιί
676 1732 704 1755 et
728 1725 906 1762 egressionis,
925 1724 962 1752 ita
979 1730 1052 1751 nunc

262 1780 289 1806 ill
316 1785 404 1805 meatu
430 1781 558 1807 mortem,
585 1779 613 1801 ct
637 1777 758 1800 vestram
775 1779 822 1806 per
846 1777 891 1798 me
905 1777 939 1797 ex
958 1775 1052 1797 errore

261 1823 459 1859 egressionem.

297 1866 379 1894 Vens.
394 1865 440 1892 ‘29.
468 1862 613 1897 Quomodo
632 1860 804 1897 intelligitur,
818 1859 921 1888 Δηιοάο
938 1867 989 1886 non
1013 1859 1053 1885 bi-

263 1914 322 1940 bant
339 1914 370 1939 de
381 1912 429 1938 hoc
446 1910 577 1946 genimt’ne
594 1908 664 1940 ritis,
680 1908 762 1934 donec
775 1907 842 1934 illud
858 1906 945 1933 bibant
959 1913 1052 1933 norunt

263 1960 289 1986 in
313 1966 392 1994 regno
407 1957 498 1984 Patris
512 1955 586 1983 mei.’
604 1954 731 1983 Ostendit
755 1961 803 1988 per
827 1959 941 1987 regnum
962 1950 1052 1979 Patris

263 2013 340 2034 suam
366 2003 623 2034 resurrectionem;
641 2008 690 2036 per
713 2000 839 2036 genimen
865 2005 957 2026 autem
978 1997 1052 2030 vitis,

261 2052 356 2080 vinum
367 2059 375 2084 ;
388 2050 489 2082 Donec,
499 2049 547 2082 ait,
558 2056 574 2076 ο
585 2047 701 2076 mortuis
722 2051 931 2081 resurgam,non
942 2043 1032 2071 bibam
1044 2051 1051 2069 :

263 2099 333 2126 bibit
359 2102 451 2125 autem
479 2100 542 2132 post
569 2094 813 2125 resurrectionem.
835 2099 870 2120 ne
890 2091 1053 2126 phantasma

262 2145 339 2172 illum
348 2148 494 2179 putarent:
507 2142 580 2170 unde
587 2141 614 2169 in
624 2141 737 2168 Actibus
745 2138 889 2171 scribitur:
899 2136 1054 2170 Quicunque

264 2200 323 2220 cum
340 2190 387 2218 illo
405 2189 625 2217 manducaoimns
638 2192 662 2214 et
679 2187 802 2213 bibimus.
828 2184 951 2219 Regnum
965 2182 1054 2210 Patris

263 2239 299 2266 ibi
329 2236 561 2266 resurrectionem
585 2241 662 2262 suam
687 2233 821 2260 Dominus
834 2235 933 2263 vocat;
952 2236 1053 2257 novum

1100 992 1151 1019 Διὰ
1161 990 1188 1018 τί
1202 992 1226 1018 εἰ
1241 991 1271 1018 τὸ
1286 991 1384 1026 Πάσχα
1399 990 1505 1026 ἢσθιον,
1528 990 1698 1026 παρανόμως
1722 989 1836 1025 ἦσθιονς
1855 989 1892 1016 οὺ

1101 1038 1156 1074 γὰρ
1172 1037 1370 1072 ἀνακειμένους
1381 1037 1434 1064 ἔδει
1449 1037 1548 1072 φαγεῖν
1558 1043 1566 1051 ·
1582 1035 1640 1063 ἀλλ’
1652 1036 1702 1063 οὐκ
1711 1036 1739 1063 ὲν
1748 1035 1787 1071 τῷ
1794 1035 1895 1062 ἐσθίειν

1101 1085 1131 1111 τὸ
1145 1084 1241 1119 Πάσχα
1256 1083 1406 1116 ἀνέκειντο,
1421 1082 1490 1110 ἀλλὰ
1506 1081 1575 1118 μετὰ
1586 1081 1617 1108 τὸ
1639 1083 1737 1117 φαγεῖν
1750 1081 1829 1114 αὐτὸ,
1838 1080 1894 1108 λον-

1102 1131 1153 1158 πὺν
1169 1130 1342 1165 ἑστιώμενοι.

1136 1175 1186 1203 Διὰ
1201 1176 1228 1202 τί
1244 1176 1273 1202 ὲν
1286 1175 1325 1210 τῷ
1341 1175 1438 1210 Πάσχα
1451 1174 1503 1209 κλᾷ
1510 1174 1558 1202 τὸν
1573 1174 1673 1210 ἄρτον;
1690 1174 1750 1202 Ἵνα
1763 1173 1895 1209 μάθωμεν

1102 1222 1150 1250 καὶ
1164 1222 1215 1257 τῆς
1230 1221 1353 1252 Παλαιᾶς
1364 1220 1445 1247 αὑτὸν
1458 1219 1524 1247 ὅντα
1538 1220 1700 1256 νομοθέτην,
1714 1220 1761 1248 καὶ
1771 1219 1806 1247 τά
1823 1220 1851 1247 ὲν
1861 1221 1894 1255 τῇ

1104 1269 1197 1305 χάριτι
1217 1268 1261 1295 διὰ
1273 1267 1357 1303 νόμον
1372 1266 1628 1302 σκιαγραφηθέντα.

1137 1358 1214 1387 Μετὰ
1234 1359 1266 1385 τὸ
1288 1359 1386 1393 φαγεῖν
1411 1359 1442 1385 τὺ
1460 1358 1582 1393 ενομικδν
1608 1358 1716 1392 Πάσχα,
1741 1358 1830 1384 εττουν
1849 1357 1896 1385 τιν

1102 1405 1198 1440 ἀμνὸν,
1213 1404 1284 1432 οὕτω
1303 1403 1474 1439 παραδίδωσι
1497 1403 1527 1431 τὸ
1543 1404 1593 1439 τῆς
1608 1404 1718 1439 χάριτος
1734 1404 1830 1438 Πάσχα
1852 1403 1897 1431 διὰ

1101 1452 1149 1477 τοῦ
1161 1450 1256 1485 ἄρτου.

1138 1493 1213 1531 Αἷμα
1230 1495 1260 1522 δὲ
1274 1495 1380 1531 Καινῆς
1401 1495 1541 1530 Διαθήκης
1557 1494 1643 1529 λέγει,
1658 1494 1696 1527 ὡς
1709 1496 1756 1531 τῆς
1775 1495 1896 1527 Παλαιᾶς

1103 1539 1173 1578 αἷμα.
1192 1542 1242 1577 μὲν
1259 1542 1386 1578 ἐχούσης,
1403 1541 1461 1568 ἀλλ’
1473 1541 1503 1574 ἐξ
1518 1541 1625 1575 ἀλόγων
1637 1548 1644 1556 ο
1661 1541 1735 1575 Λέγει
1749 1541 1777 1567 δὲ
1790 1541 1837 1567 καὶ
1846 1541 1897 1575 τὴν

1103 1590 1194 1618 αἰτίαν
1208 1590 1258 1625 τῆς
1271 1588 1413 1620 κενώσεως
1430 1588 1477 1615 τοῦ
1494 1588 1624 1623 αἵματος·
1648 1586 1738 1621 Ὑπὲρ
1760 1586 1896 1620 πολλῶν,

1103 1635 1197 1671 φησὶν,
1225 1634 1409 1670 ἁμαρτωλῶν
1435 1633 1652 1668 ὲκχυνόμενον.
1681 1632 1730 1660 Διά
1756 1632 1785 1659 τί
1810 1632 1895 1665 λέγει.

1104 1681 1198 1709 Τοῦτο
1230 1680 1341 1708 ποιεῖτε
1366 1681 1410 1713 εὶς
1432 1679 1491 1713 τὴν
1515 1678 1594 1714 ἐμὴν
1622 1678 1818 1714 ardua-110w;
1852 1678 1896 1710 Ὧς

1102 1727 1201 1760 ἐκεῖνο,
1219 1727 1312 1760 φησὶν,
1336 1725 1378 1757 είς
1398 1725 1449 1760 τὴν
1467 1724 1517 1759 τῆς
1545 1724 1685 1758 Αἰγύπτου
1709 1723 1821 1758 μνήμην
1849 1722 1898 1750 καὶ

1102 1771 1204 1805 ἔξοδον,
1221 1770 1293 1797 οὕτω
1313 1770 1361 1797 νῦν
1385 1770 1425 1802 εἰς
1447 1770 1496 1796 τὸν
1524 1769 1590 1804 ἐμὸν
1615 1768 1743 1800 θάνατον,
1774 1768 1821 1795 καὶ
1844 1768 1896 1803 τὴν

1103 1816 1181 1852 ὑμῶν
1196 1817 1231 1843 δι’
1245 1816 1313 1852 ἐμοῦ
1331 1817 1363 1843 ὲκ
1376 1816 1483 1850 πλάνης
1497 1815 1597 1848 ἔξοδον.

1141 1863 1203 1895 Πῶς
1213 1863 1312 1889 νοεῖται
1325 1862 1367 1895 τὸ,
1389 1861 1509 1895 Ἀπάρτι
1528 1862 1564 1888 οὐ
1577 1861 1620 1896 μὴ
1635 1861 1692 1888 πίω
1705 1860 1739 1888 ἐκ
1754 1860 1809 1888 τοῦ
1828 1869 1897 1896 τεν-

1102 1909 1237 1943 νήματος
1262 1907 1317 1942 τῆς
1333 1907 1472 1943 ἀμπέλου
1491 1908 1614 1940 ταύτης,
1636 1907 1693 1940 ἓως
1720 1906 1794 1934 αὐτὸ
1819 1907 1896 1933 πίνω

1103 1955 1212 1981 καινὸν
1225 1954 1261 1981 ἐν
1277 1953 1315 1988 τῇ
1339 1954 1488 1987 ,βασιλείᾳ
1507 1952 1562 1980 τοῦ
1584 1952 1701 1987 Πατρός
1724 1959 1800 1987 μου·
1820 1951 1897 1987 δηλοῐ

1104 2001 1132 2028 δὲ
1149 2001 1199 2036 τὴν
1214 2000 1354 2035 βασιλείαν
1367 2000 1415 2027 τοῦ
1427 2000 1534 2035 Πατρός
1549 2000 1598 2035 τὴν
1615 1999 1713 2027 ἑαυτοῦ
1728 1999 1877 2027 ἀνάστασιν
1887 2006 1895 2015 ⁸

1104 2047 1230 2082 γέννημα
1244 2046 1273 2073 δὲ
1286 2046 1335 2081 τῆς
1350 2046 1487 2081 ἀμπέλου,
1501 2046 1548 2073 τὸν
1570 2043 1643 2072 οἶνον
1654 2052 1662 2059 ·
1677 2045 1752 2078 Ἕως
1775 2043 1824 2077 οὗ,
1842 2053 1897 2080 φη·

1105 2093 1168 2123 σὶν,
1196 2092 1230 2119 ἐκ
1240 2091 1357 2126 νεκρῶν
1382 2091 1515 2124 ἀναστῶ,
1533 2092 1569 2119 οὐ
1587 2090 1632 2126 μὴ
1659 2092 1737 2118 πίω·
1768 2090 1843 2117 ἔπιεν
1868 2090 1897 2118 δὲ

1106 2137 1177 2173 μετὰ
1193 2139 1242 2173 τὴν
1260 2137 1420 2165 ἀνάστασιν.
1434 2137 1494 2164 Ἵνα
1507 2137 1545 2172 μή
1564 2138 1710 2172 φάντασμα
1725 2136 1806 2163 αὑτὸν
1822 2136 1898 2171 νομί-

1107 2192 1202 2211 σωσιν.
1218 2183 1302 2210 ’Όοεν
1313 2183 1360 2210 καὶ
1376 2184 1405 2210 ὲν
1417 2183 1539 2218 Πράξεσι
1555 2183 1657 2218 γράφει
1667 2191 1674 2198 ·
1692 2183 1809 2216 οΖτινες
1822 2190 1898 2209 συν-

1105 2229 1258 2265 εφάγομεν
1285 2229 1335 2257 καὶ
1353 2229 1541 2264 συνεπίομεν
1563 2228 1652 2261 αὐτῷ.
1676 2228 1820 2255 Βασιλείαν
1838 2228 1897 2254 Πα-

263 2289 355 2312 autem
375 2283 469 2311 bibere
481 2281 608 2313 calicem,
623 2280 650 2307 id
661 2283 704 2307 est
715 2285 787 2306 nove
796 2283 824 2304 et
837 2275 1050 2304 admirabiliter:

1105 2276 1170 2310 196g
1190 2275 1309 2303 ἐνταῦθα
1346 2275 1396 2311 τὴν
1426 2275 1576 2302 ἀνάστασιν
1600 2273 1684 2301 αὐτοῦ
1709 2275 1724 2300 6
1757 2273 1897 2307 Δεσπότης

263 2338 318 2358 non
344 2329 419 2356 enim
442 2333 472 2355 ut
495 2327 617 2363 primum
638 2332 757 2360 corpore
781 2324 842 2359 ejus
866 2330 929 2351 esca
957 2326 1054 2356 egente

264 2375 417 2404 secundum
443 2378 572 2401 naturam
592 2376 620 2399 ct
639 2375 719 2406 potu,
734 2369 783 2398 sed
808 2367 1054 2403 supernatnralitcr

263 2422 319 2456 jam
330 2419 530 2455 incorruptibili
543 2418 616 2446 facto
629 2422 656 2445 et
668 2417 770 2444 nuliius
781 2415 931 2442 admodum
943 2417 1052 2448 egente.

298 2557 382 2585 Vsus.
397 2557 442 2584 50.
459 2556 515 2584 Cur
542 2555 666 2583 dicitttr:
686 2553 794 2588 Hymno
816 2553 888 2580 dicto
912 2552 1055 2579 exierunt?

261 2604 291 2631 ιιι
313 2608 368 2637 est,
390 2611 454 2632 cutn
477 2602 628 2638 gratiarum
645 2601 755 2628 actione
771 2605 799 2627 et
816 2599 928 2627 laudum
953 2599 1055 2634 hymno

262 2655 426 2686 receperunt
449 2648 683 2678 communionem.
701 2646 758 2674 Cur
772 2645 800 2674 in
828 2649 947 2673 m0ntem
965 2644 1056 2672 exiit?

261 2699 301 2727 Ne
319 2698 456 2725 videretur
477 2693 645 2723 abscondere
659 2699 699 2720 se.
723 2691 845 2719 Curabat
864 2689 937 2718 enim
956 2688 985 2716 in
1016 2689 1055 2716 lo-

261 2754 322 2775 cum
336 2745 375 2773 irc
387 2743 464 2772 Judte
480 2741 629 2777 cognitum.

298 2790 381 2818 Vens.
398 2790 443 2817 51.
466 2788 521 2816 Cur
538 2786 605 2814 dicit
622 2794 628 2812 :
645 2783 744 2811 Omnes
764 2781 1011 2809 scandalizabimini
1027 2781 1054 2807 in

263 2838 323 2864 me?
336 2836 424 2864 Simul
446 2835 557 2870 quidem
575 2830 776 2868 praescientiam
791 2827 951 2860 ostendens,
971 2827 1053 2855 simul

264 2886 355 2909 autem
371 2879 599 2908 scamlalizandos
615 2877 745 2905 innuens.

300 2924 382 2953 Vrns.
402 2926 448 2952 σε.
465 2925 521 2952 Cur
544 2924 612 2952 dicit
630 2932 636 2949 :
658 2921 754 2948 Videbo
781 2928 825 2947 vos
847 2920 875 2946 in
890 2917 1054 2948 Galila-am?

1105 2322 1185 2348 καλεί
1196 2329 1203 2336 ·
1215 2322 1307 2349 καινὸν
1322 2321 1351 2349 δὲ
1365 2323 1437 2348 πιεῖν
1445 2321 1476 2348 τὸ
1489 2322 1631 2356 ποτήριον,
1644 2320 1718 2347 τοῦτ’
1728 2320 1786 2346 ἔστι
1797 2319 1897 2351 καινῶς

1105 2367 1153 2393 καὶ
1164 2366 1342 2402 παραδόξως·
1357 2366 1387 2393 οὐ
1405 2366 1471 2401 γὰρ,
1488 2366 1526 2397 ὡς
1545 2365 1689 2401 πρότερον,
1706 2364 1754 2391 τοῦ
1772 2364 1897 2399 σώματος

1108 2412 1238 2448 βρώσεως
1269 2413 1399 2448 δεομένου
1423 2413 1495 2440 κατὰ
1518 2411 1599 2445 φύσιν
1629 2412 1676 2438 καὶ
1693 2411 1812 2442 πόσεως,
1838 2408 1897 2437 ἀλλ’

1107 2459 1253 2494 ὑπερφυῶς
1270 2458 1503 2495 ἀφοαρτισοέντος
1515 2458 1565 2494 ἠδη
1578 2458 1625 2484 καὶ
1640 2457 1755 2492 μηδενὸς
1768 2456 1897 2491 δεομένου

1105 2504 1136 2530 τὺ
1151 2504 1271 2531 σύνολον.

1145 2551 1196 2577 Διὰ
1207 2550 1232 2577 τί
1242 2551 1283 2582 1:6,
1296 2549 1507 2584 ~'pria'arzsc
1513 2549 1547 2576 δὲ
1556 2548 1697 2583 ἐξῆλθον,
1709 2549 1811 2580 xeiras;
1825 2546 1898 2574 ’Δντὶ

1105 2598 1165 2630 τοῦ,
1187 2597 1254 2625 Μετ’
1277 2596 1454 2632 εὐχαριστίας
1475 2595 1522 2622 καὶ
1543 2594 1706 2629 δοξολογίας,
1724 2594 1821 2620 ιλασον
1847 2593 1897 2628 τὴν

1107 2643 1261 2670 κοινωνίαν.
1276 2642 1325 2669 Διά
1337 2642 1364 2668 τί
1381 2643 1421 2673 εἰς
1442 2641 1473 2668 τὸ
1485 2641 1548 2676 όρος
1565 2640 1677 2675 ἐξῆλθεν
1688 2648 1696 2673 ;
1709 2640 1768 2666 Ἵνα
1785 2639 1823 2674 μὴ
1833 2639 1897 2676 δόξῃ

1106 2687 1292 2724 κρύπτεσθαι·
1312 2686 1441 2713 ἅσπευδεν
1458 2686 1513 2721 γὰρ
1527 2685 1574 2711 ἐπὶ
1589 2685 1635 2712 τὸν
1649 2685 1733 2712 τόπον
1748 2684 1836 2712 ὲλοιῖν
1851 2684 1898 2710 τὸν

1108 2734 1157 2761 καὶ
1182 2733 1269 2769 Ἰούδᾳ
1282 2733 1432 2768 γνώριμον.

1142 2778 1191 2806 Διά
1205 2778 1232 2805 ἰί
1247 2778 1321 2813 λέγει
1335 2778 1377 2810 τὸ,
1399 2777 1514 2810 Πάντες
1530 2775 1840 2809 σκανδαλισθήσεσθε
1863 2774 1898 2801 ἐν

1106 2825 1189 2859 ὲμοί;
1207 2824 1290 2859 ’οιιοῦ
1313 2824 1362 2859 μὶν
1388 2824 1436 2851 καὶ
1459 2823 1510 2859 τὴν
1530 2823 1687 2858 πρόγνωσιν
1703 2821 1804 2857 δηλῶν,
1829 2820 1898 2856 ὁμοῦ

1106 2871 1133 2898 δὲ
1142 2871 1189 2898 καὶ
1201 2871 1265 2903 τοὺς
1274 2869 1591 2905 σκανδαλισοησομένους
1610 2868 1719 2896 ἐννοῶν.
1889 2880 1893 2883 -

1142 2917 1190 2944 Διά
1206 2918 1231 2944 τί
1251 2917 1336 2952 λέγει,
1351 2918 1392 2944 ὅτι
1411 2918 1542 2951 Ὀψομαι
1565 2914 1643 2950 ὑμᾶς
1666 2917 1710 2948 είς
1733 2915 1790 2948 τὴν
1807 2915 1899 2941 Γαλι-
