2075 3157
207 179 275 211 ιιδδ

698 174 859 206 SCHOLlA
881 173 1029 203 YETERA
1051 172 1090 201 ΙΝ
1112 170 1345 201 ΜᾹΤΤΠΕΗΜ.

1764 168 1832 201 1166

203 235 318 266 .lat'm’,‘
335 233 394 260 Ἵνα
407 232 455 261 τοῦ
468 233 552 268 φόόου
562 232 718 269 ἀπαλλάξῃ·
743 231 852 268 μακρὰν
868 230 922 264 γὰρ
936 228 991 256 τῶν

1052 226 1079 254 dt
1101 234 1117 252 a
1132 231 1205 254 metu
1231 234 1280 254 eos
1305 226 1512 263 liberctylongc
1533 226 1605 253 enim
1631 233 1645 253 a
1660 225 1762 254 Judzels
1776 233 1836 255 erat

211 280 347 307 Ἰουδαίων
362 277 397 315 ἦν
410 280 427 314 ἡ
441 279 583 306 Γαλιλαία.

241 325 292 352 Διὰ
305 325 331 351 τί
352 325 468 359 ἀφίησιν
480 325 527 352 τὸν
543 325 648 360 Πέτρον
664 325 776 357 πεσεῖν;
788 324 846 350 Ἵνα
858 323 896 358 μὴ
907 322 993 350 αὒοὰ-

205 372 256 408 δης
267 373 322 407 εἴη,
340 372 409 407 μηδὲ
422 372 498 406 αὐτῷ
511 371 633 407 θαρρῶν,
649 371 718 398 ἀλλὰ
731 371 775 397 διὰ
791 370 841 404 τὴν
855 369 996 405 ἀνθρωπί-

204 427 255 453 νην
271 417 414 444 ἀσθένειαν
434 418 481 444 καὶ
498 418 522 444 oi
539 417 614 444 ἄλλοι
632 417 745 448 ίδόιιτες,
760 416 909 443 παύσονται
929 416 996 451 οαῤ-

205 465 263 499 ρεῖν
282 464 408 495 ἑαυτοῖς·
435 463 485 490 καὶ
508 464 552 490 ῖνα
572 463 764 498 συγχωρηθιὶς
783 462 822 494 ὡς
845 463 996 494 ἀπόστολος

203 511 261 541 τοῖς
275 509 407 536 πταίσασι
422 510 599 545 συγχωρήσῃ.
615 509 664 536 Διὰ
676 509 756 536 τοῦτο
770 507 817 536 οὖν
829 508 880 543 τῆς
891 507 995 536 ἄνωθεν

206 557 293 591 ῥοπῆς
308 555 468 591 ἐγυμνώθη,
493 555 542 591 τὴν
558 555 640 590 φύσιν
656 554 742 582 αὑτοῦ
766 555 925 590 ἐλέγχοντος
948 554 995 582 τοῦ

204 601 286 628 Θεοῦ.

241 648 290 674 Διὰ
305 647 331 673 τί
352 646 462 682 εὔχεται
480 646 566 682 χωρὶς
588 646 642 675 τῶν
670 645 816 682 noenum;
838 646 907 673 Κατ’
930 646 997 673 ἰδίαν

206 691 336 727 εὔχεσθαι
349 693 422 727 ἡμᾶς
436 692 582 720 διδάσκων.

243 739 293 766 Διὰ
307 739 334 765 τί
347 739 412 770 τοὺς
425 740 500 774 τρεῖς
513 739 612 774 μόνους
626 738 838 774 παραλαμϐάνει
850 739 911 765 τότε
924 748 931 772 ;
954 739 998 772 Ὠς

206 784 256 818 τῆς
273 783 354 819 δόξης
366 784 451 811 αὐτοῦ
467 784 606 820 θεωρούς’
625 785 676 812 καὶ
689 785 733 812 ῖνα
751 785 777 812 oi.
789 784 864 812 ἄλλοι
878 784 917 817 ὡς
934 785 998 812 ἁτε-

207 828 332 864 λέστεροι
346 830 384 866 μὴ
398 831 604 858 καταπέσωσιν.

248 886 361 912 Ἕνεκεν
376 885 449 917 τίνος
471 884 597 920 εὖχεται;
617 885 678 913 Ἵνα
702 885 740 922 μὴ
760 885 906 922 ὑπόκρισις
929 885 1000 914 εἶναι
1017 904 1036 931 Β

207 931 273 967 δοκῇ
300 931 331 958 τὸ
347 931 465 966 πρᾶγμα
477 939 484 946 ·
505 930 664 966 ἐπιρρέουσι
684 931 708 958 δ’
727 931 839 968 ίδρῶτες
862 932 896 959 δι’
912 933 998 968 αὐτὴν

207 977 311 1012 ταύτην
324 977 374 1012 τὴν
387 977 488 1005 αἰτίαν.

244 1031 293 1058 Διὰ
306 1031 333 1058 τί
343 1031 429 1066 λέγει,
445 1032 657 1067 Προσεύχεσθε
668 1033 768 1067 ἵναμὴ
785 1033 945 1068 εἰσέλθητε
955 1036 999 1067 εις

208 1080 397 1113 πειρασμόνς
422 1079 563 1106 Παιδεύων
582 1080 620 1115 μὴ
644 1080 908 1113 ἁπαυθαδιάζεσθαι,
932 1082 1000 1109 ἀλλὰ

210 1124 403 1159 συντετρῖφθαι
417 1124 466 1159 τὴν
479 1124 610 1152 διάνοιαν.

245 1170 331 1205 Τρίτη
347 1170 413 1205 εὐχὴ
432 1170 474 1203 τὸ,
490 1171 651 1206 Γενηθήτω
672 1172 706 1199 τὸ
724 1172 841 1207 θέλημά
855 1180 914 1201 σου
925 1182 932 1189 ·
949 1175 1001 1201 δει-

209 1217 276 1248 κνὺς
288 1217 330 1242 ὃτι
347 1217 451 1252 σφόδρα
467 1217 575 1252 συνᾴδει
596 1218 635 1252 τῷ
647 1217 782 1253 θελήματι
795 1219 843 1245 τοῦ
857 1219 936 1252 Θεοῦ,
952 1221 1001 1247 καὶ

209 1263 252 1289 ὅτι
274 1262 414 1297 πανταχοῦ
442 1262 532 1297 τούτῳ
555 1262 670 1290 ἕπεσθαι
700 1263 742 1291 δεῖ
768 1264 815 1291 καὶ
848 1265 999 1301 ἐπιζητεῖν.

210 1308 390 1342 Ηροσηύξατο
403 1308 506 1343 τρίτον,
527 1309 634 1340 δεικνὺς
649 1309 691 1336 ὅτι
703 1309 848 1345 ἅνθρωπός
865 1311 956 1339 ἐστιν·
971 1313 1002 1339 τὸ

209 1353 265 1389 γὰρ
277 1353 405 1389 δεύτερον
420 1353 467 1381 καὶ
493 1354 585 1390 τρίτον
608 1355 638 1381 ἐν
651 1356 685 1391 τῇ
711 1355 807 1392 Γραφῇ
828 1356 1003 1391 βεϐαιώσεώς

211 1400 269 1426 ἐστι
282 1400 428 1429 δεικτικόν.

247 1454 296 1481 Διὰ
307 1454 332 1480 τί
348 1451 431 1489 ἦλθεν
445 1455 477 1481 ἐκ
491 1455 620 1492 δευτέρου
637 1456 706 1491 πρὸς
721 1457 820 1489 αὐτούς
834 1467 841 1490 ;
861 1458 918 1487 Καὶ
930 1459 1004 1493 ἀγω-

211 1499 276 1526 νιῶν
298 1499 336 1531 ὼς
360 1500 505 1537 ἄνθρωπος
529 1502 594 1536 περὶ
608 1501 655 1530 τοῦ
677 1502 807 1536 Θανάτου,
825 1504 872 1531 καὶ
892 1504 1003 1539 ἐλέγξαι

211 1545 310 1577 αὐτοὺς
322 1545 483 1581 βουλόμενος
494 1555 502 1562 ·
519 1547 561 1574 ὅτι
576 1547 662 1580 οὓτως
676 1549 949 1585 κατεόαπτίσοησαν,
964 1551 1002 1582 ὡς

1046 273 1168 301 Galilaea.

1082 319 1165 347 Vens.
1183 319 1227 346 34.
1243 318 1299 346 Cur
1312 319 1378 346 sinit
1394 317 1506 346 Petrum
1528 318 1626 346 cadere
1640 319 1652 345 ’Ξ
1667 317 1705 345 Ne
1721 318 1837 347 nimium

1047 366 1081 393 de
1090 374 1120 394 se
1131 366 1271 394 conlidens
1288 366 1334 396 sit,
1346 373 1435 400 neque
1448 365 1600 396 animosus.
1617 365 1664 392 sed
1681 369 1711 391 ut
1726 370 1839 400 propter

1048 411 1197 439 humanam
1214 411 1400 438 inﬁrmitatem
1417 411 1515 439 cadere
1531 411 1577 438 alii
1595 416 1739 438 cernentes
1758 411 1793 438 de
1808 418 1838 438 se

1047 457 1185 484 conlidere
1209 461 1338 489 cessent;
1365 461 1392 484 et
1414 462 1444 484 ut
1472 458 1578 484 veniam
1615 464 1677 487 cum
1702 457 1838 491 acceperit

1048 504 1200 539 apostolus,
1218 504 1380 531 cadentibus
1394 504 1503 531 veniam
1520 503 1663 531 concedat.
1673 503 1737 531 Ideo
1756 504 1840 539 igitur

1049 557 1170 584 superno
1196 550 1299 577 auxilio
1314 549 1461 578 destitutus
1485 554 1537 583 est,
1555 550 1611 578 Deo
1637 555 1766 578 naturam
1779 549 1839 586 ejus

1048 596 1243 624 confundente.

1086 641 1171 670 Vens.
1199 642 1243 669 56.
1267 641 1322 670 Cur
1343 646 1403 670 orat
1417 642 1523 678 absque
1542 642 1708 677 discipulis?
1723 641 1759 670 Ut
1789 649 1840 670 nos

1049 689 1165 717 seorsim
1177 696 1259 716 orare
1273 689 1379 716 doceat.

1086 734 1169 763 Vens.
1186 735 1231 763 5⁵1.
1247 735 1304 762 Cur
1317 740 1372 763 tres
1382 735 1457 764 solos
1467 740 1534 764 tunc
1548 735 1683 764 assumit?
1696 735 1840 770 Tanquam

1050 781 1144 816 gloriae
1168 789 1226 809 suae
1243 786 1337 814 testes,
1367 785 1441 810 etut
1466 782 1514 810 alii
1539 781 1756 818 imperfectiores
1785 789 1842 810 non

1050 826 1207 854 concidant.

1090 880 1173 908 Vens.
1189 881 1234 908 59.
1253 881 1340 914 Quam
1357 883 1392 910 ob
1409 890 1521 911 causam
1537 883 1617 910 orat?
1632 882 1672 910 Ne
1687 881 1842 918 hypocrisis

1053 934 1098 954 res
1114 934 1176 954 esse
1194 926 1341 961 videatur;
1367 933 1482 956 manant
1495 933 1587 956 autem
1600 928 1716 956 sudores
1733 932 1842 964 propter

1049 972 1175 1000 eatndetn
1190 973 1335 1001 rationem.

1087 1024 1170 1054 Vens.
1185 1026 1298 1054 H.Cur
1312 1027 1400 1056 dicit:
1421 1028 1504 1058 Orate
1528 1036 1560 1055 ne
1579 1028 1684 1056 intrati:
1702 1029 1729 1056 in
1753 1033 1841 1056 tenta-

1052 1072 1170 1101 tionem?
1192 1073 1228 1101 Ut
1254 1079 1366 1102 moneat
1385 1075 1599 1103 conﬁdentiores
1624 1083 1679 1103 non
1706 1083 1780 1109 esse,
1792 1075 1842 1106 sed

1051 1123 1142 1146 mente
1152 1119 1269 1147 conteri.

1087 1163 1171 1193 Vens.
1189 1165 1236 1194 42.
1253 1165 1346 1194 Tertia
1362 1168 1451 1195 oratio
1468 1173 1528 1202 estI
1549 1167 1613 1196 Fiat
1628 1169 1750 1196 uoluntas
1770 1174 1816 1196 tua
1831 1177 1841 1196 .-

1053 1211 1173 1239 ostendit
1195 1219 1225 1239 se
1248 1213 1398 1240 admodum
1414 1215 1574 1242 consentire
1590 1216 1724 1243 voluntati
1743 1215 1802 1247 Dei,
1816 1221 1844 1242 et

1052 1266 1112 1285 eam
1125 1266 1234 1294 semper
1247 1261 1416 1296 sequendam
1431 1266 1458 1288 et
1469 1263 1645 1297 quan-endam
1662 1270 1734 1290 esse.
1750 1262 1845 1290 Uravit

1053 1307 1145 1338 tertio,
1163 1310 1192 1333 ut
1222 1308 1379 1335 ostenderet
1398 1315 1429 1335 se
1457 1308 1596 1336 hominem
1623 1317 1695 1337 esse.
1711 1308 1779 1336 Nam
1800 1317 1844 1336 sep

1053 1351 1145 1378 condo
1174 1356 1202 1379 et
1219 1353 1302 1380 tertio
1329 1353 1357 1380 in
1385 1352 1526 1389 Scriptura
1550 1355 1769 1384 conﬁrmationis
1801 1359 1845 1382 est

1053 1401 1256 1432 argumentum.

1089 1450 1173 1480 Vens.
1193 1453 1238 1481 45.
1254 1452 1310 1481 Cur
1319 1454 1442 1482 secundo
1453 1455 1528 1483 venit
1544 1456 1577 1483 ad
1590 1457 1657 1484 eos?
1672 1457 1703 1483 Et
1719 1461 1748 1483 ut
1762 1457 1844 1484 homo

1055 1497 1162 1527 luctans
1179 1503 1279 1526 contra
1291 1505 1420 1534 mortem,
1433 1506 1461 1531 et
1469 1509 1585 1536 arguere
1596 1510 1645 1530 eos
1659 1503 1763 1535 volens,
1778 1504 1844 1538 quia

1055 1544 1123 1572 adeo
1140 1550 1218 1573 erant
1234 1547 1349 1581 gravati,
1365 1552 1394 1574 ut
1410 1548 1583 1582 praesentiam
1596 1549 1657 1584 ejus
1675 1557 1729 1576 non
1747 1557 1844 1577 sense-

214 1591 282 1625 μηδὲ
297 1592 347 1626 τῆς
362 1593 516 1629 παρουσίας
536 1594 618 1620 αὐτοῦ
635 1594 790 1623 αἰσθέσθαι.
807 1595 858 1624 Διὰ
878 1582 905 1623 τί
922 1582 950 1624 at
971 1598 1002 1624 οὺ

1055 1590 1121 1618 rint.
1135 1590 1191 1619 Cur
1210 1596 1300 1620 autem
1317 1600 1372 1620 non
1389 1601 1437 1621 eos
1457 1593 1576 1621 excitat?
1593 1582 1628 1622 ne
1650 1594 1708 1630 jam
1730 1595 1845 1623 omit-tos

212 1638 346 1670 διυπνίςει
363 1639 478 1673 αὐτούς;
495 1640 540 1672 Ὠς
552 1639 590 1675 μὴ
604 1640 706 1676 πλῆξαι
718 1642 905 1679 πεπληγότας.

247 1694 297 1722 Διὰ
311 1694 438 1729 τίλέγει,
463 1695 504 1722 ὅτι
527 1695 693 1723 Καθεύδετε
717 1698 828 1724 λοιπὸν
852 1698 903 1726 καὶ
927 1699 1002 1727 ἁνα-

212 1739 368 1772 ⁴ιιιιύεσ(1ε;
392 1741 440 1767 καὶ
462 1740 517 1776 μὴν
541 1741 601 1768 τότε
627 1742 803 1778 γρηγορῆσαι
826 1744 881 1771 ἔδει
897 1753 904 1759 ·
934 1745 1003 1772 ἀλλὰ

211 1786 319 1818 δεικνὺς
335 1787 376 1813 ὃτι
391 1787 442 1814 οὐκ
463 1788 585 1815 οῖσουσιν
601 1788 662 1815 οὐδὲ
677 1788 727 1825 τὴν
748 1789 811 1825 ὄψιν
822 1798 829 1806 ·
843 1790 889 1818 καὶ
909 1791 949 1818 ὅτι
964 1791 1005 1818 δεῖ

213 1833 322 1864 πάντως
340 1832 391 1868 ήδη
409 1833 492 1860 αὑτὸν
507 1834 706 1870 παραδοθῆναι,
720 1835 800 1864 τοῦτό
813 1845 907 1872 φησιν.

249 1878 299 1905 Διὰ
309 1877 335 1904 τί
350 1879 439 1912 λέγει,
459 1879 636 1913 Ἐγείρεσθε.
644 1880 764 1915 ἄγωμεν
773 1882 926 1914 ἐντεῦθεν,
937 1882 1003 1910 ὶδοὺ

212 1922 337 1958 ἤγγικεν
352 1925 370 1951 ὁ
383 1924 569 1958 ,παραδιδούς
583 1934 639 1959 ps;
652 1927 712 1954 Ἵνα
726 1926 801 1963 δείξῃ
815 1927 853 1958 ὡς
863 1928 914 1954 οὒκ
923 1928 1004 1962 ἐφευ-

213 1977 273 2002 γεν,
290 1969 359 1995 ἀλλὰ
378 1969 479 2002 μᾶλλον
501 1970 685 2005 προσέτρεχεν
704 1971 797 2006 αὐτῷ·
818 1972 861 1998 ῐνα
880 1973 1004 2007 μάθωσιν

214 2015 252 2046 ὡς
271 2015 321 2042 οὐκ
336 2014 476 2047 ἀσθένεια,
492 2014 549 2042 ἀλλ’
561 2016 718 2052 οἰκονομίας
733 2014 767 2052 ἦν
783 2016 813 2043 τὸ
828 2017 906 2044 ὂλον·
922 2018 938 2052 ἢ
951 2018 1006 2043 ἀπὸ

213 2061 267 2096 γῆς
283 2062 322 2093 εἰς
341 2062 456 2098 οὐρανὸν
482 2063 571 2097 λέγων
584 2064 709 2096 καὶτοὺς
728 2063 789 2090 τότε
809 2064 857 2090 καὶ
878 2063 942 2096 τοὺς
957 2063 1005 2090 νῦν

215 2107 381 2142 ἐγείρεσθαι.

252 2166 290 2192 To
307 2165 376 2200 μετὰ
396 2164 542 2200 μαχαιρῶν
556 2165 604 2192 καὶ
625 2165 712 2197 ξύλων
738 2163 816 2193 εἷπεν
840 2165 927 2192 ἐλθεῖν
952 2165 1007 2192 ἀπὸ

213 2212 269 2238 τῶν
285 2211 392 2247 ἱερέων,
416 2211 552 2238 διδάσκων
569 2211 608 2243 ὡς
632 2212 745 2239 τοιαῦτα
767 2210 801 2249 ἦν
821 2212 857 2239 τὰ
880 2211 1006 2247 ίερατικὰ

215 2259 307 2287 αὐτῶν
321 2258 407 2293 σκεύη
422 2258 470 2284 καὶ
483 2258 624 2293 κωμῳδῶν
635 2259 746 2291 αὐτούς.

251 2353 301 2379 Διὰ
319 2353 346 2379 τί
362 2353 475 2387 σημεῖον
485 2352 603 2379 δέδωκεν
615 2352 629 2379 ὸ
639 2353 774 2388 προδότης
793 2361 800 2385 ;
814 2353 887 2380 Δώτι
903 2352 1005 2380 πολλά-

215 2407 261 2431 ut;
275 2398 469 2434 κατασχεθεὶς,
483 2398 592 2433 διῆλθεν
604 2399 647 2425 διὰ
664 2400 748 2434 μέσου
764 2399 866 2427 αὐτῶν.

251 2446 301 2472 Διὰ
329 2446 356 2472 τί
375 2443 463 2477 εἶπεν,
486 2445 601 2478 Ἑταῖρε
624 2445 669 2480 ἐφ’
694 2443 718 2479 ᾧ
742 2446 849 2480 :rdpet;
877 2446 914 2473 Τὸ
940 2446 1002 2481 μὲν,

215 2492 321 2526 ἑταῖρε,
339 2490 426 2524 εἶπεν,
441 2491 511 2518 ὥστε
536 2492 666 2526 ὲντρέψαι
692 2492 775 2518 αὐτόν
786 2501 794 2508 ο
811 2493 842 2518 τὺ
854 2493 892 2524 δὲ,
921 2493 967 2526 ἐφ’

217 2538 305 2572 πάρει
321 2539 384 2569 ;ὃτι
404 2537 473 2572 Οὐχὶ
486 2537 599 2572 ἀγάπης
618 2538 712 2573 σκοπῴ
728 2538 808 2564 τοῦτο
835 2538 912 2573 δρᾷς,
938 2539 1007 2566 ἀλλὰ

216 2585 323 2621 πονηρᾷ
336 2584 443 2620 γνώμῃ.

251 2631 338 2658 Πόθεν
352 2628 425 2665 εἶχεν
442 2630 579 2666 μάχαιραν
594 2630 714 2666 Ilerges;
738 2630 806 2658 Ἀπὸ
830 2631 877 2657 τοῦ
893 2632 1002 2659 δείπνου

214 2677 263 2704 τοῦ
279 2677 407 2711 νομικοῖν
429 2677 520 2711 ἀρνίον
536 2677 590 2712 γὰρ
606 2677 702 2711 ἔφαγε.

251 2722 329 2753 Τίνος
345 2722 425 2757 χάριν
441 2720 517 2749 εἶπεν
527 2741 534 2753 ,
556 2722 597 2749 ὅτι
614 2722 728 2756 Πάντες
747 2724 774 2750 οὶ
789 2724 935 2757 λαϐόντες
947 2725 1004 2759 μά-

217 2776 333 2802 καιραν,
347 2769 382 2794 ὲν
392 2769 526 2803 μαχαίρᾳ
541 2768 781 2801 ἁποθανοῦνται;
795 2770 865 2801 Τοὺς
883 2771 1007 2806 μαθητὰς

217 2814 467 2850 παραμυθούμενος
489 2816 522 2850 τῇ
543 2815 663 2850 τιμωρίᾳ
687 2815 742 2841 τῶν
762 2816 1005 2844 ἑπιὸουλευόντωψ

217 2858 273 2893 ἐγὼ
295 2859 323 2885 δὲ
350 2860 421 2893 λέγω
448 2861 488 2887 ὅτι
511 2861 558 2887 καὶ
586 2860 679 2887 πολλοὶ
698 2860 778 2888 τοῦτο
806 2862 957 2898 πάσχουσιν
981 2865 1006 2890 οἱ

216 2904 335 2938 ὃοῶντες
346 2914 353 2921 ο
366 2907 390 2932 εἱ
405 2906 433 2934 δὲ
443 2907 484 2940 τὸ,
499 2907 620 2941 πάντες,
641 2907 755 2942 πρόσχει
767 2916 818 2941 ται,
834 2908 894 2934 ἀντὶ
908 2909 965 2942 τοῦ,
982 2910 1005 2935 o!

1054 1637 1166 1673 adligat.

1093 1692 1228 1721 VaasJS.
1245 1694 1300 1722 Cur
1309 1694 1376 1723 dicit
1393 1705 1400 1723 :
1419 1696 1538 1724 Dormit:
1546 1697 1607 1732 jam
1626 1702 1651 1725 et
1670 1698 1846 1733 requiescite?

1058 1738 1186 1766 Attamen
1207 1745 1272 1768 tunc
1290 1741 1404 1776 vigilare
1419 1743 1565 1777 oportebat
1584 1744 1651 1771 :sed
1669 1749 1698 1771 ut
1719 1745 1847 1772 ostendat

1057 1793 1104 1813 eos
1135 1786 1224 1821 ipsius
1251 1792 1394 1822 aspectum
1426 1797 1480 1816 non
1510 1789 1626 1823 laturos,
1646 1795 1673 1818 et
1693 1790 1770 1818 illum
1788 1792 1845 1827 jam

1057 1831 1129 1858 tradi
1143 1833 1258 1859 omnino
1277 1834 1462 1861 necessarium
1475 1842 1547 1868 esse,
1564 1837 1615 1862 hoc
1627 1836 1702 1863 dicit.

1093 1877 1176 1906 Vens.
1190 1879 1237 1906 46.
1253 1879 1312 1908 Cur
1325 1880 1392 1908 dicit
1408 1890 1415 1908 :
1436 1880 1554 1917 Surgite,
1580 1891 1672 1910 eamus
1696 1884 1768 1914 hinc,
1789 1892 1847 1911 ecca

1055 1925 1275 1958 appropinquavit
1291 1927 1336 1961 qui
1359 1936 1398 1953 me
1415 1928 1522 1954 tradet?
1541 1927 1577 1955 Ut
1595 1929 1721 1956 ostendat
1746 1938 1776 1957 se
1793 1938 1846 1957 non

1056 1969 1162 2004 ingere,
1186 1971 1232 1998 sed
1263 1973 1355 2004 potius
1371 1974 1506 2007 proditori
1538 1975 1648 2002 obviam
1674 1975 1730 2009 ire;
1750 1980 1780 2003 ut
1804 1977 1848 2004 di-

1057 2021 1135 2042 scant
1161 2016 1228 2042 illud
1254 2025 1309 2044 non
1349 2025 1412 2045 csse
1438 2019 1619 2052 debilitatem,
1656 2022 1702 2048 sed
1732 2022 1846 2049 omnino

1056 2061 1239 2095 excogitatum
1254 2065 1424 2102 propositum
1437 2073 1444 2097 ;
1456 2069 1503 2092 aut
1512 2066 1601 2094 dicite
1617 2071 1689 2094 terra
1701 2068 1734 2094 ad
1743 2070 1844 2096 cmlnm

1059 2107 1112 2135 hos
1123 2108 1170 2143 qui
1188 2112 1253 2136 tunc
1269 2114 1348 2137 erant
1358 2115 1386 2137 et
1400 2110 1450 2138 hos
1465 2111 1512 2146 qui
1528 2119 1603 2140 nunc
1620 2117 1685 2140 sunt
1697 2121 1821 2148 surgere.

1094 2162 1176 2191 Vens.
1191 2163 1237 2191 Π.
1250 2163 1319 2191 Cum
1332 2164 1430 2199 gladiis
1445 2171 1472 2193 et
1485 2165 1744 2196 fustibnsdicuntur
1753 2170 1846 2198 venire

1057 2209 1104 2244 qui
1134 2210 1212 2237 missi
1238 2215 1301 2238 sunt
1326 2218 1340 2238 a
1369 2213 1570 2245 sacerdotibus,
1595 2215 1630 2241 ad
1645 2216 1845 2244 ostcmlendum

1019 2255 1043 2283 ι)
1059 2255 1140 2283 talem
1158 2264 1220 2283 esse
1235 2257 1433 2285 sacerdotalem
1449 2266 1544 2286 eorum
1563 2266 1724 2296 apparatum
1740 2268 1767 2289 ct
1783 2263 1847 2290 irri-

1058 2301 1179 2329 dendum
1190 2309 1250 2329 eos.

1095 2347 1178 2375 Vsus.
1192 2348 1238 2376 48.
1254 2348 1311 2376 Cur
1323 2350 1431 2385 signum
1449 2351 1523 2379 dedit
1540 2354 1679 2387 proditor?
1692 2355 1761 2388 Quia
1777 2364 1849 2391 saepe

1057 2395 1286 2430 comprehensus,
1301 2397 1426 2424 transivit
1439 2406 1487 2434 per
1498 2401 1617 2428 medium
1638 2409 1744 2429 eorum.

1095 2441 1177 2469 Vsks.
1197 2442 1241 2469 50.
1261 2443 1317 2470 Cnr
1336 2443 1424 2471 dicit:
1449 2446 1549 2478 Amice,
1576 2448 1610 2473 ad
1639 2448 1703 2482 quid
1733 2449 1848 2477 veniui.’

1058 2487 1138 2521 Dicit,
1155 2489 1250 2521 amice,
1268 2494 1298 2516 ut
1315 2489 1391 2516 illum
1420 2497 1580 2526 convertat;
1598 2498 1634 2527 ct,
1661 2495 1695 2520 ad
1717 2493 1782 2529 quid
1805 2503 1848 2521 ve-

1057 2535 1223 2568 nistiMuasi
1236 2535 1355 2563 diceret:
1365 2535 1423 2563 Non
1437 2537 1579 2567 charitatis
1592 2546 1674 2567 causa
1693 2540 1758 2566 illud
1774 2540 1846 2576 agis,

1057 2581 1105 2609 sed
1125 2582 1243 2616 maligna
1261 2582 1422 2610 intentione.

1093 2627 1178 2656 Vens.
1192 2628 1236 2655 51.
1256 2628 1333 2657 Unde
1347 2629 1464 2657 habebat
1476 2630 1594 2665 gladium
1608 2630 1722 2658 Petrus?
1735 2631 1844 2659 Eemna

1058 2675 1136 2710 legali
1151 2683 1158 2707 ;
1177 2683 1278 2710 agnum
1297 2676 1369 2703 enim
1385 2677 1551 2704 comederat.

1094 2718 1177 2747 Vens.
1193 2720 1238 2747 52.
1252 2721 1338 2755 Cujus
1350 2728 1431 2748 causa
1448 2721 1515 2748 dicit
1533 2731 1539 2748 :
1559 2722 1656 2749 Omnes
1674 2723 1719 2756 qui
1739 2731 1846 2757 accepe-

1058 2766 1112 2792 rint
1124 2766 1255 2801 gladium,
1267 2767 1357 2802 gladio
1369 2767 1513 2802 peribunt?
1525 2769 1675 2803 discipulos
1692 2775 1721 2796 ιιι
1736 2775 1846 2797 moneat

1057 2813 1200 2848 punitione
1227 2812 1345 2840 violenta
1378 2814 1555 2848 patrandum.
1592 2814 1649 2849 Ego
1685 2823 1750 2842 vero
1784 2815 1846 2842 dico

1059 2859 1160 2886 multos
1177 2859 1203 2886 id
1221 2859 1277 2893 pati
1294 2859 1364 2893 quod
1380 2859 1503 2892 faciunt.;
1524 2859 1546 2886 si
1561 2865 1653 2887 autem
1676 2869 1765 2888 omm-s
1779 2861 1848 2888 dici-

1059 2914 1113 2938 tur,
1129 2913 1178 2940 pro
1193 2905 1287 2933 multis
1302 2905 1509 2941 intelligendum
1522 2910 1564 2935 est
1587 2906 1712 2936 Etexteri
1725 2914 1846 2944 quoque,
