2075 3157
246 178 315 212 1167

601 178 797 209 ΟΡΠΞΕΗΙΑ
819 177 1136 209 ΞΟΒῘΡΤΙΙΒΙΞΤΙΟᾹ
1156 179 1331 210 INCERT/E
1347 179 1502 210 IETATIS.

1812 179 1880 212 1168

244 238 337 264 nvibus
349 235 480 268 omnibus,
499 235 625 267 dicendo,
652 243 701 270 pro
726 235 828 267 multis,
852 235 973 262 omnibus
995 235 1036 262 in-

1090 235 1191 268 πολλοὶ,
1205 237 1259 271 χρὴ
1270 237 1352 262 νοεῖν·
1367 237 1413 262 καὶ
1426 236 1451 262 οἱ
1466 236 1519 269 ἔξω
1531 235 1595 271 γὰρ,
1608 235 1741 262 οιωνοῖσί
1753 244 1785 262 τε
1793 235 1878 269 πᾶσι,

247 284 380 318 telligunt.

283 330 365 358 Vens.
381 329 427 356 57.
441 328 482 356 Ad
503 318 636 362 Ca‘pham
653 327 731 355 illum
749 328 897 361 duxerunt,
917 335 953 355 eo
965 328 1037 363 quod

245 380 306 402 erat
319 375 458 402 sacerdos.
475 373 522 400 Sic
533 379 624 400 autem
638 373 838 408 pernonabant
849 376 877 400 et
889 373 1038 408 vigilabant

246 423 360 454 interea,
385 425 482 448 utnon
507 419 684 447 comederent
710 425 776 448 tunc
801 420 917 452 Pascha,
937 420 983 447 sed
1010 420 1036 446 in

245 467 331 494 altera
344 466 388 493 die
411 475 418 493 :
439 465 502 492 ideo
516 469 543 492 et
561 465 589 491 in
605 465 657 492 hoc
674 464 761 498 legem
781 464 920 492 solverant
938 464 972 490 ob
987 470 1037 491 cu-

245 511 388 546 piditatem
405 509 558 538 homicidii.
576 509 647 536 Dicit
663 509 735 536 enim
749 510 880 542 Joannes,
892 509 966 544 quod
979 514 1036 536 erat

246 564 340 591 mane,
356 561 383 584 et
396 556 491 592 adjicit
508 564 515 583 :
532 555 592 583 Non
610 556 766 582 introierunt
780 555 807 582 in
825 555 991 589 pratort‘um,
1007 559 1036 582 ut

246 612 298 630 non
313 603 573 636 contaminarentur,
592 602 637 629 sed
651 607 679 629 ut
702 602 896 629 manducare":
921 601 1037 630 Pascha.

245 648 304 677 Non
316 650 389 678 enim
407 649 569 677 violavisset
589 647 715 676 Christus
736 648 821 682 legem
847 647 1038 676 manducando

245 695 351 722 Pascha
367 695 395 722 in
412 702 536 730 vespera,
549 695 712 731 priusquam
728 701 798 730 opus
814 694 895 722 foret.

284 739 364 768 Vens.
378 739 423 767 60.
444 739 588 773 Quomodo
613 743 678 767 sunt
706 739 766 767 falsi
807 744 891 767 testes
914 739 941 766 in
956 738 1021 766 Chri

247 787 342 814 stum?
357 787 397 813 Ab
418 795 451 814 eo
476 787 548 821 quod
572 787 667 814 dicunt
695 787 754 814 illi:
776 786 890 814 Possum
906 787 1040 814 destruere

249 833 374 868 templum
391 833 448 860 Dei.
463 833 522 860 Non
545 833 618 860 enim
634 832 696 860 talia
711 833 892 866 dixerat,sed,
909 833 1041 860 Destruile

250 880 374 914 templum
390 880 472 907 istud.
491 879 550 907 Non
569 883 659 906 autem
682 879 716 907 de
731 879 831 914 templo
849 880 928 913 dixit,
944 880 991 907 sed
1007 880 1040 907 dc

249 933 363 961 corpore
376 934 442 958 suo;
458 926 535 953 testis
548 933 614 953 vero
623 925 693 954 scire
708 925 788 953 debet
813 926 1036 961 signiﬁcationem
1055 915 1075 943 Β

247 972 322 999 verbi
338 972 411 1007 qttod
431 972 534 1000 dictum
547 976 600 999 est.

283 1017 422 1045 Vens.65.
444 1017 500 1045 Cur
517 1018 623 1045 tacebat
650 1017 831 1054 interrogatus
854 1025 870 1046 a
894 1019 1039 1054 pontiﬁce?

244 1064 314 1097 Quia
337 1064 463 1091 insanum
489 1068 548 1092 crat
580 1063 633 1091 tale
656 1063 802 1099 judicium,
826 1064 902 1091 nullo
923 1065 977 1091 alio
990 1072 1039 1092 au-

246 1111 438 1146 dientejudice
450 1116 498 1138 aut
512 1118 671 1144 assessore;
690 1112 792 1138 etenim
811 1112 954 1140 tribunalis
969 1114 1038 1141 ratio

246 1165 300 1184 non
310 1162 368 1184 crat
382 1157 433 1184 alia
446 1165 478 1184 ac
496 1157 633 1187 latronum
647 1165 716 1184 mos.

284 1203 366 1231 Vsus.
391 1204 436 1231 65.
472 1203 560 1231 Scidit
607 1205 771 1232 vestimenta
803 1213 865 1237 sua.
902 1206 1037 1234 acriorem

246 1250 451 1278 accusationem
498 1250 612 1282 faciens,
654 1256 681 1277 et.
724 1259 851 1286 magnum
895 1253 1039 1280 ostendere

247 1297 351 1324 malutn
364 1296 458 1324 volens
470 1297 542 1331 quati
553 1297 656 1323 dictum
669 1301 737 1324 erat.
752 1296 835 1324 Fiunt
848 1305 912 1333 ergo
925 1305 1039 1325 accusa-

247 1345 319 1368 tores
337 1340 428 1373 iidem,
445 1340 525 1368 iidem
538 1340 656 1376 judiccs,
672 1341 753 1369 iidem
768 1343 928 1370 sententiam
945 1342 1038 1370 fcren-

247 1391 299 1418 tes,
312 1386 402 1413 omnia
416 1387 498 1414 iidem
510 1387 586 1414 liunt.

283 1431 367 1460 Vens.
380 1432 424 1460 66.
439 1432 494 1460 Cur
522 1432 592 1460 clam
614 1440 667 1461 non
684 1433 867 1461 abstulerant?
886 1433 954 1468 Quia
965 1435 1039 1462 vole-

246 1478 312 1506 bant
325 1483 353 1506 et
370 1479 403 1506 de
429 1487 462 1506 eo
486 1479 644 1514 opinionem
665 1479 826 1514 destruere;
850 1481 922 1516 quod
944 1487 1036 1508 autem

247 1530 409 1559 potestatem
426 1525 572 1553 habuerint
589 1526 631 1553 vel
658 1526 709 1561 ipsi
725 1527 776 1554 soli
800 1535 862 1554 eum
883 1527 1036 1561 auferendi,

248 1572 311 1599 andi
337 1572 454 1599 Pilatum
482 1571 548 1607 quid
584 1572 657 1600 dicat
680 1582 687 1600 :
721 1573 838 1608 Accipite
860 1582 919 1600 eum
933 1582 976 1601 vos
1013 1579 1037 1602 et
1053 1588 1076 1618 ο

247 1618 390 1646 secundum
405 1618 486 1654 legem
498 1622 612 1645 uestram
622 1619 744 1654 judicale
755 1627 826 1646 eum.
871 1647 876 1650 ,

285 1665 367 1692 Vens.
386 1666 430 1693 67.
453 1665 508 1692 Cur
524 1665 599 1692 illum
626 1671 748 1693 mactare
776 1665 916 1697 debentes.
937 1673 1040 1700 expue-

248 1713 314 1740 bant
326 1713 352 1739 in
372 1712 470 1740 faciem
499 1711 581 1746 ejus?
594 1710 637 1738 0b
650 1719 717 1739 suos
730 1712 877 1739 insolentes
912 1720 1003 1740 mores
1013 1717 1040 1740 et

249 1766 379 1793 tnagntuu
395 1757 489 1784 odium

285 1803 365 1830 Vsus.
382 1803 427 1830 68.
444 1802 585 1830 Cedentes
596 1802 724 1829 dicebant
739 1811 745 1829 :
762 1802 924 1836 Prop/taliet:
951 1802 1038 1836 nobis,

248 1849 307 1884 quis
323 1854 361 1876 εει
376 1849 421 1884 qui
450 1852 475 1875 te
487 1848 626 1883 percussit.
644 1847 701 1875 Iloc
730 1851 820 1875 autem
850 1847 986 1876 faciebant
1006 1855 1041 1876 eo

247 1895 320 1930 quod
348 1895 480 1930 propheta
505 1895 653 1922 diceretur.
676 1893 755 1922 Alius
770 1901 836 1921 vero
872 1894 1038 1929 evangelista

247 1943 316 1970 dixit
331 1950 380 1971 eos
395 1941 493 1970 faciem
504 1941 565 1977 ejus
575 1941 730 1969 velamento
747 1940 888 1976 operuisse
901 1945 930 1968 ut
941 1949 1039 1976 percu-

248 1993 345 2016 tcrcnt.

285 2036 366 2062 Vsus.
398 2035 443 2062 74.
465 2034 611 2068 Quomodo
636 2034 779 2061 Mattheus
802 2037 936 2060 memorat
959 2032 1039 2060 Chri-

247 2085 318 2107 stum
333 2079 412 2107 Petro
426 2079 546 2107 dixisse:
560 2079 711 2113 Antequam
727 2078 814 2114 gallus
828 2082 929 2108 cantet,
941 2081 981 2104 ter
995 2085 1039 2104 me

1090 282 1226 316 λέγοντες,
1243 283 1303 310 ἀντὶ
1318 283 1376 315 τοῦ,
1388 283 1526 315 πολλοῖς,
1544 281 1650 308 νοοῦσιν
1661 283 1738 309 αὺτό.

1126 326 1197 362 Πρὸς
1211 327 1341 362 Καϊάφαν
1358 327 1441 353 αὐτὸν
1453 329 1610 362 ἀπήγαγον,
1625 327 1719 363 ἐπειδὴ
1731 328 1834 359 ἐκεῖνος
1846 325 1881 362 ἧν

1091 373 1199 409 ἱερεύς·
1228 373 1299 400 οὕτω
1318 374 1346 400 δὲ
1371 374 1549 408 ἐνυκτέρευον
1576 373 1623 400 καὶ
1647 373 1805 408 ἡγρύτινουν
1835 374 1881 400 ἐπὶ

1089 419 1194 454 τούτῳ,
1210 419 1248 451 ὡς
1266 419 1304 455 μὴ
1320 421 1419 454 φαγεῖν
1437 419 1496 446 τότε
1514 419 1544 446 τὸ
1563 420 1669 453 Πάσχα,
1684 420 1743 446 ἀλλ’
1758 420 1787 446 ἐν
1800 420 1882 456 ἑτέρᾳ

1090 465 1181 501 ήμέρᾳ
1192 474 1200 482 ”
1213 465 1255 492 διδ
1268 465 1314 492 καὶ
1330 466 1359 492 ἑν
1374 465 1461 501 τούτῳ
1473 465 1518 492 τὸν
1529 466 1612 500 νόμον
1627 465 1725 492 ἔλυσαν
1736 466 1770 492 δι’
1785 467 1881 492 ἐπιθυ-

1091 510 1158 546 μίαν
1173 511 1292 545 σφαγῆς·
1308 508 1387 537 εἶπεν
1404 510 1460 546 γὰρ
1474 511 1488 537 6
1511 511 1639 547 Ἰωάννης
1656 511 1698 537 ὅτι
1718 511 1811 546 πρωῖα
1833 509 1879 546 ἦν,

1090 558 1137 585 καὶ
1151 559 1311 593 ἐπήγαγεν,
1329 559 1390 586 οὐκ
1408 557 1556 592 εἰσῆλθον
1577 559 1621 591 εις
1641 558 1675 585 τὸ
1691 557 1879 592 πραιτώριον,

1089 604 1140 630 ἵνα
1153 604 1197 638 μὴ
1209 604 1389 639 μιανθῶσιν,
1407 605 1477 633 ἀλλ’
1494 605 1545 632 ἵνα
1561 604 1699 640 φάγωσιν
1717 606 1751 632 τὸ
1761 605 1880 640 Πάσχα⁵

1089 651 1120 677 οὐ
1134 651 1189 686 γὰρ
1204 650 1238 679 ἂν
1252 652 1266 678 6
1281 650 1400 686 Χριστος
1419 651 1528 688 παρέϐη
1548 651 1594 679 τδν
1608 651 1691 687 νόμον
1705 651 1800 686 φαγὼν
1814 651 1881 679 αὐτὸ

1088 697 1123 731 τῇ
1138 697 1243 733 ἑσπέρᾳ
1261 696 1314 732 πρὸ
1331 696 1379 723 τοῦ
1397 696 1511 728 δέοντος.

1125 743 1188 775 Πῶς
1205 743 1259 770 εισι
1276 743 1502 779 ψευδομάρτυρες
1516 743 1542 770 οἱ
1561 742 1633 770 κατὰ
1654 743 1795 778 Χριστοῦ;
1815 742 1882 771 ’Δπὺ

1089 789 1137 816 τοῦ
1153 789 1244 823 λέγειν
1260 789 1374 822 αὐτούς·
1392 789 1525 824 Δύναμαι
1545 789 1714 816 καταλῦσαι
1731 789 1786 817 τὸν
1806 789 1882 816 ναὸν

1089 835 1143 863 τοῦ
1162 836 1237 863 Θεοῦ
1248 844 1257 851 ·
1273 836 1310 863 Οὐ
1325 836 1380 871 γὰρ
1394 833 1470 862 εἶπεν
1484 836 1582 868 οὕτως,
1600 835 1679 869 ἀλλὰ,
1693 836 1812 863 Λύσατε
1828 835 1882 862 τᾶν

1090 881 1167 908 ναὸν
1179 881 1289 909 τοῦτον
1301 890 1308 897 ·
1326 881 1388 909 οὔτε
1401 881 1429 908 δὲ
1450 881 1532 909 πάλιν
1555 881 1620 917 περὶ
1643 881 1690 908 τοῦ
1711 881 1776 908 ναοῦ
1794 880 1881 913 εἶπεν,

1091 928 1159 956 ἀλλὰ
1175 929 1238 964 περὶ
1250 928 1297 955 τοῦ
1315 928 1442 964 σώματος
1458 927 1557 955 αὑτοῦ·
1581 929 1595 956 6
1611 928 1639 955 δὲ
1658 927 1819 964 μαρτυρῶν,
1835 927 1882 954 τὸν

1090 975 1152 1003 νοῦν
1166 975 1213 1003 τοῦ
1230 975 1377 1011 λεγομένου
1394 975 1478 1010 ῥητοῦ
1494 975 1593 1002 ειδέναι
1609 974 1693 1002 θέλει.

1125 1022 1175 1049 Διὰ
1196 1022 1223 1049 τί
1237 1021 1343 1049 ἐσιώπα
1368 1021 1420 1048 ὑπὸ
1442 1021 1488 1048 τοῦ
1509 1021 1663 1057 ἀρχιερέως
1684 1020 1882 1057 ἐρωτώμενος,

1091 1068 1153 1095 Ὂτι
1166 1067 1268 1104 ἀνόητα
1285 1065 1319 1103 ἦν
1336 1067 1370 1094 τὰ
1386 1067 1436 1102 τῆς
1458 1067 1593 1102 κρίσεως,
1611 1066 1720 1098 οὐδενὸς
1735 1066 1883 1098 ἀκούοντος

1090 1114 1171 1142 ἄλλου
1194 1113 1286 1150 κριτοῦ
1304 1114 1321 1149 ἢ
1345 1112 1494 1149 συγκριτοῦ
1510 1121 1516 1128 ·
1535 1113 1583 1140 καὶ
1599 1112 1699 1148 γὰρ-τὸ
1717 1113 1766 1148 μὲν
1790 1113 1883 1148 σχῆμα

1090 1160 1267 1196 δικαστηρίου
1281 1157 1315 1196 ἧν
1333 1160 1412 1195 μόνον
1422 1179 1430 1192 ,
1448 1159 1462 1186 6
1476 1159 1504 1186 δὲ
1520 1159 1621 1194 τρόπος
1640 1159 1758 1196 λῃστῶν.

1125 1206 1273 1242 Διέῤῥηξεν
1302 1206 1335 1233 τὰ
1361 1205 1458 1240 ἱμάτια
1485 1204 1591 1237 αὑτοῦ,
1618 1204 1804 1240 σφοδροτέραν
1833 1205 1882 1239 τὴν

1090 1254 1259 1289 κατηγορίαν
1269 1252 1364 1285 ποιῶν,
1379 1251 1426 1279 καὶ
1441 1251 1512 1287 μέγα
1525 1250 1609 1278 κακὸν
1623 1250 1709 1284 δεῖξαι
1721 1249 1883 1286 βουλόμενος

1089 1300 1120 1326 τὸ
1143 1299 1300 1335 εἰρημένον.
1318 1298 1441 1325 Γίνονται
1469 1295 1516 1324 οὖν
1543 1297 1620 1324 αὐτοὶ
1644 1296 1881 1329 καταδικάζοντες,

1090 1346 1169 1373 αὐτοὶ
1186 1345 1343 1380 κρίνοντες,
1371 1342 1450 1370 αὐτοὶ
1475 1342 1676 1378 ψηφιζόμενοι,
1697 1341 1786 1368 πάντα
1806 1341 1884 1368 αὐτο)⁸

1090 1391 1240 1427 γινόμενοι.

1125 1437 1175 1464 Διὰ
1186 1436 1212 1463 τί
1224 1436 1311 1472 λάθρα
1320 1436 1371 1462 οὐκ
1384 1435 1490 1462 ἀνεῖλον
1500 1434 1582 1462 αὐτόν
1594 1442 1601 1468 ;
1619 1434 1728 1471 Ἐπειδὴ
1741 1434 1884 1462 ἐϐούλοντο

1091 1484 1138 1511 καὶ
1153 1483 1204 1519 τὴν
1221 1482 1300 1515 δόξαν
1322 1481 1405 1508 αὑτοῦ
1429 1481 1583 1508 διασαλείν·
1601 1481 1642 1507 ὅτι
1657 1480 1685 1507 δὲ
1704 1480 1829 1513 ἐξουσίαν
1845 1478 1884 1507 εἴ·

1090 1538 1138 1565 χον
1151 1528 1199 1556 καὶ
1213 1527 1291 1555 αὐτοὶ
1305 1527 1381 1562 μόνοι
1394 1527 1476 1554 αὐτὸν
1493 1527 1610 1558 ἀνελεῖν,
1629 1526 1746 1554 ἄκουσον
1760 1526 1785 1553 τί
1799 1526 1883 1553 Πιλά-

1092 1584 1138 1608 τος
1150 1576 1236 1610 λέγει·
1250 1574 1361 1602 Λάϐετε
1372 1574 1466 1602 αὐτὸν
1476 1574 1525 1601 καὶ
1540 1574 1615 1601 κατὰ
1630 1574 1684 1600 τὸν
1695 1574 1790 1608 νόμον
1800 1572 1884 1608 ὑμῶν

1092 1622 1212 1656 κρίνατε
1228 1622 1331 1648 αὐτόν.

1127 1669 1177 1696 Διὰ
1190 1668 1218 1695 τί
1232 1668 1357 1703 ἀναιρεῖν
1379 1666 1524 1702 μέλλοντες
1540 1665 1633 1698 αὖτὺν,
1649 1666 1780 1692 ἐνέπτυον
1796 1665 1836 1697 είς
1851 1665 1884 1692 τὺ

1091 1716 1238 1752 πρόσωπον
1253 1714 1354 1745 αὑτοῦι
1371 1714 1421 1741 Διὰ
1442 1713 1489 1741 τὸν
1507 1712 1659 1741 ἀκόλαστον
1673 1711 1776 1748 τρόπον
1792 1710 1883 1738 αὐτῶν

1091 1762 1139 1789 καὶ
1149 1761 1195 1788 τὸν
1209 1761 1294 1788 πολὺν
1311 1760 1419 1794 φθόνον.

1126 1806 1256 1837 Παίοντες
1268 1805 1375 1838 ἔλεγον·
1391 1803 1610 1839 Προφήτευσον
1625 1803 1699 1838 ἡμῖν
1710 1803 1756 1836 τίς
1767 1803 1854 1830 ἐστιν
1866 1803 1883 1829 δ

1091 1852 1205 1885 παίσας
1215 1860 1252 1879 σε
1264 1859 1271 1866 ·
1286 1849 1366 1877 τοῦτο
1380 1850 1408 1877 δὲ
1425 1850 1536 1877 ἐποίουν
1548 1850 1593 1877 διὰ
1609 1849 1640 1876 τδ
1656 1849 1785 1884 λέγεσθαι
1800 1848 1883 1875 αὑτὸν

1091 1898 1253 1932 προφήτην·
1268 1896 1363 1930 ιτερος
1380 1895 1409 1922 δὲ
1429 1895 1483 1922 τῶν
1506 1894 1710 1929 εὖαγγελιστῶν
1735 1903 1817 1929 φησιν
1840 1894 1883 1920 ὅτι

1090 1942 1299 1978 περιὸάλλοντες
1317 1941 1348 1968 τὸ
1362 1941 1508 1977 πρόσωπον
1525 1941 1608 1968 αὐτοῦ
1620 1940 1659 1976 τῷ
1676 1939 1883 1976 ίματίῳ,ταῦτα

1090 1988 1210 2016 ἐποίουν.

1124 2034 1209 2066 Πῶςό
1224 2033 1273 2068 μὲν
1287 2033 1425 2065 Mat-.00.“;
1438 2040 1532 2068 φησιν,
1547 2032 1588 2059 ὄτι
1598 2030 1675 2058 εἴπεν
1686 2032 1699 2058 6
1715 2031 1832 2066 Χριστὸς
1843 2030 1882 2065 τῷ

1090 2080 1202 2115 Πέτρην
1217 2080 1293 2113 Πρὶν
1306 2079 1453 2113 ἀλέκτορα
1477 2078 1617 2113 φωνῆσαι
1633 2078 1696 2112 τρὶς
1716 2076 1880 2111 ἀπαρνήσῃ

249 2125 385 2159 negabis;
406 2124 516 2152 Marcus
540 2131 631 2152 autetn
653 2124 720 2151 dicit
744 2123 789 2151 uhi
818 2122 902 2150 semel
933 2127 1036 2150 tantum

1090 2133 1143 2160 (te;
1159 2127 1173 2152 6
1187 2126 1215 2152 δὲ
1228 2125 1341 2160 Μάρκος
1354 2125 1427 2159 λέγει
1442 2125 1483 2151 ὅτι
1497 2126 1541 2151 ὅτε
1561 2123 1635 2156 ἅπαξ
1656 2124 1806 2159 ἠρνήσατο,
1819 2123 1881 2149 τότε

250 2175 406 2206 negaverat,
421 2177 486 2197 tunc
505 2170 623 2205 primum
666 2169 765 2204 gallum
792 2174 928 2200 cantasse,
945 2173 972 2196 et
993 2169 1037 2196 ubi

249 2217 330 2244 tertio
352 2216 503 2252 negaverit,
532 2216 653 2244 secundo
680 2216 780 2251 gallum
804 2216 950 2243 cantasse?
969 2223 1039 2250 quo-

1090 2172 1197 2208 πρῶτον
1214 2172 1354 2207 ἐφώνησεν
1368 2172 1382 2198 6
1405 2169 1562 2206 ἀλεκτρυών
1575 2179 1581 2186 ·
1597 2171 1642 2198 ὅτε
1658 2170 1687 2197 δὲ
1718 2170 1810 2206 τρίτον
1830 2188 1837 2201 ,
1850 2169 1882 2195 τὺ

1090 2218 1216 2254 δεύτερον
1231 2227 1240 2252 ;
1254 2218 1315 2250 πῶς
1330 2218 1378 2246 οὖν
1392 2217 1588 2253 εὑρεθήσονται
1612 2216 1700 2252 ἀληθῆ
1719 2216 1880 2252 ἀμφότερα,

249 2263 333 2289 modo
364 2262 445 2297 igitur
480 2269 544 2288 vera
586 2261 761 2288 invenientur
804 2262 942 2296 utraque?
968 2261 1038 2294 Quia

1097 2265 1206 2300 Ἐπειδὴ
1221 2265 1283 2292 καθ’
1298 2266 1418 2300 ἑκάστην
1428 2264 1542 2299 ἀγωγὴν
1552 2263 1599 2291 καὶ
1613 2263 1705 2298 τρίτον
1722 2262 1769 2289 καὶ
1781 2262 1881 2298 τέταρ-

251 2307 402 2336 sccnndnm
421 2315 644 2342 unamquamque
673 2307 871 2340 narrationem,
904 2312 932 2334 et
960 2307 1040 2335 tertio

248 2359 275 2380 et
288 2358 386 2388 quarto
401 2359 495 2380 vocent
511 2353 577 2380 dare
592 2352 699 2380 solebat
711 2352 809 2387 gallus,
828 2353 947 2380 ostendit
966 2351 1039 2379 Mar-

248 2407 298 2427 cus
314 2399 386 2434 quod
399 2406 452 2426 vox
482 2399 540 2426 avis
556 2407 610 2426 non
627 2398 736 2426 Petrum
759 2398 888 2431 detinuit,
903 2406 990 2433 neque
1011 2398 1037 2425 in

249 2444 409 2470 memoriam
428 2443 576 2477 revocavit;
587 2443 654 2471 adeo
667 2445 740 2470 enim
755 2447 813 2470 erat
822 2450 922 2477 pavore
934 2443 1040 2477 percul«

247 2499 306 2524 sus,
317 2495 346 2518 ut
360 2490 428 2518 nihil
442 2491 601 2518 recordatus
613 2490 649 2518 sit
665 2497 761 2517 eorum
786 2496 846 2524 qua:
859 2489 931 2516 dicta
949 2494 1037 2517 erant.

247 2536 319 2565 Idem
329 2537 477 2564 ostendens
487 2536 574 2565 Lucas
584 2536 663 2570 dicit,
674 2536 801 2563 Dominus
811 2536 922 2570 respexit
931 2536 960 2562 in
968 2543 1038 2563 eum.

281 2582 365 2610 Vens.
379 2583 424 2610 75.
436 2582 492 2610 Cur
507 2582 608 2611 dicitur
626 2592 633 2610 :
646 2583 722 2618 quod
733 2582 860 2617 Egressus
875 2583 949 2617 foras
967 2582 1038 2616 ﬁerit

247 2630 361 2657 amare?
383 2629 452 2663 Quia
472 2635 564 2662 aperte
578 2630 642 2657 ﬂere
659 2636 713 2656 non
726 2628 855 2660 audebat,
878 2635 911 2655 ne
925 2635 1039 2655 accusa-

247 2667 323 2703 retur
337 2681 366 2704 ut
382 2676 543 2710 discipulus.

515 2747 631 2776 CAPUT
662 2746 769 2775 XXVII.

282 2811 366 2838 Vens.
379 2811 406 2839 5.
428 2810 484 2839 Cur
500 2811 592 2839 retulit
607 2809 770 2846 argenteos?
786 2808 855 2842 Quia
880 2816 934 2837 non
954 2809 1039 2837 susti-

247 2857 328 2884 nebat
339 2858 534 2886 conscientiam
553 2858 642 2893 ipSum
659 2856 847 2892 ﬂagellanlem.

283 2901 367 2941 Vsus.
396 2905 425 2932 4.
442 2904 510 2932 Cum
526 2905 620 2933 dicunt
643 2903 782 2940 print-ipes
807 2900 982 2930 saccrd'dum
1013 2906 1040 2929 et

1090 2318 1136 2336 τον
1157 2311 1256 2344 φωνεῖν
1272 2310 1367 2337 εἴωθεν
1391 2311 1406 2337 6
1420 2308 1596 2344 ἁλεκτρυὼν,
1617 2307 1706 2343 δηλῶν
1731 2309 1745 2335 6
1767 2307 1882 2343 Μάρκος

1090 2356 1131 2383 ὅτι
1157 2356 1218 2383 οὐδὲ
1235 2356 1252 2391 ή
1276 2356 1354 2392 φωνὴ
1373 2356 1454 2383 αὑτὸν
1482 2355 1616 2390 ἐπέσχεν,
1632 2355 1680 2382 καὶ
1702 2355 1744 2386 εἰς
1770 2355 1881 2390 μνήμην

1090 2402 1190 2437 ἤγαγε,
1204 2402 1283 2429 τοῦτό
1298 2411 1381 2437 φησιν
1391 2411 1399 2418 ·
1411 2402 1538 2429 τοσοῦτον
1549 2401 1577 2428 δὲ
1591 2400 1625 2437 ἦν
1638 2402 1833 2436 ἀποτεθνηκὼς
1842 2401 1882 2436 τῷ

1090 2448 1144 2474 δέει
1155 2469 1163 2480 ,
1177 2449 1218 2474 ὅτι
1238 2448 1299 2475 οὐδὲ
1315 2448 1438 2484 ἐμνήσθη
1455 2447 1503 2475 τοῦ
1520 2447 1661 2482 λεχθέντος
1673 2456 1680 2463 ·
1696 2447 1745 2474 καὶ
1765 2447 1844 2473 τοῦτο
1867 2447 1881 2473 6

1091 2493 1199 2524 Λουκᾶς
1215 2492 1305 2528 δηλῶν
1315 2513 1324 2527 ,
1345 2493 1387 2521 ὃτι
1408 2492 1591 2527 Ἐνέϐλεψεν
1609 2493 1653 2525 εις
1668 2492 1762 2519 αὑτὸν
1776 2494 1792 2519 ό
1812 2493 1881 2526 Χρι-

1090 2538 1164 2570 στὸς
1173 2558 1180 2569 ,
1194 2536 1281 2565 εἶπεν.

1127 2583 1176 2610 Διὰ
1197 2583 1225 2611 τί
1244 2583 1329 2618 λέγει,
1349 2584 1391 2611 ὄτι
1420 2583 1570 2616 Ἐξελθὼν
1586 2583 1645 2616 ἔξω
1661 2583 1816 2611 ἔκλαυσεν
1830 2590 1880 2610 κι-

1090 2630 1185 2665 κρῶς;
1203 2631 1312 2666 Ἐπειδὴ
1325 2630 1449 2666 φανερῶς
1464 2631 1514 2657 οὐκ
1526 2629 1628 2666 ἐτόλμα
1639 2629 1768 2664 κλαῦσαι,
1782 2630 1826 2658 ἵνα
1842 2629 1880 2667 μὴ

1091 2675 1268 2712 κατηγορηθῇ
1284 2675 1323 2707 ὡς
1337 2675 1471 2711 μαθητής.

1369 2747 1503 2775 ’ΚΕΦΑΛ.
1526 2748 1592 2775 KZ’.

1126 2808 1175 2835 Διὰ
1190 2808 1217 2835 τί
1229 2809 1401 2845 ἀπέστρεψεν
1415 2811 1450 2837 τὰ
1463 2811 1583 2847 ἀργύρια
1595 2820 1604 2845 ;
1627 2812 1736 2849 Ἐπειδὴ
1751 2813 1802 2840 οὒκ
1815 2812 1882 2849 ἐφε-

1094 2862 1139 2889 ρεν
1151 2854 1182 2880 τὸ
1198 2854 1316 2887 συνειδὸς
1330 2856 1462 2890 μαστίζον
1476 2857 1568 2884 αὐτόν.

1129 2900 1166 2926 Τὸ
1180 2900 1267 2928 εἰπεῖν
1287 2901 1351 2934 τοὺς
1366 2902 1505 2938 ἀρχιερεῖς
1523 2903 1569 2930 καὶ
1583 2904 1647 2936 τοὺς
1665 2904 1881 2941 πρεσϐυτέρους,
