2075 3157
199 174 270 210 1169

698 176 859 207 SCHOLIA
878 176 1028 207 VETERA
1050 175 1090 205 IN
1109 174 1344 205 MATTlLEUM.

1763 170 1832 201 1170

198 232 240 258 Σὺ
269 232 347 266 ὄψει,
381 232 512 268 μέγιστον
538 233 630 264 αὐτοῖς
659 232 785 267 ἔγκλημα
813 233 861 259 καὶ
889 232 985 258 τοῦτο·

1055 232 1186 258 ettiores:
1217 233 1254 258 Tu
1283 230 1391 263 videris,
1415 229 1564 257 maximum
1590 227 1641 255 sibi
1655 232 1793 262 peccatum
1806 233 1833 256 et

198 276 338 309 φαίνονται
361 277 415 312 γὲίρ
434 277 638 313 μαρτυροῦντες
661 278 694 313 τῇ
716 277 818 312 τόλμῃ·
839 277 886 304 καὶ.
904 285 989 303 κατα-

197 321 322 354 κρίνουσι
345 323 395 357 μὲν
415 323 461 349 τὸν
485 322 606 355 Ἰούδαν,
632 323 686 349 ὑπδ
705 322 734 349 δὲ
754 322 802 349 τοῦ
819 322 922 353 πάθους
940 323 990 349 οὐκ

199 367 440 402 ἀναχαιτίζονται·
468 369 680 404 κατακρίνονται
702 369 731 395 δὲ
751 368 799 395 καὶ
826 368 859 395 ὲκ
879 368 927 395 τοῦ
952 369 990 403 μὴ

200 413 292 448 βαλεῖν
308 414 380 442 αὐτὰ
395 416 435 446 εἰς
451 415 497 442 τὸν
509 417 667 451 κορσωνᾶν,
687 415 746 442 ἀλλ’
761 415 896 449 ἀγοράσαι
908 416 991 442 τόπον

200 460 240 490 εἰς
251 460 341 495 ταφὴν
355 460 411 487 τῶν
424 462 518 494 ξένων,
529 462 584 489 ἀπὸ
600 462 680 496 φόνου
694 461 821 488 εὐποιίαν
837 461 990 493 ποιοῦντες·

200 504 229 536 ὃς
243 504 329 540 ἀγρὸς
343 505 475 541 κηρύττει
498 507 543 533 ἀεὶ
563 506 594 532 τὸ
612 507 731 542 πρᾶγμα
746 505 866 540 ἐλέγχων
879 505 989 536 αὐτούς.

237 597 287 623 Διὰ
305 597 331 623 τί
345 595 392 624 οὖν
408 597 562 632 ἀγξάμενος
577 597 616 629 ὡς
631 596 670 633 μὴ
689 597 861 632 μετανοήσας
884 596 993 632 νομίζε-

201 651 262 675 ται;
290 644 350 671 Ὅτι
373 644 564 679 προεξήγαγεν
586 644 668 671 αὐτὸν
692 643 744 679 τῆς
765 642 927 678 μετανοίας,
950 643 994 669 ἵνα

205 690 287 724 μηδὲν
308 690 433 718 ἐντεῦθεν
447 690 641 727 καρπώσηται.

234 736 284 763 Διὰ
299 736 324 762 τί
338 736 368 763 οὐ
383 736 508 771 λέγουσιν
521 737 560 772 τῷ
573 737 681 772 Πιλάτῳ
695 737 745 764 ὅσα
762 738 786 764 οἱ
802 738 943 774 μάρτυρες
955 733 995 763 εἷ-

204 791 272 814 πον,
301 782 358 809 ἀλλ’
378 783 418 814 εὶς
431 783 551 818 δημόσια
574 783 736 819 ἐγκλήματα
757 783 807 819 τὴν
825 783 995 819 κατηγορίαν

204 829 345 862 arato-Sani;
369 829 479 864 Ἐπειδὴ
504 830 654 863 ἐγίνωσκον
678 830 716 862 ὡς
739 831 754 857 ὀ
778 830 893 862 Πιλᾶτος
918 829 996 857 οὐδὲν

204 874 262 910 εχει
272 875 305 901 τὰ
321 875 424 910 νόμιμα
435 875 536 903 αὐτῶν.
560 876 590 902 '0
605 876 721 911 Χριστος
732 876 892 912 ἐρωτηθεὶς,
906 875 943 904 EI
954 876 995 904 σὺ

203 922 221 947 ὀ
232 921 384 954 ,βασιλεὺς
400 920 461 948 τῶν
477 921 632 949 Ἰουδαίων
641 931 650 954 ;
666 920 758 948 εἶπεν·
774 922 816 949 Σὺ
830 922 936 955 stunc;
947 922 997 948 Διὰ

204 966 251 993 τοῦ
264 967 362 998 εἰπεῖν,
380 967 422 994 Σὺ
440 965 528 999 εἴπας
538 987 546 998 ,
563 966 741 1002 ὡμολόγησεν
755 965 827 994 εῖναι
849 967 976 1003 βασιλεὺς
987 988 996 1000 ,

204 1011 263 1038 ἀλλ’
276 1011 438 1046 ἐπουράνιος
449 1020 457 1028 ο
474 1012 488 1039 ὃ
513 1012 561 1039 καὶ
575 1013 693 1048 ἀλλαχοῦ
719 1014 889 1049 σαφέστερον
904 1013 997 1048 ἔλεγεν

205 1058 273 1093 πρδς
295 1058 412 1090 αὐτοὺς.
434 1059 477 1085 ὅτι
499 1059 535 1086 Ἦ
547 1059 605 1094 ἐμὴ
616 1059 764 1091 ,βασιλεία
786 1061 842 1088 οὐκ
858 1061 945 1087 ἐστιν
962 1060 999 1087 ἐκ

205 1105 259 1132 τοῦ
273 1107 390 1140 κόσμου
403 1106 522 1133 τούτου.

243 1151 351 1186 Βραχέα
365 1152 554 1188 ἀποκρίνεται,
569 1157 615 1179 και
630 1152 711 1179 πάλιν
726 1153 802 1187 σιγᾷ”
814 1152 867 1179 ἀπὸ
882 1152 937 1186 γὰρ
949 1151 999 1185 τῆς

206 1197 356 1228 παντελοῦς
375 1198 454 1232 σιγῆς
465 1198 545 1230 δόξαν
556 1197 702 1229 αὐθαδείας
718 1197 848 1231 δέξασθαι
862 1197 934 1232 εἶχεν
946 1204 954 1213 ·
967 1199 1000 1223 ἐκ

205 1243 234 1269 δὲ
251 1242 299 1269 τοῦ
327 1243 414 1269 πολλὰ
438 1243 539 1277 λέγειν,
562 1243 593 1270 οὐ
617 1244 711 1270 πεῖσαι
741 1243 841 1275 αὐτοὺς
869 1243 998 1278 ἔμελλεν·

207 1287 378 1320 ὲτύφλωττον
395 1288 450 1322 γὰρ
469 1288 590 1319 ἑκόντες.

242 1333 291 1360 Διὰ
312 1334 339 1360 τί
365 1334 416 1360 οὐκ
431 1331 519 1365 εἴπεν,
531 1334 573 1361 ὁτι
588 1334 690 1369 Φόρους
698 1334 814 1366 δέδωκα,
826 1334 873 1361 καὶ¹
889 1333 999 1368 ἑτέρους

209 1378 410 1406 καταϐαλέσθαι
421 1379 564 1411 ἐκέλευσα,
579 1380 626 1406 καὶ
637 1380 719 1414 ἡνίκα
734 1380 830 1415 ήθελόν
842 1388 876 1413 με
888 1380 1000 1414 ποιῆσαι

211 1425 333 1459 βασιλέα,
349 1425 467 1459 ἔφυ-τως
489 1425 551 1452 Ὅτι
576 1425 776 1461 διεφθαρμένον
793 1423 827 1460 ἧν
853 1425 943 1452 αὐτῶν
970 1424 1001 1450 τὸ

208 1471 395 1506 δικαστήριον.

247 1518 276 1545 '0
293 1518 410 1546 Πιλᾶτος
426 1517 583 1553 ἐθαύμασεν
604 1517 653 1553 τὴν
668 1517 822 1544 ἐπιείκειαν
845 1518 877 1544 ἐκ
893 1516 942 1551 τῆς
959 1525 1000 1543 σι‹

1043 279 1108 306 illud
1133 279 1247 306 faciunt.
1277 278 1348 306 Nam
1376 278 1502 305 videnlur
1522 277 1629 304 facinus
1653 279 1833 308 altestantcs;

1042 330 1068 353 et
1081 325 1385 360 condemnautquidem
1412 323 1522 356 ludam,
1542 323 1588 350 sed
1608 329 1656 357 per
1674 322 1735 355 ejus
1754 321 1836 348 mist:-

1044 371 1159 399 randam
1199 375 1301 398 sortem
1328 377 1382 398 non
1414 370 1582 397 detinentur.
1613 368 1837 396 Condemnantur

1043 423 1133 444 autem
1152 425 1185 444 ex
1198 417 1250 444 hoc
1262 417 1335 452 quod
1350 424 1406 444 non
1421 415 1548 444 miserint
1562 419 1706 450 argenteos
1729 413 1757 440 in
1771 421 1835 440 cor-

1044 463 1157 494 bonam,
1171 463 1217 490 sed
1230 462 1348 490 emcrint
1362 462 1452 489 locum
1475 462 1502 488 in
1527 461 1696 496 sepulturam
1714 460 1836 494 peregri-

1045 517 1154 541 norum,
1185 517 1218 536 ex
1239 509 1389 536 homicidio
1417 507 1625 536 beneﬁcentiam
1652 510 1837 534 exercentes:

1045 555 1091 590 qui
1107 562 1172 590 ager
1186 563 1242 582 rem
1260 555 1412 589 proclamat
1428 561 1535 587 semper
1551 554 1612 580 illos
1630 553 1773 580 incusans.

1084 601 1167 629 Vens.
1186 602 1212 629 5.
1231 602 1286 628 Cur
1302 602 1386 637 igitur
1398 601 1496 635 laqueo
1511 607 1663 634 suspensus
1677 603 1731 629 est,
1755 598 1792 625 ita
1810 602 1840 625 ut

1047 656 1101 675 nou
1126 647 1288 682 paenituisse
1316 647 1461 674 rideatur?
1485 646 1555 679 Quia
1582 653 1612 673 se
1639 653 1654 673 ει
1677 645 1839 681 poenitentia

1046 694 1135 729 primo
1152 694 1259 726 avertit,
1279 697 1308 720 ιιι
1324 693 1429 720 nullum
1442 693 1504 720 inde
1516 691 1635 719 fructum
1652 691 1785 719 retulerit.

1084 741 1168 768 Vens.
1181 741 1224 767 ll.
1242 739 1298 767 Cur
1311 747 1364 766 non
1381 739 1476 766 dicunt
1495 739 1583 766 Pilato
1601 738 1673 774 quod
1696 742 1780 765 testes
1799 737 1842 764 di-

1047 791 1155 818 xerant,
1188 785 1235 813 sed
1260 784 1293 812 de
1317 785 1436 820 publicis
1452 784 1616 812 criminibus
1633 783 1839 811 accusationem

1049 832 1174 860 faciunt?
1209 831 1279 865 Quia
1304 830 1508 865 cognoscebant
1540 829 1659 857 Pilatum
1684 836 1733 864 pro
1756 828 1844 856 nihilo

1050 878 1150 905 habere
1161 885 1222 912 qua:
1236 877 1269 904 de
1283 884 1379 904 eorum
1391 876 1450 911 lege
1463 879 1551 903 erant.
1573 875 1700 902 Christus
1720 875 1842 901 interro-

1048 929 1143 959 gatus:
1164 923 1202 950 Tu
1211 931 1238 950 es
1255 931 1302 950 rex
1317 922 1493 949 ’Judazorum
1507 922 1520 948 .9
1533 921 1601 948 dicit
1617 930 1623 948 :
1641 920 1678 947 Tu
1692 920 1769 947 dicis.
1792 919 1845 946 lle-

1048 970 1203 1005 pondendo,
1222 969 1261 996 Tu
1274 968 1353 1001 dicis,
1376 968 1522 995 confessus
1538 971 1580 994 est
1605 974 1635 994 se
1662 974 1752 1001 regem
1769 972 1843 997 esse,

1049 1015 1098 1043 sed
1112 1014 1264 1043 caelestem.
1280 1013 1312 1040 Et
1332 1013 1402 1041 alias
1423 1012 1525 1040 clarius
1539 1012 1594 1040 illis
1613 1012 1683 1040 dixit
1698 1020 1705 1040 :
1726 1011 1846 1046 Regnum

1051 1068 1138 1088 meum
1154 1067 1205 1087 non
1226 1064 1264 1087 est
1279 1067 1313 1086 ex
1326 1058 1374 1085 hoc
1391 1057 1501 1086 mundo.

1085 1151 1169 1179 Vrsas.
1191 1150 1234 1178 12.
1253 1148 1375 1177 Breviter
1416 1147 1560 1184 respondet
1595 1147 1729 1175 etilerum
1753 1150 1846 1174 tacet:

1051 1204 1112 1223 naut
1130 1204 1162 1223 ex
1179 1195 1305 1222 absoluto
1317 1193 1426 1221 silentio
1445 1192 1610 1229 arrogantia:
1621 1191 1779 1227 opinionem
1794 1190 1846 1218 sibi

1050 1242 1231 1275 conciliabat;
1252 1240 1299 1268 sed
1325 1240 1409 1267 multa
1445 1239 1571 1270 dicendo,
1596 1238 1657 1266 illos
1682 1236 1848 1272 persuadere

1051 1297 1104 1316 non
1117 1288 1253 1320 debebat;
1272 1294 1335 1314 nam
1348 1286 1502 1313 cmcieraut
1530 1284 1688 1312 voluntarii.

1088 1335 1171 1362 Vt-zns.
1191 1334 1233 1361 l5.
1251 1334 1306 1360 (Zur
1330 1340 1384 1360 non
1398 1332 1487 1359 dicit:
1504 1331 1618 1358 ’I‘ributa
1642 1329 1721 1362 solvi,
1740 1335 1767 1356 et
1787 1329 1849 1356 aliis

1049 1380 1116 1413 ju~si
1137 1384 1166 1407 ιιι
1180 1379 1348 1411 conferrent,
1359 1383 1386 1406 et
1399 1378 1509 1413 quando
1525 1385 1568 1404 me
1583 1383 1675 1410 regem
1696 1375 1786 1401 facere
1802 1382 1849 1400 vo-

1052 1427 1171 1458 luerunt,
1190 1425 1246 1460 fugi
1261 1425 1349 1458 ?Quia
1363 1428 1522 1459 corruptum
1538 1427 1598 1451 crat
1607 1429 1701 1449 eorum
1716 1420 1847 1449 tribunal.

1092 1520 1173 1547 Vsus.
1191 1519 1235 1546 Μ.
1252 1519 1356 1546 Pilatus
1383 1518 1497 1545 miratus
1525 1521 1571 1544 est
1601 1516 1660 1551 ejus
1685 1516 1712 1542 in
1744 1515 1850 1543 silendo

209 1564 261 1599 γῆς
271 1572 278 1579 ’
290 1564 385 1599 ἐπειδὴ
396 1564 425 1590 δὲ
441 1564 568 1590 ὲόούλετο
582 1563 665 1590 αὑτὸν
678 1563 898 1598 ἀπολογούμενον
914 1563 1000 1589 ἁπαλ-

1055 1566 1286 1598 moderationem;
1301 1565 1432 1600 queuiam
1447 1568 1538 1591 autem
1555 1561 1757 1594 volebatillum,
1774 1567 1848 1596 post—

210 1609 344 1644 λαγῆναι,
359 1609 402 1635 διὰ
419 1609 499 1636 τοῦτο
513 1607 590 1636 εἶπεν
607 1619 610 1623 '
627 1610 688 1636 Οὐκ
704 1610 824 1642 ἀκούεις
845 1610 927 1635 πόσα
942 1615 1002 1635 σου

211 1656 514 1691 καταμαρτυροῦσιν;
547 1655 657 1690 Ἐπειδὴ
685 1656 715 1682 δὲ
741 1655 824 1682 πάλιν
849 1655 925 1681 οὐδὲν
949 1655 1003 1681 ἁπ-

210 1701 319 1737 ικρίθη,
330 1701 425 1736 ἕτερον
437 1701 604 1736 μηχανᾶται,
613 1700 658 1727 ἵνα
666 1700 703 1733 ὡς
710 1700 855 1728 κατάδικον
867 1699 1003 1735 χαρίσων-

210 1754 257 1773 ται
272 1745 353 1773 αὐτὸν
371 1747 404 1780 τῇ
422 1746 503 1781 ἑορτῇ
518 1745 589 1772 κατὰ
603 1746 635 1772 τὸ
655 1745 717 1777 ἔθος
732 1745 823 1774 αὐτῶν
835 1753 842 1762 ⁸
857 1745 945 1776 οὕτως
957 1745 1003 1771 τὴν

213 1791 309 1828 κριτὴν
333 1792 434 1826 μᾶλλον
449 1791 662 1827 παρακαλοῦντα
673 1792 724 1828 οὐχ
748 1792 888 1826 ὑπήκουον
902 1791 929 1818 οι
951 1790 1004 1818 ὑπὸ

213 1840 301 1875 χεῖρα,
315 1839 369 1866 ἀπὸ
382 1838 482 1874 πολλῆς
497 1841 671 1875 παρανομίας
687 1839 735 1868 καὶ
748 1838 859 1874 φθόνου.

246 1929 295 1956 Διὰ
322 1928 348 1954 τί
374 1928 477 1964 λῃστὴν
506 1928 609 1959 εἰπὼν,
637 1929 809 1964 προσέθηκεν
836 1930 925 1956 εἰπεῖν
945 1929 1004 1962 καὶ,

212 1975 384 2009 ἐπίσημον-ς
402 1974 484 2000 Ὥστε
495 1974 563 2009 μηδὲ
579 1975 658 2005 σκιᾶς
669 1974 818 2008 ἀπολογίαν
831 1974 1002 2006 καταλιπεῖν,

212 2021 254 2047 ὁτι
268 2020 387 2047 τοιοῦτον
399 2018 470 2053 ὑπὲρ
480 2019 603 2048 τοιούτου
615 2019 830 2055 ἀντηλλάξαντο,

245 2067 295 2093 Διὰ
309 2067 336 2092 τι
349 2067 400 2101 οὐχ
409 2066 424 2092 ὁ
435 2065 550 2098 Πιλάτος
561 2067 613 2102 ὁρᾷ
626 2066 656 2093 τὸ
670 2067 750 2100 ὄναρ,
764 2066 823 2093 ἀλλ’
838 2066 930 2102 ὴγυνὴ
946 2075 953 2098 ;
970 2067 1005 2092 Ἢ

213 2112 255 2138 ὅτι
270 2111 334 2144 ἀξία
347 2109 382 2146 ἦν
395 2111 513 2146 μᾶλλον·
537 2111 553 2147 ἢ
576 2112 617 2138 ὅτι
645 2112 725 2143 αὐτὸς
748 2112 772 2138 εὶ
796 2109 887 2144 εἶδεν,
906 2112 957 2138 οὐκ
972 2111 1005 2142 ἂν

213 2158 363 2193 ἐπιστεύθη
389 2158 427 2190 ὡς
449 2157 611 2197 βουλόμενος
636 2157 771 2185 ἀπολῦσαι
793 2157 892 2185 αὐτόν·
910 2158 926 2193 ἢ
950 2156 1006 2184 οὐδ’

213 2205 247 2231 ἃν
261 2204 378 2237 ἐξεῖπεν·
395 2204 492 2239 κριτὴς
506 2203 562 2239 γὰρ
575 2201 620 2239 ἦν·
637 2203 685 2230 xal.
699 2204 742 2230 ἴνα
755 2205 769 2230 ὁ
784 2203 854 2239 ἀνὴρ
864 2203 937 2239 πάθῃ
954 2203 1005 2238 τὴν

1057 1621 1139 1648 quam
1165 1620 1194 1640 se
1221 1612 1398 1651 delemlisset,
1417 1610 1565 1640 dimittere,
1590 1609 1651 1636 idco
1674 1608 1741 1636 dicit
1755 1606 1850 1634 :var

1058 1659 1135 1686 audis
1150 1664 1250 1693 quanta
1276 1659 1415 1684 aduersum
1440 1662 1464 1683 te
1480 1656 1572 1682 dicunt
1596 1654 1745 1682 testimonia
1758 1653 1849 1687 3Quia

1057 1712 1123 1732 vero
1139 1705 1239 1731 iterum
1257 1703 1323 1731 nihil
1338 1703 1490 1737 respondit.
1506 1702 1579 1730 aliud
1602 1702 1726 1733 intentat,
1743 1700 1851 1728 scilicet

1059 1755 1086 1777 ut
1103 1750 1178 1777 illum
1195 1750 1273 1785 quasi
1286 1749 1499 1777 condemnatum
1513 1749 1539 1776 in
1557 1748 1601 1774 die
1618 1747 1688 1775 festo
1700 1747 1850 1774 secundum

1058 1805 1136 1824 suam
1167 1796 1393 1824 consuetudinem
1420 1796 1507 1831 gratia
1539 1794 1651 1821 doucnt.
1668 1793 1713 1820 Sic
1732 1793 1853 1828 iudicem"

1058 1844 1098 1870 vel
1116 1843 1206 1878 potius
1222 1842 1420 1877 supplicantem
1439 1849 1492 1868 non
1506 1841 1653 1868 audierunt
1665 1839 1723 1875 ejus
1735 1840 1848 1872 subditi,

1059 1890 1093 1917 ob
1109 1897 1233 1925 magnum
1252 1889 1414 1923 injusliliam
1432 1892 1459 1914 et
1472 1886 1612 1914 invidiam.

1096 1935 1178 1962 Vens.
1199 1935 1241 1961 16.
1259 1934 1313 1960 Cur
1328 1934 1361 1961 de
1385 1934 1491 1960 latrone
1516 1931 1667 1967 loquendo.
1685 1931 1796 1958 additur
1808 1931 1852 1957 iu-

1058 1979 1179 2014 signcm?
1193 1979 1229 2005 Ita
1241 1984 1270 2004 nt
1283 1986 1316 2005 ne
1330 1978 1426 2005 umbra
1445 1977 1555 2010 quidem
1568 1977 1703 2012 apologiao
1713 1976 1852 2011 relinqua-

1059 2029 1112 2055 tur,
1130 2025 1200 2057 quod
1216 2023 1297 2050 talem
1314 2030 1362 2057 pro
1377 2022 1424 2049 tali
1439 2022 1605 2049 dimiserint.

1095 2069 1178 2096 Vens.
1194 2069 1236 2096 19-.
1253 2068 1308 2095 Cur
1329 2075 1382 2095 non
1406 2067 1510 2095 Pilatus
1531 2066 1852 2099 lmbet-sonunimn,sed

1059 2115 1147 2143 uxor?
1164 2113 1212 2141 Vel
1229 2113 1294 2149 quia
1307 2113 1386 2148 digna
1400 2111 1485 2146 magis
1503 2116 1580 2144 erat;
1594 2113 1635 2138 vel
1653 2112 1718 2146 quia
1739 2112 1809 2145 ipse,
1828 2112 1852 2138 si

1059 2162 1182 2195 vidisset,
1193 2168 1246 2188 non
1257 2158 1511 2194 crederetur,quasi
1521 2157 1698 2189 volcusillum
1705 2157 1853 2192 dimittere;

1059 2207 1102 2235 vel
1116 2214 1169 2234 non
1188 2205 1427 2236 manifestavisset,
1441 2204 1523 2239 judex
1539 2204 1612 2232 enim
1630 2209 1688 2231 erat
1700 2211 1708 2236 ;
1721 2207 1749 2230 et
1765 2208 1795 2230 ut
1811 2204 1854 2231 vir

214 2250 302 2286 ψυχὴν
312 2251 357 2277 διὰ
369 2250 419 2286 τὴν
428 2251 555 2284 γυναῖκα·
566 2250 614 2277 καὶ
628 2250 683 2283 ἵνα,
699 2249 737 2282 ὡς
752 2250 833 2285 γυνὴ,
853 2249 1000 2284 κατάδηλον

1061 2253 1178 2288 patiatur
1187 2252 1213 2278 iu
1223 2251 1367 2278 anintasua
1375 2258 1422 2285 per
1429 2258 1506 2278 suam
1515 2258 1640 2282 uxorem,
1651 2255 1678 2278 et
1689 2255 1719 2277 ut
1727 2250 1854 2285 illa,pr0-

215 2297 318 2333 ποιήσῃ
334 2297 403 2322 πᾶσι
417 2296 467 2322 καὶ
481 2296 602 2332 γνωσθῇ.

251 2341 289 2367 Ob
306 2341 464 2375 σταυρῶσαι
481 2341 562 2375 μόνον
577 2341 714 2374 θέλοντες,
732 2341 801 2369 ἀλλὰ
819 2342 868 2368 καὶ
883 2342 1005 2377 πονηρὰν

216 2387 292 2423 αὐτῷ
316 2387 473 2422 βουλόμενοι
501 2387 654 2423 περιθεῑναι
679 2387 780 2421 δόξαν·
798 2388 925 2423 ἐνόμιζον
952 2388 1008 2423 γὰρ

217 2434 436 2467 κατασκευάζειν
456 2435 488 2461 ὲκ
507 2434 604 2461 τούτου
618 2435 660 2461 ὅτι
674 2434 723 2462 τοῦ
744 2434 845 2471 λῃστοῦ
861 2435 960 2470 χείρων
973 2433 1008 2470 ἦν

217 2481 265 2508 καὶ
281 2480 352 2507 οὕτω
363 2480 523 2516 παράνομος
534 2499 542 2511 ,
556 2480 595 2513 ὡς
610 2481 680 2517 μήτε
693 2481 790 2517 ὁορτῆς
804 2480 942 2516 ἀξιώματι
956 2480 1008 2507 σώ-

217 2529 313 2561 ζεσθαι
323 2538 332 2545 ·
343 2529 433 2558 πάντα.
442 2529 496 2564 γὰρ
506 2529 602 2555 τούτου
616 2529 710 2556 ἕνεκεν
723 2528 833 2556 ἐποίουν
843 2527 914 2554 ὥστε
924 2526 1008 2554 αὐτοῦ

217 2575 266 2610 τὴν
288 2574 423 2609 ὑπόληψιν
445 2574 618 2601 διαϐάλλειν·
643 2574 688 2601 διὰ
712 2573 793 2600 τοῦτο
814 2574 861 2601 καὶ
880 2574 943 2605 τοὺς
962 2573 1009 2600 δύο

217 2620 319 2656 λῃστὰς
338 2618 428 2646 αὐτῶν
453 2619 697 2654 συνεαταύρωσαψ
721 2618 778 2647 ἀλλ’
802 2620 819 2654 ἡ
841 2618 956 2654 ἀλήθεια
977 2618 1008 2644 οὐ

220 2667 300 2702 μόνον
310 2666 340 2693 οὺ
352 2666 557 2697 συνεσκιάζετο.
568 2666 637 2692 ἀλλὰ
649 2665 697 2692 καὶ
706 2665 838 2699 μειζόνως
847 2665 920 2691 διέλα
926 2674 1006 2700 μπεν.

254 2713 309 2739 Καὶ
332 2713 376 2739 διὰ
390 2712 438 2739 τοῦ
451 2732 458 2745 ,
483 2712 514 2740 Τί
533 2709 590 2739 οὖν
614 2712 732 2746 ποιήσω
751 2713 862 2745 adadv;
883 2711 1009 2748 ἐντρέπει

220 2758 330 2790 αὐτοὺς,
348 2758 395 2785 καὶ
411 2758 523 2794 κυρίους
539 2758 662 2790 ἐκείνους
679 2757 808 2794 μᾶλλονῆ
824 2758 906 2785 αὑτὸν
919 2759 1008 2785 ποιεῖ-

220 2812 266 2831 ται
276 2805 325 2839 τῆς
336 2804 439 2840 ψήφου.

255 2850 286 2876 Εἰ
302 2851 349 2877 καὶ
364 2851 413 2880 τὰς
427 2852 522 2886 χεῖρας
535 2850 626 2887 ἔνιψεν
642 2852 657 2878 ὁ
677 2851 792 2883 Πιλᾶτος
808 2850 896 2878 ἀθῶον
913 2851 1010 2879 ὲαυτδν

223 2895 368 2923 ἀποκαλῶν
380 2917 388 2929 ,
404 2896 460 2923 ἀλλ’
478 2897 552 2932 ὅμως
569 2897 621 2924 ὑπὸ
638 2897 774 2932 μαλακίας
790 2897 836 2924 καὶ
849 2897 1008 2933 ἀνανδρεῐας

1059 2303 1088 2325 ιιι
1105 2298 1212 2329 mulier.
1229 2296 1403 2324 manifestum
1420 2296 1549 2324 omnibus
1567 2295 1650 2323 faciat
1665 2300 1692 2323 et
1704 2296 1836 2332 divulgct.

1095 2343 1177 2371 Vsus.
1193 2343 1239 2370 20.
1253 2343 1312 2371 Non
1329 2343 1417 2370 solum
1432 2342 1591 2377 crucifigere
1605 2343 1712 2374 volunt,
1728 2341 1775 2369 sed
1794 2350 1852 2369 nta-

1060 2391 1112 2418 lam
1140 2391 1178 2418 illi
1196 2390 1292 2417 volunt
1320 2389 1421 2416 fatuam
1452 2389 1603 2424 imponere.
1624 2389 1761 2417 Putabant
1776 2389 1850 2417 enim

1060 2444 1188 2472 prarstare
1203 2444 1235 2463 ex
1249 2443 1281 2463 co
1300 2435 1374 2471 quod
1390 2435 1496 2462 latrone
1509 2435 1584 2470 pejor
1598 2440 1658 2464 erat
1680 2440 1709 2463 et
1723 2436 1792 2464 adeo
1803 2444 1854 2462 uo-

1060 2490 1136 2516 cens,
1159 2486 1188 2509 ut
1215 2481 1259 2509 die
1274 2481 1336 2508 festi
1362 2480 1506 2516 privilegio
1530 2489 1583 2509 non
1607 2482 1728 2510 salvatus
1747 2481 1853 2509 fuisset.

1059 2528 1157 2556 Omnia
1172 2528 1244 2554 enim
1270 2527 1352 2563 hujus
1368 2527 1407 2555 rei
1432 2535 1516 2556 causa
1538 2527 1675 2555 faciebant
1693 2528 1728 2555 ita
1745 2531 1776 2555 ut
1791 2527 1854 2562 eius

1059 2575 1286 2602 existimationem
1303 2577 1489 2609 perverterent
1499 2583 1506 2607 ;
1518 2574 1578 2601 ideo
1588 2574 1672 2600 etiam
1686 2573 1858 2601 duos-latro»:

1061 2628 1109 2648 nes
1125 2628 1188 2647 cum
1202 2628 1234 2648 eo
1269 2620 1476 2647 crucilixerunt.
1501 2620 1554 2648 Sed
1574 2626 1674 2648 ver.tas
1691 2629 1745 2648 non
1762 2620 1852 2647 solum

1061 2675 1116 2694 non
1135 2667 1224 2699 latuit,
1239 2667 1286 2695 sed
1308 2668 1389 2694 etiam
1403 2667 1489 2702 magis
1502 2667 1623 2694 emicuit.

1099 2713 1179 2740 Vitas.
1195 2713 1241 2741 22.
1260 2714 1295 2741 Et
1316 2722 1364 2748 per
1380 2714 1444 2741 illud
1461 2723 1467 2740 :
1495 2713 1573 2745 Quid»
1596 2713 1677 2747 igitur
1700 2713 1798 2747 faciant
1822 2713 1855 2740 de

1060 2767 1089 2786 eo
1102 2760 1115 2786 ἱ)
1129 2760 1191 2787 illos
1205 2759 1377 2787 confundere
1391 2764 1488 2790 tentat,
1503 2765 1531 2786 et
1556 2758 1690 2786 dominos;
1709 2759 1769 2787 illos
1790 2758 1855 2787 facit

1061 2807 1146 2841 magis
1158 2814 1240 2842 quam
1255 2806 1376 2840 seipsum
1391 2804 1524 2839 suilragii.

1098 2852 1180 2880 Vens.
1197 2852 1243 2880 24.
1260 2851 1292 2879 Et
1310 2852 1333 2880 si
1357 2859 1456 2878 manus
1475 2850 1570 2878 laverit
1593 2851 1708 2883 Pilatus,
1724 2851 1854 2879 innocen-

1061 2902 1115 2927 tem
1146 2906 1175 2925 se
1188 2898 1373 2934 proelamans,
1390 2897 1437 2926 sed
1455 2901 1545 2926 tamen
1565 2905 1612 2931 per
1634 2898 1804 2926 debilitatem
1824 2905 1841 2926 ο
