2075 3157
230 148 300 182 1175

585 152 781 184 OPUSCULA
801 154 1119 185 SCRIPTURISTICA
1141 155 1316 186 lNCERT/E
1331 155 1489 188 ETATIS.

1793 154 1863 187 1116

228 208 291 237 Illos
303 208 458 245 objurgavit
474 209 547 245 quod
561 210 732 245 propositum
755 217 810 238 non
836 210 1016 245 impleverim.

1072 220 1118 245 γοι
1138 220 1198 246 μου
1216 211 1269 244 οὓς
1285 212 1394 246 ἔλεγον
1411 211 1492 246 ὑμῖν,
1513 210 1558 237 ὄτι
1578 209 1627 237 δεῖ
1651 210 1705 237 τὸν
1722 211 1792 238 Υὶὸν
1809 211 1864 238 τοῦ

228 258 340 289 propter
348 255 421 290 quod
434 254 559 282 Salvator
574 255 747 290 praedixerat.
770 255 900 289 Prmdizi,
919 255 1018 291 inquit,

227 303 258 325 at
269 307 321 327 non
333 300 487 333 turbentini,
498 304 525 328 et
541 300 658 328 turbatio
671 309 714 328 vos
731 301 878 335 occupavit.

508 439 624 468 CAPUT
652 440 701 468 XI.

261 481 345 508 Vens.
367 481 413 509 20.
438 481 547 519 Plagam
575 484 731 512 hominibus
751 492 892 520 nunquam
913 484 1016 518 intulit,

225 528 274 555 sed
310 529 338 556 in
370 529 509 558 beneﬂciis
539 534 646 558 tantum
685 535 849 566 potestatem
885 531 1016 558 ostendit.

225 571 407 610 Volensergo
437 575 583 603 ostendere
601 575 653 603 sibi
688 576 819 611 possibile
845 583 906 604 esse
938 577 1020 604 casti.

224 626 298 654 gare,
328 629 382 649 non
402 621 529 649 homines
553 621 698 652 destruxit.
726 622 772 650 sed
793 622 874 649 ticum
894 622 1018 650 siccavit.

520 675 637 704 CAPUT
656 675 716 704 XII.

260 729 346 758 νειιε.
378 730 406 757 6.
427 729 485 757 Non
515 737 581 758 voce
612 731 697 758 utitur
726 736 844 759 austera.
870 730 930 758 Non
947 732 1020 759 enim

223 775 310 803 dicit:
330 775 477 803 Timebunt
496 776 581 803 ﬁlium
603 783 706 809 meum,
732 777 791 810 sed,
811 776 1019 809 Reverebuutur,

223 826 253 848 ut
268 821 302 849 de
332 822 532 857 negligentibus
552 827 579 849 et
609 830 663 849 non
690 822 818 857 malignis
843 822 968 855 locutus;
985 827 1013 849 et

1068 257 1227 292 ἀνθρώπου
1241 258 1344 285 πολλὰ
1361 257 1478 284 παθεῖν.
1500 256 1645 288 Ὠνεὶδιζεν
1656 255 1754 288 αὐτοὺς
1765 256 1806 283 ὅτι
1820 255 1866 283 τδν

1073 305 1174 331 σκοπὸν
1192 304 1242 330 οὐκ
1266 303 1448 339 ἐπλήρωσαν,
1464 303 1499 330 δι’
1514 302 1545 328 ὃν
1563 303 1577 329 6
1594 301 1690 337 Σωτὴρ
1721 303 1865 337 προεῖπεν.

1072 349 1230 384 Προεῖπον,
1249 349 1342 384 φησὶν,
1358 349 1408 375 ἵνα
1420 348 1464 384 μὴ
1484 347 1663 382 ταραχθῆτε,
1684 348 1734 375 καὶ
1751 349 1768 375 ὀ
1780 348 1866 382 θόρυ-

1072 395 1122 429 ϐος
1136 394 1220 430 ὑμῶν
1233 394 1413 429 ἐκράτησεν.

1364 437 1491 466 ΚΕΦΔΛ.
1512 436 1566 465 IA'.

1105 482 1218 518 Πληγὴν
1237 481 1392 518 evomam;
1409 481 1459 508 οὐκ
1483 482 1638 517 ἐπήνεγκεν
1663 479 1786 512 πώποτε,
1804 478 1866 505 ἀλλ’

1073 528 1103 554 ἒν
1117 527 1276 564 εὖργεσίαις
1288 528 1384 563 μόναις
1397 527 1448 563 τὴν
1461 527 1577 561 δύναμιν
1589 526 1758 559 ἐπεδείξατο.
1772 524 1864 557 Δεῖξαι

1070 572 1118 601 οὖν
1134 574 1307 609 βουλόμενος,
1320 575 1364 601 ὅτι
1380 574 1428 600 καὶ
1440 573 1565 605 κολάζειν
1580 572 1655 599 ἐστὶν
1670 571 1796 603 δυνατὸς,
1814 571 1865 598 οὐκ

1070 619 1229 656 ἀνθρώπους
1247 621 1353 647 ἀνεῖλεν
1364 640 1373 652 ,
1393 620 1462 647 ἀλλᾶ
1478 619 1565 654 συκῆν
1581 618 1777 654 κατεξήρανεν.

1371 675 1497 702 ΚΕΦΑΔ.
1518 674 1568 702 1Β’.

1108 731 1174 759 Οὐδὲ
1191 732 1225 766 τῇ
1240 731 1311 764 λέξει
1324 729 1423 757 λυπεῖ·
1439 729 1469 756 οὒ
1484 731 1539 766 γὰρ
1553 727 1642 761 εἶπεν,
1658 727 1864 763 Φοϐηθήσονται

1072 780 1117 806 τὸν
1136 779 1210 810 Υἱὺν,
1238 779 1310 811 ἀλλ’,
1338 778 1615 812 Ἐγτραπήσονταιι
1633 777 1672 808 ὡς
1695 775 1760 810 περὶ
1777 774 1863 810 ῥᾳθύ-

1073 834 1142 860 μων,
1160 825 1190 851 οὺ
1204 823 1344 859 πονηρῶν,
1360 822 1510 858 διαλεχθείς
1522 830 1528 838 ·
1550 822 1598 849 καὶ
1615 822 1669 856 μὴν
1686 821 1737 847 οὐκ
1753 819 1865 854 ἐνετρά-

223 871 299 894 certe
328 875 383 894 non
413 868 521 895 reveriti
548 873 623 897 sunt.
648 867 694 894 sed
726 867 818 902 potius
842 867 1014 895 occiderunt.

1072 879 1172 907 πησαν,
1197 870 1255 896 ἀλλ’
1269 869 1434 897 ἀπέκτειναν
1449 868 1560 904 μᾶλλον.
1578 865 1641 903 ’Ἆρ’
1654 866 1701 894 οὖν
1717 866 1781 897 τοὺς
1798 865 1864 900 μέλ-

223 912 293 940 Nttm
312 912 399 948 igitur
415 913 488 949 quod
509 913 598 940 facere
613 912 749 940 debebant
764 913 899 947 ignoravit
914 913 1014 941 Pater?

224 965 277 986 non
304 958 392 986 solum
409 966 462 987 non
488 960 606 994 ignorat.
641 958 690 986 sed
702 962 730 985 et
754 958 896 994 praedicit;
921 959 948 986 hi
966 967 1019 986 non

222 1004 330 1032 reveriti
353 1009 427 1033 sunt.
446 1004 518 1033 Proh
528 1005 687 1041 dementia!
705 1004 764 1032 Non
788 1005 861 1033 enim
890 1005 1021 1032 mentitur

221 1054 312 1081 Pater,
326 1051 372 1079 sed
389 1052 422 1078 ad
446 1052 589 1079 utililatem
613 1051 797 1087 ignorantiam
813 1051 936 1079 simulat.
958 1051 1020 1078 Ideo

220 1100 248 1137 ft
264 1096 349 1125 Filius
365 1097 486 1125 imitatur
504 1096 624 1130 Patrem,
640 1101 666 1124 et
678 1096 712 1133 {in
738 1096 791 1124 hoc
810 1097 930 1125 ostendit
956 1104 1019 1125 cum

221 1139 269 1170 ’llo
281 1143 502 1171 similitudinem.

520 1195 636 1224 CAPUT
647 1195 718 1224 XIII.

255 1249 341 1278 Vens.
357 1250 404 1278 32.
431 1250 470 1277 De
494 1250 538 1278 die
551 1256 641 1279 autem
662 1251 720 1284 illo,
747 1252 848 1288 inquit,
874 1259 950 1279 nemo
968 1251 1019 1278 scit

219 1297 309 1332 neque]
326 1295 432 1330 FitiuJ
451 1295 512 1324 Non
552 1297 660 1333 ignorat
693 1298 766 1326 diem
804 1298 885 1333 cujus
923 1302 1020 1326 auctor

220 1342 279 1376 ipse
293 1342 401 1374 est,'sed
413 1341 446 1369 ad
463 1342 607 1370 utilitatem
622 1343 765 1371 hominum
782 1344 962 1379 ignorantiam
975 1343 1015 1371 si-

220 1388 316 1416 tnulat.
336 1387 396 1416 Non
416 1388 489 1416 enim
514 1389 640 1424 proderat
662 1389 820 1418 hominibus
830 1390 902 1419 scire
917 1389 1015 1424 judicii

218 1435 302 1468 diem,
323 1439 353 1462 ut
368 1442 422 1462 non
453 1435 553 1471 cuique
581 1435 693 1470 prodest
718 1437 788 1464 scire
817 1437 915 1465 mortis
932 1436 1017 1464 diem.

218 1480 345 1516 Quisque
361 1481 433 1508 enim
444 1482 616 1516 praescientia
634 1482 686 1510 ista
698 1482 784 1510 ﬁdem
799 1490 881 1511 omne
905 1479 1014 1518 tem'pus

220 1527 247 1554 in
263 1532 375 1562 peccato
392 1531 419 1555 et
435 1528 556 1563 nequitia
571 1533 760 1560 consumeret,
775 1529 808 1556 ad
820 1529 907 1564 ipsam
921 1534 1014 1556 autem

219 1571 291 1598 diem
306 1572 435 1606 pietatem
448 1577 620 1608 prorogaret.
632 1571 712 1600 Nunc
724 1580 789 1601 vero
803 1573 946 1601 inscientia
955 1574 1009 1601 diei

219 1617 356 1645 studiosos
388 1625 436 1646 eos
451 1619 497 1654 qui
530 1619 629 1646 volunt
663 1618 755 1650 ellicit.
783 1627 922 1655 quamque
942 1619 1015 1647 diem

218 1664 344 1692 ultimam
372 1669 511 1699 putantes.
531 1664 677 1698 Quomodo
695 1665 778 1700 igitur
789 1665 876 1693 dicit:
895 1665 1014 1693 Revere-

218 1709 323 1737 huntur
342 1709 441 1738 Filium
452 1710 562 1738 meum?
576 1710 653 1743 Quod
674 1711 753 1738 decet
772 1715 797 1738 et
811 1711 926 1738 debetur
938 1718 1017 1738 exse-

218 1754 329 1789 quendo
358 1758 385 1781 et
409 1762 549 1790 nunquam
569 1754 712 1783 violando:
741 1755 823 1782 simul
861 1751 1018 1783 dissimula‘

221 1807 316 1826 mrum
335 1800 367 1826 ad
385 1800 463 1835 pejus
491 1800 714 1836 propensionem,
732 1804 758 1827 et
788 1800 958 1836 punitionem
982 1800 1016 1828 ad

219 1845 382 1873 beneﬁcium
413 1847 506 1879 vertit,
530 1847 558 1874 Si
588 1847 662 1875 enim
696 1846 813 1875 dixisset
845 1855 852 1874 :
878 1847 1018 1874 Mittamus

219 1892 330 1926 Filium,
352 1893 410 1920 scio
435 1897 524 1921 autem
546 1894 619 1929 quod
644 1893 720 1922 illum
748 1893 925 1929 crnciﬁgent.
959 1898 1016 1921 sta-

220 1939 268 1965 liln
302 1943 395 1966 contra
424 1939 570 1975 Evangelia
610 1947 707 1969 vocem
744 1940 925 1976 corripuisset
944 1944 948 1949 '
966 1938 1017 1967 Ju—

219 1986 315 2014 d:eus:
332 1985 381 2014 llic
397 1986 466 2015 dixit
477 1987 550 2022 quod
569 1986 644 2015 illum
658 1987 864 2023 cruciﬁgam.et
877 1987 1016 2023 quomodo

224 2033 365 2061 debuisset
377 2041 431 2060 non
446 2033 588 2068 cruciﬁgi?
601 2033 740 2068 quomodo
749 2033 928 2062 assertionem
943 2033 1015 2060 divi-

218 2086 283 2106 nam
302 2078 412 2107 eludere
440 2086 584 2114 possemus
598 2079 610 2106 ἲ
625 2078 690 2107 Ideo
705 2079 790 2107 dicit:
807 2078 1016 2106 Ileverebuntur

1071 917 1164 949 λοντας
1190 916 1325 951 ἠγνόησεν
1345 915 1360 941 6
1385 915 1499 950 Πατήρ;
1528 914 1583 941 Καὶ
1599 913 1648 940 οὐκ
1663 912 1755 946 ἀγνοεῖ
1769 912 1862 947 μόνον,

1071 963 1139 991 ἀλλὰ
1158 964 1206 990 καὶ
1230 961 1360 996 προλέγει
1371 970 1378 977 ·
1393 960 1418 988 οἱ
1436 960 1464 987 δξ
1481 960 1531 986 οὐκ
1546 959 1736 994 ὲνετρᾶπησαν
1747 965 1754 973 ·
1771 958 1863 991 ἄπαγε

1071 1009 1120 1043 τῆς
1135 1007 1234 1044 μανίας
1248 1007 1302 1034 1οὺ
1318 1005 1372 1041 γὰρ
1386 1005 1515 1040 ψεύδεται
1530 1004 1638 1040 Πατὴρ,
1656 1003 1724 1031 ἀλλὰ
1743 1003 1813 1038 πρὸς
1834 1001 1865 1028 τδ

1071 1053 1207 1089 χρήσιμον
1235 1051 1285 1087 τὴν
1311 1051 1424 1085 ἄγνοιαν
1449 1049 1582 1076 πλάττει’
1608 1048 1653 1075 διὰ
1679 1047 1758 1075 τοῦτο
1783 1047 1832 1073 καλ¹
1848 1047 1864 1073 6

1071 1099 1135 1131 Υἱὸς
1155 1097 1324 1133 μιμούμενος
1349 1097 1396 1124 τὸν
1417 1096 1539 1131 Πατέρα,
1563 1094 1702 1122 καὶκατὰ
1716 1092 1796 1120 τοῦτο
1813 1092 1864 1127 τὴν

1071 1145 1139 1181 πρὸς
1154 1144 1235 1172 αὑτὸν
1248 1143 1355 1175 δεικνὺς
1370 1141 1529 1178 ὁμοιότητα.

1368 1194 1495 1222 ΚΕΦΑΛ.
1517 1193 1567 1221 II".

1104 1252 1174 1287 Περὶ
1199 1251 1235 1279 δὲ
1255 1251 1312 1286 τῆς
1334 1250 1447 1285 ’ἡμέρας
1470 1250 1609 1283 ἐκείνης,
1635 1249 1735 1284 φησὶν,
1761 1246 1865 1279 adlisit:

1073 1296 1155 1326 οἶδεν
1166 1316 1175 1330 ,
1199 1296 1271 1325 οὐδὲ
1295 1298 1312 1324 δ
1328 1296 1396 1329 Υιός
1409 1303 1416 1310 ·
1436 1296 1487 1322 οὐκ
1503 1295 1610 1329 ἀγνοῶν
1635 1293 1685 1330 τὴν
1701 1293 1810 1329 ἡμέραν
1826 1289 1864 1328 ἦς

1070 1345 1144 1371 ἔστιν
1167 1343 1293 1378 ποιητὴς,
1312 1342 1381 1369 ἀλλὰ
1396 1341 1466 1377 πρὸς
1481 1341 1513 1368 τδ
1528 1341 1667 1376 χρήσιμον
1682 1339 1737 1366 τῶν
1751 1338 1863 1373 ἀνθρώ-

1070 1398 1131 1417 πων
1147 1389 1334 1425 πλαττόμενος
1351 1388 1475 1422 ἇγνοιαν.
1501 1387 1538 1414 οὐ
1562 1386 1618 1422 γὰρ
1640 1386 1787 1420 συνέφερεν
1806 1385 1864 1416 τοῖς

1070 1435 1227 1471 ἀνθρώποις
1253 1435 1303 1470 τὴν
1327 1434 1435 1469 ἡμέραν
1459 1432 1511 1468 τῆς
1526 1432 1656 1468 κρίσεως,
1680 1431 1776 1466 ὥσπερ
1801 1429 1863 1457 οὐδὲ

1069 1480 1178 1516 ἑκάστῳ
1194 1479 1330 1515 συμφέρει
1346 1478 1444 1514 μαθεῖν
1458 1477 1509 1513 τῆς
1531 1477 1661 1512 τελευτῆς
1675 1476 1724 1511 τὴν
1744 1476 1862 1511 ἡμέραν.

1071 1529 1203 1564 Ἐμελλεν
1216 1528 1271 1564 γάρ
1293 1536 1336 1559 τις
1349 1529 1382 1562 τῇ
1402 1524 1556 1562 προγνώσει
1573 1525 1684 1561 θαρρῶν
1699 1524 1789 1551 πάντα
1811 1523 1862 1558 μὲν

1068 1574 1115 1600 τὸν
1130 1573 1225 1609 χρόνον
1239 1572 1324 1607 κακίᾳ
1342 1572 1390 1599 καὶ
1403 1571 1523 1606 πονηρίᾳ
1545 1570 1641 1605 συζῇν,
1657 1569 1719 1596 κατ’
1733 1568 1820 1602 αὐτὴν
1834 1568 1864 1594 δὲ

1068 1620 1118 1647 τὴν
1133 1619 1241 1654 ἡμέραν
1255 1617 1401 1645 εὐλάϐειαν
1416 1616 1601 1644 πλάττεσθαι·
1618 1616 1666 1642 νῦν
1678 1615 1706 1642 δὲ
1721 1615 1751 1641 τὸ
1764 1613 1863 1648 ἄδηλον

1068 1666 1118 1701 τῆς
1143 1665 1252 1701 ἡμέρας
1277 1664 1441 1696 σπουδαίους
1467 1664 1531 1694 τοὺς
1561 1661 1740 1697 βουλομένους
1767 1660 1862 1691 ποιεῖ,

1069 1711 1190 1747 ἑκάστην
1217 1710 1325 1746 ⁴ἡμέραν
1360 1709 1479 1744 ἐσχάτην
1520 1707 1693 1743 νομίζοντας.
1726 1705 1789 1737 Πῶς
1815 1704 1863 1732 οὖν

1069 1766 1163 1793 φησιν,
1181 1755 1440 1790 Ἐντραπήσονται
1453 1755 1508 1782 τὸν
1524 1753 1594 1780 Υιόν
1605 1760 1682 1788 pou;
1699 1752 1738 1779 Τὸ
1758 1751 1864 1786 πρέπον

1069 1802 1198 1837 γενέσθαι
1226 1802 1274 1828 καὶ
1302 1801 1409 1836 ὀφεῖλον
1435 1799 1540 1832 εῑπὼν,
1567 1799 1598 1826 οὐ
1622 1798 1655 1825 τὸ
1678 1796 1864 1832 ἐκϐησόμενον

1070 1848 1201 1877 πάντως·
1229 1848 1289 1882 ἅμα
1315 1847 1363 1874 καὶ
1389 1846 1516 1873 κλέπτων
1543 1844 1634 1872 αὐτῶν
1661 1844 1711 1878 τὴν
1737 1842 1806 1877 πρὸς
1831 1841 1864 1867 τὸ

1068 1895 1161 1930 χεῖρον
1178 1893 1276 1929 ῥοπὴν,
1293 1893 1340 1920 καὶ
1358 1892 1445 1919 συλῶν
1467 1891 1614 1918 κολακείαν
1628 1889 1698 1925 πρὸς
1711 1889 1742 1915 τὸ
1758 1887 1864 1923 συμφέ-

1071 1948 1128 1975 ρον.
1144 1939 1174 1966 El
1192 1939 1241 1974 μὲν
1256 1938 1311 1973 γὰρ
1326 1936 1413 1971 εἷπεν,
1421 1937 1580 1973 Πέμψωμεν
1595 1936 1641 1962 τὸν
1656 1935 1736 1966 Υῑὸν,
1759 1931 1818 1960 οἶδα
1831 1932 1861 1959 δὲ

1068 1985 1110 2012 ὅτι
1127 1984 1316 2020 σταυρώσουσι
1337 1983 1433 2010 τοῦτον
1444 1991 1452 1998 ⁸
1471 1983 1554 2015 εὐθὺς
1572 1982 1645 2009 κατὰ
1660 1981 1715 2008 τῶν
1738 1978 1862 2013 Εὗαγγε-

1068 2031 1133 2058 λιων
1146 2030 1270 2066 ἥρπαζεν
1284 2029 1332 2065 τὴν
1349 2030 1441 2065 φωνὴν
1455 2029 1469 2056 6
1491 2029 1617 2060 Ἰουδαῖος
1629 2035 1637 2043 ⁸
1669 2025 1756 2057 Λῦτὺς
1770 2023 1860 2055 εἶπεν,

1070 2077 1112 2103 ὅτι
1131 2077 1326 2112 σταυρώσομεν
1349 2075 1451 2102 αὐτόν·
1472 2075 1521 2102 καὶ
1538 2075 1598 2107 πῶς
1620 2070 1796 2108 tomum”
1821 2070 1860 2106 μὴ

216 2125 317 2153 Filium
344 2133 447 2152 meum.
470 2125 540 2159 Quid
570 2125 643 2153 enim
667 2133 722 2152 non
747 2124 812 2152 fecit
829 2123 916 2152 Filius
940 2124 1014 2159 qttod

1069 2123 1220 2158 σταυροῦν;
1241 2122 1300 2154 πῶς
1314 2122 1453 2156 ἀπόφασιν
1467 2121 1574 2148 ἀνελεῖν
1590 2118 1744 2154 ἐδυνάμεθα
1760 2117 1858 2149 θειανς

217 2176 375 2199 convertere
390 2171 451 2199 illos
465 2170 714 2206 possetiprimum,
722 2170 853 2198 Dominus
864 2178 926 2198 cum
933 2174 1015 2203 esset,

1069 2168 1118 2195 Διὰ
1141 2167 1220 2194 τοῦτό
1235 2176 1318 2202 φησιν
1328 2175 1336 2183 ·
1355 2166 1617 2202 Ἐντραπήσονται
1631 2165 1687 2193 τὸν
1704 2165 1774 2192 Υὶόν
1786 2172 1858 2198 μου.

217 2216 335 2244 formam
352 2217 423 2244 servi
438 2217 543 2251 accepit
559 2221 586 2244 et
599 2217 715 2244 mortale
737 2216 854 2244 induens
869 2216 1010 2243 immorta-

1069 2215 1102 2242 Τί
1121 2214 1176 2250 γὰρ
1190 2214 1240 2241 οὐκ
1255 2213 1374 2250 Επραξεν
1387 2214 1402 2240 6
1419 2213 1483 2245 Υἰδς
1499 2213 1630 2248 ὲντρέψαι
1653 2211 1766 2243 τούτους
1778 2210 1861 2237 δυνά-

216 2261 320 2289 Iitatem
338 2261 562 2295 communicavit,
594 2262 683 2297 ipsum
701 2262 847 2289 adventum
877 2265 1013 2296 praestans

1070 2269 1170 2295 μενον;
1185 2260 1240 2286 Καὶ
1253 2259 1360 2295 πρῶτον
1375 2260 1416 2286 ὅτι
1432 2259 1571 2293 Δεσπότης
1586 2258 1635 2291 ὢν,
1653 2257 1760 2293 μορφὴν
1771 2255 1860 2283 δουλι-

217 2312 404 2340 mansuetum,
442 2311 472 2334 ut
500 2315 572 2335 unus
616 2306 827 2342 przecedentium
856 2314 1010 2339 servorum,

1069 2304 1118 2338 κὴν
1128 2304 1275 2339 ὲπορίσατο
1286 2323 1293 2335 ,
1302 2304 1349 2330 καὶ
1358 2303 1455 2338 θνητδν
1464 2303 1541 2335 ἐνδὺς
1547 2303 1699 2330 ἀθανασίαν
1711 2301 1858 2336 διένειμεν,

217 2351 303 2378 multo
314 2356 405 2378 autem
417 2351 457 2378 vel
485 2351 686 2378 modestiorem.
700 2349 740 2378 Illi
755 2351 827 2378 enim
839 2350 921 2378 bouis
937 2350 1010 2378 frue-

1069 2349 1148 2385 ιὺτὴν
1163 2349 1211 2385 τὴν
1227 2350 1380 2386 παρουσίαν
1390 2350 1574 2385 ποιησάμενος
1584 2348 1742 2385 ἥμερον,ιῖ›ς
1750 2345 1791 2380 εἷς
1805 2347 1860 2374 τῶν

217 2396 328 2425 bantur.
338 2395 383 2423 ille
397 2403 462 2423 vero
475 2403 529 2424 non
555 2396 673 2423 habebat
688 2395 733 2423 ubi
749 2401 831 2431 caput
842 2395 986 2423 reclinaret
999 2404 1007 2428 ;

1069 2396 1254 2431 προλαϐόντων
1265 2396 1376 2428 δούλων⁹
1392 2396 1492 2432 μᾶλλον
1506 2397 1534 2423 δὲ
1550 2397 1597 2423 καὶ
1612 2395 1801 2431 μετριωτέραν
1814 2402 1820 2408 ·
1834 2394 1860 2420 οἰ

217 2440 325 2467 etservi
343 2440 454 2475 quidem
482 2447 554 2475 saepe
584 2440 681 2475 plagas
701 2440 745 2468 bis
772 2440 938 2473 intulerunt,
960 2440 1006 2467 ille

1069 2443 1112 2470 ιὲν
1127 2443 1181 2478 γὰρ
1200 2443 1248 2471 καὶ
1276 2444 1428 2478 κτημάτων
1458 2443 1610 2479 εὐπόρουν,
1630 2441 1712 2473 αὐτὸς
1742 2441 1772 2467 δὲ
1797 2440 1860 2466 οὐδὲ

217 2494 283 2514 vero
298 2486 404 2522 plagam
415 2486 572 2514 hominibus
584 2494 725 2521 nunquam
742 2486 844 2516 intulit.
862 2487 908 2514 sed
926 2487 1009 2514 bette—

1069 2489 1111 2516 τοῦ
1130 2490 1179 2524 τὴν
1198 2490 1320 2525 κεφαλὴν
1331 2490 1420 2517 κλῖναι
1430 2498 1438 2505 υ
1454 2490 1501 2517 καὶ
1519 2491 1543 2516 oi
1561 2489 1611 2524 μὲν
1626 2489 1714 2516 δοῦλοι
1728 2487 1861 2518 πολλάκις

217 2532 289 2560 liciis
305 2533 392 2560 solum
406 2537 566 2567 potestatem
576 2532 718 2560 exhibuit:
737 2533 826 2559 Venite
840 2533 874 2559 nr!
885 2541 936 2563 me,
950 2533 1005 2559 cla~

1069 2535 1104 2562 εαὶ
1125 2536 1399 2570 πληγὰςὲπήνεγκαν
1417 2536 1532 2567 τούτοις,
1547 2536 1628 2566 αὐτὸς
1644 2534 1671 2561 δὲ
1686 2533 1793 2568 πληγὴν
1815 2533 1863 2559 ἀν-

217 2584 283 2612 mat,
313 2586 367 2606 non
386 2582 548 2614 exspectans
566 2581 656 2606 donec
676 2579 703 2606 hi
722 2579 755 2606 ad
774 2586 803 2606 se
833 2579 1004 2606 accederent.

1073 2581 1176 2616 ρώποις
1195 2581 1246 2607 οὐκ
1263 2581 1417 2616 ἐπήνεγκεν
1439 2580 1547 2607 πώποτε
1558 2601 1566 2613 ,
1579 2580 1674 2607 ἀλλ’ἒν
1690 2578 1862 2614 εὐεργεσίαις

1060 2627 1154 2660 μόναις
1185 2625 1234 2662 τὴν
1258 2626 1373 2662 δύναμιν
1399 2627 1575 2659 ἐπεδείξατο,
1599 2626 1688 2654 Δεῦτε
1708 2626 1783 2660 πρός
1800 2633 1839 2658 με
1853 2642 1861 2656 ,

1065 2674 1144 2710 βοῶν,
1157 2675 1207 2701 οὐκ
1221 2675 1364 2710 ἀναμένων
1378 2675 1498 2706 ἐκείνους
1511 2674 1586 2709 αὒτῷ
1603 2673 1771 2708 προσελθεῖν.

1110 2720 1176 2746 Ave!
1191 2720 1250 2753 τοῦ,
1267 2720 1344 2748 Οὐδὲ
1365 2722 1381 2748 ό
1398 2721 1464 2753 Υιὸς
1478 2719 1516 2747 ἂν
1530 2713 1606 2755 ﬁdet,
1619 2720 1646 2746 ει
1663 2718 1707 2754 μὴ
1717 2720 1734 2746 ό
1747 2717 1861 2752 Πατήρ⁹

1065 2767 1149 2795 mw
1164 2769 1178 2795 6
1194 2767 1288 2804 Πατὴρ
1302 2766 1368 2800 οἶδε,
1384 2767 1430 2794 καὶ
1443 2769 1457 2794 6
1472 2768 1546 2799 Υἱός.

1364 2812 1490 2838 ΚΕΦΔΛ.
1509 2812 1559 2838 IA'.

1100 2867 1140 2894 Τὰ
1171 2867 1217 2894 δύο
1242 2868 1335 2904 τηρεῖι
1363 2866 1410 2894 καὶ
1435 2865 1497 2898 τοὺς
1526 2865 1694 2899 ἀποστόλους
1721 2861 1861 2901 ἐφοδιάζσι

257 2717 320 2749 I’ro,
339 2718 426 2752 Neque
449 2717 538 2744 Filius
567 2718 661 2750 sciret,
683 2718 734 2745 nisi
756 2716 849 2751 Pater,
875 2726 937 2746 cum
957 2719 1011 2746 Pa-

219 2768 259 2791 ter
269 2768 296 2791 et
311 2763 396 2790 Filius
411 2764 512 2790 sciunt.

511 2807 626 2836 CAPUT
648 2808 717 2836 XIV.

256 2859 339 2889 Vatis.
354 2861 395 2889 I5.
411 2861 470 2889 Duo
494 2861 551 2890 hmc
570 2862 698 2891 observat
717 2871 723 2890 :
740 2863 879 2899 apostolos
898 2864 1010 2893 instruit
