2075 3157
199 164 268 196 ΗΠ

747 169 907 199 SCHOLIA
925 170 1072 201 VETERA
1092 172 1133 203 IN
1153 173 1291 204 LUCAM.

1756 175 1824 207 H73

198 221 336 257 ἐρωτῆσαι
358 222 403 248 τὸν
423 222 633 259 οἰκοδεσπότην*
649 224 696 252 καὶ
720 226 764 252 ἵνα
783 226 820 261 μὴ
837 225 984 261 νομίσωσιν

1044 227 1071 255 Id
1087 228 1308 264 interrogandum
1327 229 1361 256 de
1369 229 1467 257 domus
1476 228 1597 262 domino,
1611 234 1639 258 et
1652 238 1686 258 ne
1698 229 1825 266 ignorare

199 269 318 303 ἀγνοεῖν,
333 268 378 295 τὸν
394 269 477 296 τόπον
491 270 566 304 λέγει
576 278 584 286 ·
605 272 702 305 Αὐτὸς
716 273 788 306 ὑμῖν
806 272 898 304 δείξει
913 273 985 300 ἀνά-

199 323 285 349 rator-
295 315 372 349 μέγα
392 315 590 351 ἐστρωμένον.
608 317 640 344 Εἰ
654 317 797 352 προλέγεις
818 318 864 344 τὸν
887 318 986 351 τόπον,

200 361 246 386 διὰ
268 359 295 386 τί
313 359 403 394 λέγεις
423 362 480 393 τοῖς
495 362 631 397 μαθηταῖς
647 363 784 397 ἐρωτῆσαι
798 363 862 398 περὶ
877 362 924 389 τοῦ
943 362 988 389 τό·

201 413 274 438 πους
303 405 372 440 Πρὶν
395 407 594 442 ἔρωτήσομεν·
611 407 638 434 τί
667 405 714 434 οὖν
729 408 895 443 ὲρωτῶμεν;
920 407 986 440 Ναὶ,

202 451 285 485 φησιν
296 459 304 467 ·
330 451 414 486 κάμοὶ
429 452 530 487 πρέπει
547 453 691 488 προλέγειν
706 454 744 486 ὡς
765 453 835 488 Θεῷ,
854 453 902 480 καὶ
916 453 988 488 ὑμᾶς

201 497 308 532 ἐρωτᾷν
329 497 366 528 ὼς
388 497 551 533 ἀνθρώπους
561 505 568 513 ·
583 498 703 533 οὐδαμοῦ
715 499 745 526 δὲ
766 499 884 534 Χριστὸς
899 507 990 534 παρα-

201 543 294 569 δίδωσι
309 544 340 570 τὸ
355 544 506 579 μυστήριον
518 545 547 571 ὲν
565 546 702 576 ταπεινοῖς
718 545 820 577 τόποις,
837 544 896 571 ἀλλ’
913 546 941 571 ἐν
954 546 988 581 τῇ

203 587 294 623 ὀρεινῇ
309 588 325 623 ἢ
342 589 371 614 ὲν
386 589 503 623 ὑπερώῳ
513 598 520 605 ·
535 590 611 617 οὐδὲν
625 590 679 624 γὰρ
696 591 846 624 κατάγαιον
861 590 907 617 ὲπὶ
924 591 990 626 Χρι-

205 633 269 660 στοῦ
277 642 284 649 ·
301 633 344 661 διὰ
355 634 435 661 τοῦτο
450 635 498 662 καὶ
510 635 554 662 ὅτε
567 635 616 670 τὴν
629 636 801 671 ἑπιφοῑτησιν
813 636 934 670 ἐδέχοντο
943 635 990 662 τοῦ

204 680 283 714 ἁγίου
298 680 456 716 Πνεύματος
469 682 494 708 οἱ
508 682 664 714 ἀπόστολοι,
673 683 702 708 ὲν
714 682 830 717 ὑπερῴῳ
843 679 913 716 ἦσαν
927 689 992 707 συν-
1001 684 1024 696 ν

204 724 329 759 ηγμένοι.
363 726 449 758 Τότε,
477 727 576 762 φησιν,
600 726 782 753 ἀπέστειλεν
809 726 864 752 δύο
880 726 914 752 ἐκ
934 724 993 751 τῶν

203 770 345 805 μαθητῶν
367 772 461 799 αὑτοῦ
484 772 639 807 ἑτοιμάσαι
662 772 697 799 τὸ
723 771 847 806 Πάσχα,
880 771 994 804 Πέτρον

205 817 255 844 καὶ
276 818 432 852 Ἰωάννην,
449 818 552 853 Πέτρος
569 817 603 854 ἦν
619 820 633 845 ὁ
651 819 833 854 ὁμολογήσας,
852 817 894 844 ὅτι
908 817 949 844 Σὺ
967 815 996 844 εἴ

206 867 222 891 ό
237 864 364 898 Χριστὸς
379 865 395 891 ό
415 864 483 897 Υἱὸς
505 865 559 892 τοῦ
584 864 658 892 Θεοῦ
674 864 728 892 τοῦ
751 862 876 896 ζῶντος-⁸
903 862 994 889 Ἰωάν-

207 918 256 944 νης
270 910 298 936 δὲ
309 909 405 944 ἔμελλε
417 909 563 945 κηρύττειν
578 909 617 941 τὸ,
642 909 693 936 Ἐν
709 907 787 942 ἀρχῇ
802 906 842 943 ἦν
854 909 870 935 ὀ
886 907 994 941 Λόγος,
1010 904 1031 932 Β

206 957 256 982 καὶ
281 957 299 983 ὁ
320 957 415 990 Λόγος
438 953 475 990 ἦν
489 955 565 989 πρὸς
586 955 641 982 τὸν
662 955 746 986 Θεὸν,
765 953 814 981 καὶ
831 953 904 985 Θεὸς
917 950 958 985 ἦν
978 953 996 979 ό

207 1000 314 1034 Λόγος.
335 999 509 1026 Ἀποστέλλει
530 999 576 1026 τὸν
595 998 718 1033 θεμέλιον
740 998 790 1032 τῆς
818 997 994 1032 Ἑκκλησίας,

210 1047 256 1072 καὶ
277 1045 324 1072 τὸν
341 1045 399 1072 υίδν
421 1046 471 1080 τῆς
488 1045 603 1081 βροντῆς
614 1053 622 1060 ·
641 1044 684 1071 ἵνα
699 1045 728 1071 ὲν
753 1043 802 1078 μὲν
817 1043 856 1078 τῷ
877 1042 997 1077 θεμελίῳ

208 1091 282 1126 πήξῃ
299 1091 330 1118 τὸ
345 1091 394 1126 τῆς
412 1091 554 1122 εὐσεϐείας
569 1090 728 1125 μυστήριον,
742 1090 772 1115 ἐν
784 1089 814 1116 δὲ
825 1088 865 1124 τῷ
880 1088 930 1123 υἱῷ
945 1089 996 1118 τῆς

209 1137 333 1171 βροντῆς,
346 1135 472 1171 ὰστράψῃ
487 1135 520 1162 τὰ
534 1135 583 1169 τῆς
599 1133 740 1165 εὐσεϐείας
753 1132 917 1167 ἐντάλματα.
938 1131 997 1158 Πά-

209 1183 251 1209 λιν
262 1182 307 1209 διὰ
327 1182 353 1208 τί
370 1181 473 1217 Πέτρον
490 1181 537 1207 καὶ
563 1181 690 1213 Ἰωάννην
705 1179 885 1211 ἀποστέλλει;
905 1177 997 1205 Ἰωάν-

208 1237 258 1263 νης
277 1228 410 1263 παρθένος
432 1226 484 1263 ἦν,
509 1227 612 1262 Πέτρος
642 1226 696 1253 ἀπὸ
723 1224 928 1259 σεμνογαμιας,
953 1223 997 1250 ἵνα

210 1274 303 1309 δειχθῇ
334 1274 375 1300 ὃτι
404 1274 450 1300 καὶ
477 1274 510 1308 τῇ
538 1272 711 1308 σεμνογαμίᾳ
733 1271 781 1298 καὶ
805 1272 837 1306 τῇ
862 1269 997 1305 παρθενίᾳ

208 1319 335 1354 ἥπλωται
362 1318 392 1345 τὸ
422 1317 529 1354 δῶρον·
562 1317 612 1344 καὶ
641 1317 763 1352 γίνονται
793 1316 917 1343 κοινωνοὶ¹
948 1315 996 1342 τοῦ

211 1363 307 1398 Πάσχα
335 1363 383 1390 καὶ
405 1362 431 1389 οἱ
458 1364 487 1389 ὲν
513 1362 688 1398 σεμνογαμίᾳ
711 1361 758 1388 καὶ
773 1362 797 1388 οἱ
819 1362 847 1388 ὲν
862 1359 998 1396 παρθενίᾳ

211 1410 302 1442 καλῶς
321 1410 440 1442 {timur
455 1409 616 1436 ἀποστέλλει
631 1409 780 1444 παρθενίαν
796 1407 844 1434 καὶ
862 1414 998 1441 σεμνογα-

213 1456 279 1490 μίαν
298 1456 443 1491 ἑτοιμάσαι
465 1454 539 1489 αὺτῷ
557 1454 588 1480 τὸ
602 1454 712 1489 πάσχα·
728 1454 824 1489 ὥσπερ
839 1454 869 1480 ἐν
882 1452 922 1487 τῷ
940 1451 998 1486 ὄρει

211 1503 333 1536 Μωῡσῆν
359 1503 406 1528 καὶ
427 1501 519 1528 Ἠλίαν
536 1500 725 1535 παρέστησενῇ
750 1500 796 1526 τὸν
815 1498 865 1533 μὲν
884 1497 939 1524 ἀπὸ
953 1505 998 1524 σε-

1037 278 1141 308 putent,
1153 275 1242 302 locum
1256 275 1322 303 dicit
1339 285 1346 303 :
1367 275 1426 310 Ipse
1436 276 1509 302 vobis
1522 276 1641 303 ostendet
1661 276 1825 303 cenaculum

1035 321 1135 355 grande
1147 325 1272 347 stratum.
1291 320 1319 348 Si
1330 321 1418 348 locum
1430 320 1567 356 praedicis,
1583 329 1633 348 cur
1656 321 1725 349 dicis
1741 321 1826 349 disci-

1036 367 1109 402 pulis
1123 372 1153 394 ut
1169 368 1336 402 interrogent
1358 367 1391 394 de
1421 367 1503 394 loco?
1531 366 1608 402 prius
1644 367 1825 402 rogabimus:

1038 410 1109 444 Quid
1127 411 1209 445 igitur
1228 410 1448 444 interrogamus?
1468 409 1519 444 Ita,
1542 410 1620 443 dicit,
1644 415 1671 437 et
1681 410 1748 437 mihi
1760 418 1827 437 con-

1037 453 1267 489 venitprtedicere
1281 459 1412 488 tanquam
1436 453 1503 487 Deo,
1516 458 1544 481 et
1560 454 1639 481 vobis
1658 454 1827 489 interrogare

1038 506 1069 528 ut
1084 501 1252 528 hominibus.
1268 500 1379 528 Minime
1406 505 1498 527 autem
1521 499 1646 528 Christus
1667 500 1750 527 tradit
1770 507 1828 535 my-

1039 547 1151 574 sterium
1163 547 1189 574 in
1203 547 1352 574 humilibus
1362 547 1440 577 locis,
1452 545 1501 574 sed
1517 546 1544 573 in
1555 546 1660 573 elevato
1668 550 1695 573 et
1705 545 1827 574 sublimi.

1039 593 1148 620 Nullum
1177 592 1250 620 enim
1280 597 1339 620 erat
1355 591 1457 619 humile
1471 595 1646 618 etterrenum
1664 591 1691 618 in
1706 590 1827 618 Christo.

1040 639 1102 666 Ideo
1113 638 1260 673 etvquando
1289 637 1564 665 communicationem
1589 636 1676 664 sancti
1712 636 1830 670 Spiritus

1041 689 1204 718 receperunt
1218 683 1345 718 apostoli.
1357 683 1384 709 in
1408 683 1462 710 alto
1490 682 1552 709 loco
1565 681 1724 715 congregati
1740 685 1829 707 erant.

1040 729 1118 757 Tunc
1144 730 1265 756 dicitur:
1293 728 1376 756 Mittit
1408 728 1474 754 duo:
1500 735 1533 754 ea:
1557 725 1692 762 discipulis
1722 726 1779 752 suis
1801 729 1832 751 ut

1041 781 1166 811 pararent
1184 775 1298 807 Pascha,
1326 775 1433 802 Petrum
1449 781 1473 801 et
1496 773 1636 801 Joannem.
1657 772 1754 800 Petrus
1774 775 1833 799 erat

1042 823 1089 858 qui
1118 822 1263 850 confessus
1289 820 1389 854 fuerat,
1412 820 1486 848 Tnes
1514 821 1638 847 Christus
1665 818 1751 846 Filius
1784 817 1832 844 Dei

1044 869 1173 899 viventis;
1198 867 1318 894 Joannes
1329 871 1419 894 autem
1438 865 1553 893 debebat
1579 865 1765 892 annuntiare:
1798 862 1833 888 In

1045 914 1174 949 principio
1185 917 1242 950 erat
1265 911 1378 938 Verbum
1396 916 1419 937 et
1438 910 1550 937 Verbum
1568 913 1625 936 erat
1640 908 1711 942 apud
1738 908 1831 939 D‘eum,

1046 965 1070 987 et
1086 959 1154 986 Deus
1167 962 1223 985 erat
1251 956 1371 984 Verbum.
1385 955 1465 982 Mittit
1475 955 1601 982 Ecclesia.
1616 953 1833 984 fundamentum,

1046 1011 1073 1034 et
1089 1005 1174 1032 lilium
1200 1002 1326 1035 tonitrui,
1345 1006 1375 1029 ιιι
1392 1001 1419 1028 in
1447 1000 1625 1028 fundamento
1644 998 1753 1033 quidem
1769 999 1835 1032 ligat

1047 1051 1186 1086 religionis
1211 1048 1384 1085 mysterium,
1407 1048 1434 1074 in
1452 1046 1507 1073 lilio
1522 1050 1612 1073 autem
1639 1042 1762 1075 tonitrui,
1781 1042 1834 1069 inl-

1048 1097 1133 1124 minet
1164 1093 1303 1128 religionis
1323 1095 1470 1126 praceptn.
1486 1089 1587 1117 lterum
1608 1095 1657 1115 cur
1672 1086 1782 1114 Petrum
1807 1088 1835 1111 et

1046 1142 1178 1170 Joannem
1207 1138 1309 1166 mittit?
1334 1137 1455 1165 Joannes
1484 1135 1562 1170 virgo
1588 1138 1658 1165 erat.
1690 1132 1790 1159 Petrus
1806 1130 1835 1157 in

1048 1187 1198 1216 honorabili
1208 1185 1338 1220 coniugio
1349 1193 1356 1211 ι
1367 1187 1398 1211 ιιι
1414 1183 1602 1210 ostenderetur
1618 1179 1692 1215 quod
1707 1183 1734 1206 et
1746 1177 1836 1205 hono-

1049 1234 1126 1262 rabili
1142 1231 1271 1267 coniugio
1282 1234 1310 1258 et
1324 1228 1476 1265 virginitati
1492 1227 1612 1255 effusum
1628 1226 1664 1253 sit
1678 1224 1796 1256 donum;
1809 1229 1838 1254 et

1047 1281 1116 1308 lium
1128 1278 1238 1306 Pascha;
1252 1275 1487 1305 communicantes
1504 1273 1549 1309 qui
1562 1273 1589 1300 in
1599 1269 1752 1298 honorabili
1769 1276 1838 1296 con-

1046 1325 1122 1360 jugio
1135 1328 1163 1351 et
1176 1323 1222 1357 qui
1238 1322 1267 1349 in
1294 1320 1452 1356 virginitate
1477 1319 1547 1346 bene
1567 1317 1672 1345 vivunt.
1689 1314 1772 1342 Mittit
1785 1313 1839 1340 vir-

1050 1358 1190 1406 ginitatem
1212 1374 1239 1396 et
1254 1367 1414 1396 honorabile
1443 1364 1600 1400 coniugium
1627 1365 1657 1389 ut
1675 1365 1771 1396 parent
1795 1358 1836 1406 illi

1049 1404 1168 1448 i’asclia;
1182 1418 1214 1442 ut
1236 1414 1264 1441 in
1281 1417 1375 1440 monte
1396 1411 1507 1446 Moysen
1527 1414 1554 1438 et
1577 1408 1661 1436 Etiam
1687 1404 1836 1442 produxit.

1049 1460 1124 1488 illum
1141 1459 1251 1494 quidem
1263 1459 1292 1485 in
1306 1456 1458 1485 honorabili
1475 1454 1617 1489 coniugio,
1636 1452 1713 1479 hunc
1723 1457 1786 1477 vero
1809 1449 1836 1476 in

1049 1505 1205 1540 virginitate
1218 1505 1381 1535 elueentem,
1398 1506 1429 1529 ut
1441 1500 1599 1528 ostendatur
1608 1496 1765 1526 honorabile
1773 1501 1839 1522 con-

213 1546 386 1581 μνογαμιας,
411 1545 458 1572 τὸν
483 1545 513 1571 δὲ
526 1544 581 1572 ἀπὸ
610 1544 760 1580 παρθενίας
775 1543 933 1578 λάμποντα,
953 1541 996 1568 ἵνα

1048 1551 1153 1588 jugium
1164 1556 1192 1578 et
1203 1549 1385 1585 virginitatem
1400 1547 1520 1575 astitisse
1531 1545 1608 1581 juxta
1619 1543 1771 1571 Christum.

212 1592 284 1627 φανῇ
298 1590 470 1626 σεμνογαμία
481 1590 529 1617 καὶ
543 1589 678 1625 παρθενία
689 1588 864 1624 παρεστῶσαι
876 1588 998 1623 Χριστῷ,

505 1655 632 1682 ΚΕΦΛΛ.
653 1652 695 1680 IE'

255 1723 329 1749 Ἀντὶ
343 1721 401 1755 τοῦ,
412 1722 544 1758 λαμπρὰν
555 1722 600 1749 καὶ
619 1721 703 1756 μηδὲν
719 1720 835 1747 θανάτου
859 1719 997 1755 φέρουσαν

215 1767 328 1801 σημεῖον
341 1774 348 1782 ·
363 1766 404 1794 διδ
419 1767 465 1793 καὶ
481 1766 527 1792 τὸν
551 1765 721 1801 κεντυρίωνα
736 1765 817 1792 πλέον
839 1764 918 1791 τοῦτο
934 1764 950 1799 ἢ
973 1763 1002 1790 τὸ

215 1811 416 1848 καταπέτασμα
444 1812 604 1848 σχιζόμενον
630 1813 671 1843 εῑς
693 1811 743 1846 τὴν
772 1810 838 1846 περὶ
860 1809 907 1837 τοῦ
933 1808 999 1835 Υίοῦ

216 1857 380 1891 θεογνωσίαν
401 1858 568 1892 ἐπηγάγετο.
595 1858 628 1884 Τί
653 1857 676 1883 δ’
696 1855 730 1892 ἦν
744 1857 758 1883 ὃ
781 1855 905 1892 ἔκραξεν,
922 1855 938 1890 ἢ
960 1854 1001 1886 τὺ,

216 1902 328 1937 Πάτερ,
343 1904 388 1936 εἰς
401 1901 502 1938 χεᾷιάς
515 1911 574 1930 σου
594 1902 806 1937 παραθήσομαι
825 1901 858 1928 τὸ
883 1899 1004 1934 ,πνεῦμά

213 1957 273 1983 μου
283 1956 293 1980 ;

1346 1656 1462 1687 CAPUT
1483 1655 1544 1684 XV.

1087 1726 1172 1755 Vens.
1184 1725 1230 1753 37.
1251 1723 1316 1756 Pro,
1329 1729 1423 1750 vocem
1437 1721 1552 1749 validam
1569 1722 1597 1746 et
1623 1716 1730 1745 nullum
1743 1713 1841 1742 mortis

1053 1775 1163 1809 signum
1180 1772 1321 1800 ferentem.
1352 1765 1537 1796 ldeoetistnd
1566 1764 1653 1799 magis
1682 1769 1764 1797 quam
1787 1759 1841 1787 veli

1054 1820 1152 1848 scissio
1164 1817 1351 1845 centurionem
1365 1814 1398 1842 ad
1416 1813 1463 1840 Dei
1475 1812 1502 1840 in
1516 1811 1584 1839 Filio
1598 1809 1762 1845 agnitionem
1777 1813 1844 1841 por-

1056 1865 1143 1893 dnxit.
1165 1863 1235 1898 Quid
1258 1869 1322 1890 vero
1347 1858 1494 1889 clamavit?
1514 1857 1582 1886 Illud
1600 1861 1694 1884 certe:
1710 1853 1800 1886 Pater,
1815 1852 1844 1880 in

1057 1918 1152 1938 manus
1169 1914 1230 1937 tuas
1246 1907 1398 1936 commendo
1413 1905 1536 1941 spiritum
1551 1910 1648 1930 meum.

228 2043 1798 2064 _________________________——

695 2129 1015 2200 ΣΧΟΛΙΑ
1044 2125 1371 2195 ΠΑΛΑΙΑ

561 2254 646 2298 ΕΙΣ
682 2251 1034 2298 ΕΥΑΓΓΕΛΙΟΝ
1069 2250 1220 2294 ΚΑΤΑ
1254 2245 1503 2292 ΛΟΥΚΑΝ.

668 2431 974 2490 SCHOLIA
1018 2429 1091 2486 IN
1131 2425 1398 2486 LUCAM.

463 2557 510 2587 (Ex
526 2556 634 2586 antiquis
643 2554 793 2579 membranis
806 2551 965 2577 bibliotheca:
975 2549 1109 2576 Vaticana.
1122 2549 1169 2574 MAI
1181 2547 1259 2573 Class.
1271 2549 1351 2578 Auct,
1363 2550 1423 2572 tom.
1441 2546 1481 2577 lx,
1495 2552 1521 2578 ιι.
1539 2545 1606 2577 ιδι.)

429 2709 627 2737 ΚΕΦΔΛΔΙΟΝ
647 2708 796 2735 ΠΡΩΤΟΝ.

264 2775 372 2810 Ἐπειδὴ
383 2775 475 2801 πολλοὶ
487 2773 669 2809 ἐπεχείρησαν
682 2770 869 2804 ἀνατάξασθαι
883 2770 1009 2805 διήγησιν

173 2858 180 2862 _
222 2821 284 2847 ἀντὶ
297 2820 354 2850 τοῦ.
371 2821 412 2848 ὅτι
424 2820 508 2857 χωρὶς
522 2819 691 2856 χαρίσματος
717 2815 799 2853 ἦλθον
814 2817 853 2848 είς
871 2816 921 2851 τὴν
941 2816 1008 2842 ἀνα-

1309 2697 1425 2728 CAPUT
1442 2697 1592 2726 PRIMUM.

1100 2767 1183 2794 Vens.
1207 2765 1233 2792 Ι.
1263 2763 1399 2797 Quoniam
1429 2761 1507 2788 ιιιιιΙιί
1523 2760 1611 2788 conati
1642 2763 1707 2788 sunt
1720 2759 1848 2787 ordinare

1061 2813 1257 2843 narrationem,
1266 2817 1325 2845 pro.
1337 2816 1399 2836 cum
1412 2808 1471 2835 sine
1481 2807 1553 2834 dono
1566 2805 1658 2841 gratia:
1674 2809 1849 2833 accesserunt

229 2866 333 2902 γραφὴν
343 2866 389 2894 τοῦ
582 2873 589 2881 ο
607 2851 646 2891 -τί
665 2863 712 2892 οὖν
730 2851 807 2891 ’ἐστιν
831 2862 845 2889 ὂ
862 2861 953 2896 λέγει;
969 2860 996 2887 'l‘i

1059 2861 1091 2888 al
1107 2859 1282 2894 scriptioncm
1293 2854 1431 2890 Evangelii
1445 2853 1526 2889 :qnid
1538 2852 1672 2889 estigitur
1687 2852 1759 2888 quod
1770 2851 1848 2886 dicit!
