2075 3157
216 178 286 213 1183

570 180 766 211 OPUSCULA
786 178 1102 211 SCRIPTURISTICA
1123 181 1298 212 INCERTrE
1318 182 1473 213 IETATIS.

1779 182 1849 216 1184

215 239 253 267 cit
270 248 277 266 :
291 238 429 271 Quomodo
444 239 487 274 ﬁst
502 239 566 266 mihi
578 239 649 266 istud
659 239 672 265 1
683 238 779 265 Sermo
790 237 899 272 quidem
914 237 1004 265 credi-

1066 239 1131 273 λέγει
1144 247 1150 254 ·
1167 239 1234 272 Πῶς
1255 240 1342 266 ἔσται
1363 249 1414 274 μοι
1428 239 1534 272 τοῦτο;
1559 239 1659 275 Ὀ”μὲν
1676 240 1756 275 λόγος
1772 241 1850 275 ἀξιό-

217 284 291 318 hilis,
307 284 354 312 sed
367 285 465 312 modus
482 284 615 314 difﬁcilis;
632 283 720 310 nescit
733 287 832 309 natura
849 290 910 317 qua:
924 282 1005 311 dicis.

216 330 285 359 Cum
300 330 382 365 igitur
391 331 459 358 bene
477 330 639 365 interrogat,
655 329 768 364 angelus
786 329 824 356 illi
840 329 918 362 dicit,
932 330 1008 364 igno-

218 376 305 403 scitur
319 376 367 403 tibi
385 376 534 403 haesitanti.
551 375 618 402 Nam
639 374 780 402 Zachariae
799 383 854 402 non
876 375 1007 410 ignoscit,

218 422 265 450 sed
279 422 353 449 illum
369 421 521 457 increpavit
531 421 603 449 tnale
613 421 790 453 diuidentem,
804 421 902 456 virgini
915 425 1008 448 autem

220 467 347 501 ignoscit.
365 466 423 494 Non
440 467 513 494 enim
529 471 589 494 erat.
609 467 765 502 exemplum
783 466 903 502 Virgilii;
919 466 1007 494 sterili

217 518 308 539 autem
325 513 411 540 multa
428 513 657 548 erantexempla;
670 513 732 541 ideo
745 512 908 541 Zachariam
918 517 1010 541 tacere

216 560 289 594 cogit
304 560 330 586 in
348 567 457 594 poenam
474 560 687 588 incredulitatis.

254 651 337 679 Vsus.
353 652 399 679 55.
411 652 468 679 Cur
478 652 545 680 dicit
556 652 699 687 sanctum?
710 653 779 686 Quia
792 657 886 681 sancta
899 652 1009 688 quidem

218 702 247 724 tu
269 705 316 730 es,
334 703 442 732 oportet
459 703 550 726 autem
570 699 736 727 sanctiorem
752 704 778 727 te
794 699 865 727 ﬁeri.
892 699 1011 732 Quando

218 745 292 771 enim
305 745 389 772 sumit
401 745 499 772 artifex
527 745 643 780 lignum,
657 745 789 772 autiabcr
799 745 913 778 ferrum,
923 745 1012 774 adhuc

220 790 288 818 illud
301 790 396 825 purius
409 794 437 818 et
451 790 542 825 aptius
557 791 590 818 ad
607 796 694 819 artem
706 791 887 818 exercendam
900 790 986 818 efﬁcit
1001 799 1008 818 :

220 841 249 864 et
263 841 290 864 tu
307 836 391 871 igitur
406 836 482 872 virgo
494 837 605 872 quidem
621 845 662 868 es,
676 841 783 871 oportet
799 842 891 868 autem
907 841 933 865 te
945 844 1011 865 san-

223 881 338 908 ctiorctn
351 881 422 914 ﬁeri,
435 886 465 909 ut
479 887 605 909 sanctum
624 882 776 917 concipias.
791 881 900 910 Gabriel
915 883 1010 910 mani-

1059 294 1165 319 πιστος,
1181 286 1196 312 6
1209 286 1238 312 δὲ
1257 286 1359 321 τρόπος
1387 286 1501 320 ἄπορος·
1525 286 1577 313 οὐκ
1599 285 1671 313 οἶδεν
1687 289 1705 321 ὴ
1731 287 1814 322 φύσις
1828 287 1847 315 ἃ

1059 331 1158 365 λέγεις.
1187 332 1264 358 Ἐπεὶ
1284 332 1331 358 οὖν
1354 331 1445 363 καλῶς
1461 332 1567 367 ἠρώτα,
1591 333 1606 359 6
1629 333 1748 366 ἄγγελος
1777 333 1850 369 πρὸς

1059 376 1156 411 αὐτήν·
1172 377 1328 412 Συγγνώμη
1344 377 1548 412 σοιάπορούσῃ.
1562 377 1608 412 Τῷ
1625 378 1675 413 μὲν
1691 378 1746 414 γὰρ
1758 379 1850 413 Ζαχα-

1061 422 1108 457 ρίᾳ
1121 422 1153 448 οὗ
1169 423 1366 458 συγγινώσκει,
1383 423 1443 450 ἀλλ’
1453 423 1636 458 ἐπεστόμισεν
1656 424 1739 451 αὑτὸν
1754 424 1851 456 κακῶς

1059 467 1262 502 ἀπιστήσαντα,
1276 470 1309 504 τῇ
1324 469 1352 495 δὲ
1372 468 1504 504 Παρθένῳ
1522 468 1724 503 συγγινώσκει·
1746 470 1777 496 οὐ
1789 469 1845 504 γὰρ

1059 510 1093 547 ἦν
1108 513 1262 548 ὑπόδειγμα
1282 513 1420 549 παρθένῳ·
1450 514 1560 549 στείρας
1587 515 1617 542 δὲ
1642 512 1730 542 πολλὰ
1759 512 1795 550 ἦν
1815 515 1852 542 τὰ

1062 559 1262 594 ὑποδείγματα·
1287 559 1332 586 διὰ
1349 560 1430 587 τοῦτο
1454 560 1492 596 τῷ
1519 560 1646 597 Ζαχαρία
1664 561 1770 597 σιωπὴν
1784 562 1849 588 ἀντὶ

1062 605 1196 640 τιμωρίας
1212 605 1376 641 ἐπιτίθησιν,
1711 630 1719 640 ,-

1097 650 1157 676 Ἴνσ.
1172 650 1199 676 τί
1213 651 1358 686 ἐπέρχεται
1373 651 1466 686 ἄγιον;
1484 652 1595 688 Ἐπειδὴ
1609 651 1676 687 ἁγία
1694 653 1744 687 μὲν
1759 653 1849 688 ὑπάρ-

1062 703 1120 730 χεις
1129 704 1135 711 ·
1148 696 1188 722 δεῖ
1197 696 1226 722 δέ
1240 705 1271 722 σε
1285 697 1413 731 γενέσθαι
1424 698 1591 733 ἁγιωτέραν·
1609 698 1648 725 ὅτ’
1661 698 1695 725 ἂν
1709 698 1764 733 γὰρ
1778 699 1851 735 λάόῃ

1062 741 1190 768 ὁτέκτων
1208 742 1297 774 ξύλον,
1315 743 1331 779 ἢ
1347 744 1360 770 6
1375 743 1494 779 χαλκεὺς
1511 744 1631 779 σίδηρον,
1653 744 1694 771 ἔτι
1714 745 1781 771 αὐτὸ
1797 753 1850 771 κα-

1063 788 1153 823 θαίρει
1167 789 1213 816 καὶ
1224 790 1444 826 ἐπιτηδειότερον
1462 791 1532 827 πρὸς
1548 791 1598 826 τὴν
1617 791 1717 826 τέχνην
1736 792 1853 827 ἐργάζε-

1061 842 1118 862 ται.
1136 835 1191 862 Καὶ
1222 836 1254 863 σὺ
1280 836 1371 863 τοίνυν
1395 837 1530 872 παρθένος
1560 837 1610 871 μὲν
1639 835 1733 870 εῐ,δεῐ
1764 837 1793 864 δέ
1823 846 1853 863 σε

1063 881 1219 915 ἀγιωτέραν
1244 882 1383 916 γενέσθαι,
1412 883 1455 909 ἵνα
1478 882 1525 909 τὸν
1552 883 1631 916 ἅγιον
1654 883 1803 918 συλλάϐῃς.
1825 882 1854 910 ⁵0

219 925 325 954 l‘eltans
342 927 552 961 explicationem
570 928 650 955 triutn
665 927 848 956 Personarum
864 929 905 956 sic
917 928 986 956 dixit
1001 937 1008 956 :

1066 926 1185 962 Γαϐριὴλ
1203 928 1343 962 ἐμφαίνων
1355 929 1406 965 τὴν
1434 929 1586 964 ἑρμηνείαν
1610 928 1666 956 τῶν
1680 929 1767 965 τριῶν
1788 929 1855 955 ὑπο-

221 971 380 1000 Altissimus
395 972 466 1000 enim
483 972 562 1000 Pater
577 979 636 1006 est;
650 974 737 1001 virtus
757 974 891 1002 Altissimi
906 973 1008 1008 Filius;

220 1017 282 1045 ideo
299 1018 333 1045 de
352 1018 433 1045 Patre
451 1019 518 1046 dicit
534 1020 607 1054 quod
627 1019 788 1048 Altissimus
801 1024 855 1052 est,
876 1019 914 1046 Tu
935 1021 1010 1047 solus

218 1063 374 1091 Altissimus
384 1065 413 1092 in
427 1073 528 1092 omnem
548 1070 655 1092 terram.
678 1065 758 1099 Tota,
775 1066 876 1101 inquit,
890 1065 1012 1094 Trinitas

220 1110 298 1138 adest
313 1110 372 1142 tibi.
390 1117 408 1138 ο
423 1109 516 1144 Virgo,
533 1111 764 1138 restaurationem
779 1111 928 1139 creationis
943 1119 1011 1146 ope-

220 1164 287 1184 rans
297 1176 304 1188 ,
317 1164 379 1191 qua:
393 1156 463 1184 dixit
477 1157 544 1184 olim
556 1166 562 1184 :
580 1156 728 1184 Faciamus
748 1157 880 1184 hominem
892 1157 927 1184 ad
943 1157 1012 1184 ima-

221 1204 308 1238 ginem
328 1207 447 1230 nostram
469 1208 494 1230 ct
511 1203 722 1231 similitudinem.
740 1203 799 1230 Non
816 1203 890 1231 enim
916 1203 1012 1231 debuit

221 1249 333 1284 quidem
349 1249 377 1276 in
405 1249 513 1284 ingrato
532 1249 618 1277 Adam
644 1251 734 1284 pritno
760 1249 869 1283 adesse,
891 1249 1012 1277 secundo

223 1301 314 1322 autent
329 1303 382 1323 non
400 1295 561 1323 mirabiliter
576 1296 699 1331 coaptari
725 1295 843 1330 Spiritus
866 1300 980 1323 sanctus
1003 1304 1011 1323 :

221 1348 286 1369 cccc
302 1341 421 1376 Spiritus
435 1346 557 1376 sanctus,
568 1346 596 1369 et
611 1342 706 1373 virtus.
723 1349 786 1369 ecce
798 1342 902 1369 iterum
914 1341 1011 1369 Filius.

222 1387 344 1414 Christus
359 1388 428 1414 enim
444 1388 528 1415 virtus
549 1391 575 1415 et
596 1388 729 1422 sapientia
752 1388 819 1420 Dei,
837 1388 1013 1421 Altissimus;

223 1442 287 1461 ecce
300 1434 399 1461 iterum
415 1434 496 1462 Pater
514 1434 565 1462 hac
580 1442 647 1462 voce
664 1435 860 1469 proclamatur.
879 1434 913 1462 Et
930 1435 1015 1462 uirtus

222 1479 353 1506 Altissimi
371 1480 536 1507 obumbrabit
551 1479 616 1512 tibi;
640 1479 738 1508 Filium
760 1480 874 1512 ittdicat,
890 1480 1014 1508 Christus

222 1525 294 1552 enim
309 1525 356 1552 Dei
371 1526 454 1553 virtus
469 1531 493 1553 et
509 1526 708 1560 Deisapieutiu.
720 1542 757 1547 —
771 1526 945 1554 Obumbrabit
956 1527 1014 1559 tibi,

225 1579 287 1606 pro.
309 1572 492 1600 circumdabit
504 1577 530 1599 te
541 1577 568 1600 et
581 1573 693 1601 vallabit
705 1577 731 1601 te
751 1577 778 1601 et
791 1573 895 1601 circum
912 1577 938 1600 te
950 1574 1013 1600 erit.
1030 1587 1052 1615 ο

224 1618 263 1646 ita
281 1618 422 1653 legendum
441 1627 448 1646 :
464 1618 529 1646 Iden
542 1626 566 1647 et
580 1620 649 1655 quod
666 1624 790 1646 nascetur
800 1627 832 1647 ea:
844 1623 867 1647 te
882 1625 1015 1651 sanctum.

225 1665 365 1692 vocabitur
377 1665 466 1693 Filius
482 1666 548 1698 Dei;
566 1674 620 1693 non
637 1666 801 1701 simpliciter
816 1666 930 1701 angelus
943 1665 1016 1701 quod

226 1716 355 1738 nascetur
366 1715 494 1739 sanctum
505 1712 598 1739 statim
615 1712 755 1746 exprimit,
771 1712 818 1739 sed
833 1711 900 1739 dicit
915 1720 922 1739 :
938 1711 1016 1744 Quod

226 1761 359 1790 nascetur,
375 1758 504 1792 quoniam
519 1759 675 1786 communis
691 1758 816 1792 quaedam
842 1763 885 1785 est
909 1765 962 1784 vox
982 1757 1016 1784 ad

227 1810 324 1830 omnes
338 1811 408 1838 quos
423 1803 521 1830 mulier
537 1804 620 1838 parit,
636 1812 670 1831 ne
683 1804 846 1831 miraculum
865 1803 1018 1831 communi-

228 1853 283 1876 tate
305 1849 454 1877 loeutionis
478 1849 659 1884 deprimatur,
686 1850 779 1878 dicit:
808 1849 873 1877 Ideo
898 1855 922 1877 et
949 1850 1017 1884 quod

228 1899 352 1921 nascetur
366 1903 399 1922 ea:
420 1899 454 1929 te,
470 1896 562 1923 statim
580 1900 709 1930 tanquam
729 1896 828 1923 timore
842 1895 960 1931 quodam
976 1903 1020 1922 oc-

227 1946 344 1976 cupatus
365 1942 400 1969 ob
416 1941 577 1977 stupendam
597 1942 826 1974 incarnationem,
844 1946 873 1969 et
894 1947 1019 1969 contem-

230 1988 321 2023 platus
333 1988 393 2023 ejus
408 1989 456 2023 qui
473 1989 596 2016 nascitur
614 1993 787 2024 potestatem,
808 1994 835 2016 et
851 1993 1018 2023 quantorutn

227 2036 361 2063 bonorum
382 2040 480 2062 auctor
494 2035 603 2063 futurus
618 2036 654 2064 sit
678 2036 801 2063 humano
827 2036 931 2070 generi.
964 2039 1020 2062 tre-

229 2081 330 2108 mendo
343 2081 507 2109 exclamavit
523 2080 671 2113 :Smtctus.
685 2081 809 2109 eamdem
825 2089 857 2109 ac
878 2080 1017 2116 seraphim

225 2135 323 2155 vocem
340 2129 367 2155 in
378 2127 424 2155 illo
442 2128 597 2163 proferens.
613 2128 672 2156 Non
684 2129 756 2156 enim
772 2127 838 2155 l‘oris
853 2135 869 2154 a
881 2126 1020 2155 Trinitate

227 2174 316 2206 video,
332 2182 386 2202 non
406 2175 543 2209 privatum
564 2183 626 2202 eum
640 2182 723 2201 cerno
738 2178 839 2201 aeterna
856 2172 1018 2206 divinitate;

228 2219 290 2248 ideo
304 2225 332 2247 et
345 2228 396 2255 ego
413 2221 572 2248 memoriam
581 2220 726 2248 Trinitatis
743 2220 804 2248 l'eei.

263 2358 347 2386 Vens.
362 2358 407 2386 56.
424 2357 503 2392 Illud,
525 2357 646 2393 Cognata
660 2363 719 2390 tua,
741 2366 852 2387 sensum
868 2359 1016 2394 quemdam

229 2405 361 2432 insinuat.
380 2404 465 2432 Nemo
487 2410 522 2436 te.
544 2405 643 2440 inquit.
661 2413 678 2431 ο
700 2405 788 2440 virgo,
806 2406 841 2432 ob
864 2410 959 2440 partus
979 2405 1018 2433 lui

228 2451 403 2483 miraculum,
416 2451 486 2478 alius
498 2451 620 2486 cujusvis
637 2456 742 2478 natura:
755 2459 815 2479 esse
830 2457 922 2486 putet;
937 2459 1018 2478 nemo

229 2498 264 2526 ob
279 2498 476 2525 humanitatem
497 2505 631 2532 superans
645 2498 810 2533 prodigium,
825 2497 953 2525 humanae
969 2505 1019 2525 na-

228 2548 297 2572 tura:
315 2549 448 2572 exsortem
465 2549 490 2572 te
505 2544 601 2577 faciat;
617 2552 698 2572 nemo
712 2549 793 2579 neget
805 2551 820 2571 a
835 2549 861 2571 te
879 2548 1018 2578 sumptam

229 2591 345 2618 formam
354 2596 496 2626 cognatam
510 2591 651 2618 hominum
660 2598 732 2618 esse.
744 2590 867 2625 Cognata
880 2589 1018 2617 Elisabeth

229 2643 258 2665 tu
272 2645 321 2670 es;
339 2638 400 2665 licet
425 2637 563 2665 Elisabeth
585 2637 700 2664 Domina
725 2636 796 2664 facta
811 2636 860 2669 sis,
877 2636 971 2663 cadent
987 2642 1019 2663 ae

229 2684 288 2719 ipsa
302 2689 413 2711 constas
434 2689 542 2716 natura,
566 2683 637 2711 idem
654 2690 686 2711 ac
702 2683 762 2718 ipsa
785 2689 884 2717 corpus
908 2689 1017 2717 gerens,

229 2731 354 2759 eamdem
370 2731 473 2759 habens
488 2731 619 2758 animam.
636 2729 667 2758 Et
683 2730 763 2758 aliter
777 2738 784 2757 :
802 2729 946 2762 Quomodo
967 2727 1020 2755 Za-

230 2777 330 2804 chariae
343 2785 395 2804 non
409 2776 526 2812 ignoscit
542 2775 665 2812 angelus,
683 2775 788 2810 Virgini
804 2781 870 2802 vero
882 2780 936 2801 non
956 2780 1018 2800 ere-

232 2823 307 2850 tlenti
324 2823 460 2858 ignoscit?
478 2823 547 2856 Quia
568 2823 613 2850 ille
637 2821 722 2849 multa
745 2820 863 2848 habebat
884 2819 1018 2853 exempla.

235 2868 325 2895 Multa:
338 2869 410 2895 enim
423 2869 530 2897 steriles
542 2873 715 2904 pepererant.
735 2866 812 2901 virgo
827 2870 917 2891 autem
934 2864 1018 2896 nulla;

234 2914 307 2942 unde
321 2914 425 2949 ignosci
435 2915 533 2943 meruit
541 2915 646 2950 dicens,
659 2912 796 2947 Quomodo
807 2911 852 2946 fiet
867 2910 928 2937 mihi
938 2909 1019 2942 istud,

1063 973 1185 1000 στάσεων
1212 974 1310 1000 οὑτωσὶ
1326 974 1430 1008 ἔλεγεν
1458 976 1608 1009 “ru-sz
1637 975 1692 1009 γὰρ
1707 976 1724 1002 ὁ
1739 974 1850 1008 Πατήρ.

1062 1019 1192 1054 Δύναμις
1208 1019 1356 1054 Ὑψίστου
1371 1021 1388 1047 ό
1407 1021 1489 1054 Υὶός·
1505 1021 1546 1048 διὸ
1555 1021 1620 1057 περὶ
1627 1021 1674 1047 τοῦ
1689 1021 1798 1056 Πατρὶς
1812 1022 1854 1047 ὅτι

1064 1065 1206 1100 ’Υψιστος·
1216 1067 1260 1094 Σὺ
1271 1070 1364 1101 μόνος
1374 1067 1525 1102 ’Υψιστος
1539 1067 1589 1094 ἐπὶ
1601 1066 1706 1096 πᾶσαν
1717 1067 1774 1101 τὴν
1785 1067 1852 1101 γῆν.

1065 1111 1146 1146 Ὅλη,
1164 1112 1244 1147 φησὶ,
1261 1114 1277 1147 ἡ
1294 1113 1379 1148 Τριάς
1395 1121 1436 1140 σοι
1455 1113 1601 1149 πάρεστιν,
1617 1110 1640 1139 ὦ
1656 1113 1790 1149 Παρθένε,
1805 1113 1855 1148 τὴν

1063 1158 1213 1193 ἀνάκτησιν
1229 1159 1380 1194 ποιουμένη
1391 1159 1442 1194 τῆς
1456 1159 1582 1192 κτίσεως,
1599 1159 1615 1194 ή
1631 1159 1746 1185 είποῦσσ.
1759 1159 1854 1185 πάλιν

1064 1204 1242 1239 Ποιήσωμεν
1257 1205 1415 1239 ἄνθρωπον
1431 1205 1495 1231 κατ’
1515 1205 1617 1232 εὲκόνα
1636 1204 1783 1238 ἡμετέραν
1803 1204 1854 1230 καὶ

1065 1252 1130 1278 καθ’
1149 1251 1301 1286 ὁμοίωσιν.
1324 1251 1360 1278 οὗ
1378 1251 1432 1287 γὰρ
1443 1251 1555 1287 ἔμελλεν
1571 1251 1618 1278 ἐπὶ
1634 1251 1683 1286 μὲν
1699 1251 1748 1278 τοῦ
1765 1251 1855 1284 ἀγνὼ-

1067 1304 1147 1330 μονος
1166 1296 1252 1331 Ἀδὰμ
1267 1295 1314 1322 τοῦ
1339 1295 1449 1332 πρώτου
1470 1297 1609 1331 παρεῖναι,
1625 1296 1664 1331 τῷ
1684 1296 1713 1323 δὲ
1734 1296 1854 1331 δευτέρῳ

1067 1341 1105 1376 μὴ
1138 1343 1274 1377 συνῆφθαι
1298 1342 1445 1379 λαμπρῶς.
1476 1342 1589 1378 Πνεῦμα
1614 1342 1702 1377 amv-
1738 1343 1793 1369 ἰδοὺ
1823 1343 1853 1369 τδ

1067 1387 1179 1423 Πνεῦμα
1196 1389 1226 1414 τὸ
1239 1388 1326 1422 ἅγιον,
1347 1389 1394 1415 καὶ
1419 1388 1546 1424 δύναμις,
1570 1388 1625 1414 ἰδοὺ
1645 1387 1725 1414 πάλιν
1742 1387 1756 1413 6
1780 1387 1854 1418 H6;-

1066 1435 1192 1468 Χριστὸς
1204 1435 1260 1470 γὰρ
1272 1434 1347 1462 Θεοῦ
1357 1435 1483 1469 δύναμις
1494 1434 1543 1461 καὶ
1557 1435 1632 1462 Θεοῦ
1646 1435 1752 1469 σοφία.
1771 1434 1856 1468 ’Υψι-
1880 1436 1884 1441 “

1068 1489 1140 1513 στος
1157 1481 1213 1508 ἰδοὺ
1228 1481 1309 1508 πάλιν
1322 1482 1336 1508 6
1357 1481 1449 1516 Πατὴρ
1466 1482 1500 1517 τῇ
1516 1482 1592 1516 φωνῇ
1613 1480 1702 1516 ταύτῃ
1722 1480 1856 1516 κηρύττε-

1067 1536 1123 1555 ται.
1147 1527 1202 1554 Καὶ
1216 1527 1344 1562 δύναμις
1366 1527 1508 1561 Ὑψίστου
1529 1526 1702 1554 ἐπισκιάσει
1723 1534 1783 1554 σοι.
1805 1527 1858 1553 Τὸν

1069 1573 1134 1600 Υίὸν
1147 1573 1232 1608 λέγει·
1252 1573 1382 1607 Χριστὸς
1403 1574 1457 1609 γὰρ
1474 1573 1549 1600 Θεοῦ
1565 1572 1695 1607 δύναμις
1710 1573 1759 1599 καὶ
1782 1572 1859 1599 Θεοῦ

1067 1620 1171 1654 σοφία.
1186 1621 1233 1653 T6,
1256 1620 1440 1647 Ἐπισκιάσει
1454 1627 1515 1651 σοι⁹
1538 1619 1600 1646 ἀντὶ
1619 1618 1677 1651 τοῦ,
1708 1618 1858 1654 Περιϐαλεϊ

1069 1675 1098 1693 σε
1121 1666 1169 1693 καὶ
1187 1667 1345 1702 χαρακώσει
1364 1675 1394 1693 σε
1409 1666 1457 1693 καὶ
1472 1665 1565 1700 κύκλῳ
1586 1673 1632 1691 σου
1651 1665 1738 1692 ἐσται.
1762 1663 1858 1695 Οὕτως

1067 1713 1265 1747 ἀναγνωστέον·
1280 1713 1329 1740 Διὸ
1345 1712 1394 1740 καὶ
1406 1713 1440 1740 τό
1455 1712 1642 1748 γεννώμενον
1653 1711 1688 1738 ἐκ
1696 1711 1756 1738 σοῦ
1771 1710 1858 1745 ἅγιον

1069 1758 1254 1793 κληθήσεται
1280 1758 1346 1792 Υιὸς
1361 1758 1446 1786 Θεοῦ.
1473 1758 1530 1792 Οὐχ
1551 1757 1644 1789 ἁπλῶς
1661 1758 1675 1783 6
1699 1757 1814 1791 ἄγγελος
1828 1756 1860 1782 τὸ

1069 1803 1239 1839 γεννώμενον
1253 1804 1283 1831 τὸ
1301 1805 1379 1838 ἆγιον
1394 1804 1476 1834 εὐθὺς
1493 1803 1610 1834 ὶπιθεὶς,
1628 1802 1686 1829 ἀλλ’
1701 1801 1798 1832 εἰπὼν,
1823 1800 1860 1828 Τὸ

1068 1849 1266 1885 γεννώμενον,
1280 1849 1377 1885 ἐπειδὴ
1390 1849 1468 1884 κοινή
1481 1857 1523 1880 τις
1536 1848 1644 1883 ὑπῆρχε
1663 1848 1680 1881 ἡ
1702 1846 1778 1881 φωνὴ
1791 1846 1861 1881 πρὸς

1069 1896 1133 1927 τοὺς
1146 1897 1178 1922 ὲκ
1195 1895 1325 1929 γυναικὸς
1336 1894 1525 1929 τικτομένους,
1544 1893 1587 1919 ἵνα
1603 1893 1649 1928 μὴὶ
1662 1892 1692 1918 τὸ
1704 1891 1798 1926 θαῦμα
1824 1891 1858 1926 τῇ

1070 1942 1199 1977 κοινωνίᾳ.
1212 1942 1263 1977 τῆς
1281 1941 1380 1974 λέξεως
1399 1939 1565 1976 σμικρυνθῇ,
1582 1939 1679 1972 εἰπὼν,
1692 1938 1739 1964 Διὸ
1757 1937 1806 1964 καὶ
1824 1936 1859 1963 τὸ

1070 1987 1258 2024 ⁸γεννώμενον
1272 1988 1306 2014 ἐκ
1321 1986 1391 2020 σοῦ,
1409 1986 1490 2018 εὐθὺς
1507 1985 1603 2020 ὥσπερ
1627 1985 1680 2011 nvi
1697 1984 1773 2019 φόϐῳ
1787 1992 1857 2018 κρα-

1070 2034 1162 2069 τηθεὶς
1181 2033 1249 2070 πρὸς
1262 2033 1393 2068 ἔκπληξιν
1423 2032 1630 2064 καταστάσεως,
1650 2031 1696 2057 καὶ
1712 2029 1862 2064 λογισάμε-

1071 2089 1116 2112 νος
1129 2079 1352 2114 τοῦίτικτομένου
1369 2078 1419 2114 τὴν
1441 2077 1568 2112 δύναμιν,
1593 2077 1641 2104 καὶ
1663 2077 1733 2103 ὅσων
1750 2074 1861 2109 ἀγαθῶν

1072 2125 1202 2161 πρόξενος
1218 2125 1295 2152 ἔσται
1309 2124 1349 2160 τῷ
1364 2124 1449 2159 γένει,
1468 2123 1592 2159 φοϐερῶς
1615 2121 1861 2158 ὲ[κε]κραύγασεν,

1072 2172 1171 2207 ’Ἄγιος
1182 2192 1191 2205 ,
1204 2171 1254 2207 τὴν
1271 2171 1357 2206 αὐτὴν
1377 2173 1433 2203 τοῖς
1450 2170 1573 2205 σεραφὶμ
1598 2169 1691 2204 φωνὴν
1705 2168 1752 2195 ἐπὶ
1774 2167 1862 2202 τούτῳ

1073 2219 1154 2254 βοῶν.
1182 2219 1220 2245 Οὺ
1242 2218 1297 2253 γὰρ
1320 2217 1373 2250 ἔξω
1397 2217 1446 2252 τῆς
1465 2216 1580 2252 Τριάδος
1599 2215 1667 2251 ὁρῶ,
1694 2215 1725 2242 οὐ
1757 2213 1861 2249 γυμνὸν

1035 2259 1057 2286 υ
1071 2265 1153 2293 αὑτὸν
1169 2265 1260 2300 βλέπω
1274 2265 1323 2299 τῆς
1338 2264 1424 2291 ἀϊδίου
1448 2263 1586 2299 θεότητος·
1613 2261 1659 2289 διὰ
1682 2261 1762 2288 τοῦτο
1784 2259 1862 2294 κάγὼ

1074 2313 1186 2348 μνήμην
1206 2311 1256 2346 τῆς
1272 2310 1388 2345 Τριάδος
1403 2309 1569 2344 πεποίημαι.

1114 2357 1296 2393 Ἐμφαντικδν
1312 2356 1352 2388 τδ.
1372 2355 1524 2391 συγγενής
1546 2363 1621 2387 σου,
1636 2353 1756 2384 διανοίας
1778 2352 1862 2384 τινός.

1072 2404 1174 2440 Μηδείς
1192 2412 1232 2435 σε,
1250 2404 1334 2439 φησὶ,
1347 2399 1369 2429 ὦ
1389 2401 1523 2437 Πιρθένε,
1538 2401 1583 2428 διὰ
1598 2401 1628 2426 τὸ
1643 2399 1691 2427 τοῦ
1706 2399 1787 2425 τόκου
1808 2407 1863 2425 πα-

1074 2450 1195 2487 ράδοξον,
1217 2449 1300 2484 ἄλλης
1319 2448 1392 2480 τινὸς
1414 2447 1523 2482 φύσεως
1537 2445 1690 2481 νομιζέτω·
1708 2444 1803 2480 μηδεὶς
1819 2444 1865 2473 διὰ

1072 2498 1103 2524 τὸ
1118 2497 1187 2531 ὑπὲρ
1206 2495 1350 2530 ἄνθρωπον
1368 2493 1471 2528 θαῦμα,
1496 2492 1547 2527 τῆς
1565 2490 1741 2526 ἀνθρωπίνης
1755 2489 1864 2524 φύσεως

1073 2543 1125 2576 ἔξω
1149 2542 1276 2570 ποιείτω·
1295 2540 1390 2576 μηδεὶς
1408 2538 1542 2574 ἀρνείσθω
1556 2537 1606 2572 τὴν
1623 2536 1676 2563 ὑπὸ
1694 2535 1741 2562 σοῦ
1757 2535 1864 2570 λαμῦσρ

1073 2588 1189 2623 νομένην
1204 2585 1322 2622 μορφὴν,
1338 2583 1457 2618 συγγενῆ
1478 2582 1533 2609 τῶν
1549 2581 1701 2617 ἀνθρώπων
1717 2580 1862 2615 ὑπάρχειν·

1074 2632 1208 2668 συγγενὴς
1224 2632 1274 2667 τῆς
1295 2630 1435 2657 Ἐλισάόετ
1449 2628 1593 2662 ὑπάρχεις.
1609 2626 1661 2653 κᾶν
1674 2626 1799 2657 δεσπότις
1813 2625 1864 2660 τῆς

1080 2678 1221 2706 Ἐλισάὸετ
1244 2677 1358 2712 γενήσῃ,
1382 2676 1432 2709 τῆς
1455 2674 1540 2709 αὐτῆς
1556 2673 1663 2707 ἐκείνης
1689 2671 1864 2706 καθέστηκας

1074 2726 1196 2761 φύσεως,
1213 2724 1243 2750 τὺ
1258 2723 1323 2750 αὐτὸ
1344 2721 1431 2758 ταύτῃ
1459 2719 1538 2754 σῶμα
1554 2716 1688 2754 φοροῦσα,
1707 2717 1756 2752 τὴν
1776 2714 1863 2750 αὐτὴν

1074 2760 1172 2808 έχουσα
1183 2770 1283 2806 ψυχὴν.
1297 2769 1353 2795 Καὶ
1368 2767 1470 2798 ἄλλως·
1488 2766 1550 2797 Πῶς
1567 2764 1607 2800 τῷ
1621 2764 1670 2798 μὲν
1689 2760 1863 2808 Ζαχαρία.Δοὺ

1075 2805 1258 2852 συγγινώσκει
1278 2816 1292 2842 6
1316 2813 1442 2848 ἄγγελος,
1461 2813 1494 2846 τῇ
1512 2811 1542 2837 δὲ
1563 2809 1695 2845 Παρθένῳ
1711 2805 1864 2852 animation

1076 2851 1273 2896 συγγινώσκει;
1292 2859 1353 2885 ’Ὁτι
1369 2858 1472 2887 ἐκεῖνος
1490 2854 1576 2882 πολλὰ
1599 2852 1657 2889 εἶχε
1675 2852 1711 2880 τὰ
1730 2851 1864 2886 παραδεί-

1075 2916 1183 2944 γματα·
1203 2905 1298 2933 πολλαὶ
1313 2905 1367 2940 γὰρ
1387 2904 1492 2939 στεῖραι
1506 2903 1610 2934 ἔτεκον,
1627 2899 1761 2936 παρθένος
1776 2896 1806 2925 δὲ
1817 2896 1864 2926 01's-
