2075 3157
266 181 336 214 1101

621 188 816 220 OPUSCULA
837 191 1158 227 SCRIPTURISTICA
1175 198 1351 229 INCERTIE
1368 199 1525 231 ETATIS.

1829 206 1896 239 1192

263 238 431 274 profundum
445 246 583 276 Occurrat,
601 243 627 270 in
643 243 748 278 aequale
758 245 902 280 etplanum
918 255 1039 283 compar:

1090 271 1094 283 λ
1110 251 1184 277 ἐστὶν
1215 252 1288 285 ὕρος,
1314 253 1367 279 κᾶν
1392 253 1474 288 βαθος
1490 253 1590 286 κακίας
1611 255 1672 292 ἔχῃ,
1691 258 1759 293 πρὸς
1770 238 1897 292 ἐξίσωαιν

265 285 351 313 bitur.

301 331 425 360 Vannii.
443 333 513 366 Quid
542 334 679 369 signiﬁcat
702 345 709 364 :
738 338 839 366 Videbit
872 341 958 367 omnis
991 348 1056 368 caro

264 375 391 404 Salutare
407 378 455 405 Dei
467 380 480 406 .9
496 378 525 406 ld
541 385 593 414 est,
610 389 664 409 non
683 383 804 416 Iudteus,
819 390 846 412 et
863 385 908 413 hic
932 386 974 413 vel
1000 385 1055 417 ille;

261 422 308 448 sed
322 423 354 449 ad
369 425 499 452 terminos
515 430 594 454 terra:
608 428 812 462 praedicabitur.

297 466 378 496 Vsus.
395 469 438 497 Η.
457 470 644 507 Interrogatus
658 481 673 501 a
689 476 778 503 turbis
802 476 935 510 Joannes,
952 477 1054 512 cuique

259 514 398 548 propriam
422 523 502 551 opem
527 518 589 546 tulit
614 528 622 547 :
643 521 731 549 turbis
749 522 879 557 quidem,
904 527 933 550 ut
959 529 1054 552 mutua

258 560 391 589 charitate
418 568 545 598 utantur;
563 566 727 601 publicanis,
741 569 885 597 avaritiam
914 570 1052 605 prohibet;

259 606 406 641 militibus,
424 610 563 638 neminem
578 616 609 639 ut
624 614 793 641 concutiant.

293 719 375 748 VERS.
390 720 417 748 3.
434 721 490 749 Cur
502 723 614 758 trigittta
630 732 720 752 annos
733 725 836 754 habens
855 727 932 755 venit
950 734 979 756 ut
1006 729 1053 757 ba-

255 765 395 800 ptizetur?
418 766 488 800 Quia
503 773 570 796 astas
590 770 636 796 illa
663 770 721 804 jam
753 773 915 800 conlirmala
932 778 992 808 est;
1015 776 1051 803 ita

254 812 342 840 Adam
358 813 496 847 perfectus
524 820 632 842 creatus
657 821 699 844 est
712 836 719 849 .
737 823 764 845 et
781 820 933 848 naturalem
963 821 1050 857 legem

254 857 367 893 recepit.
377 857 571 887 Discordantia
587 862 713 895 quaedam
726 870 786 891 esse
802 863 908 892 videtur
920 866 954 892 de
965 875 1049 902 gene-

254 903 363 930 ratione
391 906 544 932 secundum
569 913 679 934 carnem
707 907 814 937 Domini
845 909 909 938 Iesu
933 911 1047 942 Christi:
1063 923 1087 954 Β

253 947 372 976 Matthaai
399 950 510 984 quidem
528 952 686 988 genealogia
708 961 723 981 a
747 954 895 985 Salomone
911 957 1006 994 incipit
1022 966 1049 988 et

251 993 353 1022 desinit
364 994 392 1022 in
408 995 526 1024 Matbam
542 1002 570 1025 et
584 997 669 1026 Iacob
695 1005 722 1028 et
736 999 837 1037 Ioseph
857 1012 864 1030 :
883 993 1048 1035 Lucarrero

250 1039 407 1074 genealogia
422 1039 551 1069 aNatban
564 1042 716 1076 descendit.
731 1049 758 1072 et
771 1045 872 1073 desinit
888 1047 915 1074 itt
931 1047 1046 1084 Mathat,

249 1082 309 1111 Heli
332 1089 360 1112 et
382 1084 497 1122 Ioseph,
512 1087 550 1115 ita
575 1088 686 1117 indubie
703 1091 821 1126 quisque
840 1099 936 1120 eorum
963 1082 1044 1123 aliam

250 1130 454 1163 generationem
477 1133 608 1168 exponit;
622 1138 650 1162 et
675 1135 783 1164 videtur
803 1137 973 1172 impossibile
984 1148 1046 1168 esse

248 1172 349 1210 Ioseph
379 1176 425 1212 qui
453 1178 613 1206 nominatur
648 1180 692 1208 vir
715 1183 899 1212 sanctissima:
923 1184 1045 1221 Dciparze

248 1224 275 1247 et
291 1220 378 1249 Iacob
394 1227 498 1258 patrem
516 1223 575 1253 Heli
593 1226 734 1256 habuisse.
748 1228 800 1256 Sed
815 1220 1044 1266 recognoscemus

250 1272 429 1302 apparentem
445 1273 556 1298 tantum
571 1279 633 1300 esse
649 1274 863 1303 discordantiam
878 1286 885 1304 :
898 1276 1008 1306 Tertius
1026 1288 1042 1307 a

255 1312 310 1339 nne
333 1314 484 1342 secundum
505 1315 623 1346 Matthaai
652 1320 838 1355 genealogiam
853 1327 895 1350 est
909 1323 1018 1352 Matltan
1031 1344 1039 1352 .

246 1359 361 1392 quintus
375 1365 467 1388 autem
483 1369 499 1388 τι
512 1363 566 1390 tltte
588 1366 741 1393 secundum
755 1367 855 1395 Lucam
878 1375 920 1397 est
931 1369 1040 1399 Mclelti.

247 1403 351 1432 Horum
366 1405 484 1435 duorum
498 1407 615 1437 diversis
633 1412 802 1445 temporibus
817 1422 887 1441 uxor
901 1415 972 1443 facta
996 1423 1038 1445 est

248 1448 346 1477 Estlta.
369 1450 480 1480 Matltatt
503 1455 576 1482 ettim
591 1463 654 1483 eum
669 1457 742 1487 illam
758 1459 880 1488 duxisset
897 1462 995 1496 primo,
1014 1468 1040 1491 et

245 1502 278 1522 ex
295 1495 421 1525 eaIaeob
431 1499 612 1535 suscepisset,
629 1507 756 1531 mortuus
771 1508 827 1539 est;
841 1495 951 1534 viduam
963 1507 1038 1535 illam

243 1549 277 1581 ex
305 1543 400 1571 cadent
445 1546 530 1578 tribu,
555 1548 602 1574 sed
633 1548 719 1576 altera
751 1551 924 1585 cognatione,
959 1553 1037 1580 duxit

1109 296 1348 332 ὲτοιμασθήσεται.

1144 342 1177 368 Τί
1197 342 1282 377 λέγει,
1293 345 1347 372 Kul
1373 345 1477 379 ὄψεται
1495 346 1581 374 πᾶσα
1597 348 1677 382 σὰρξ
1698 350 1730 376 τὸ
1746 352 1899 386 Σωτήρων

1107 387 1161 413 τοῦ
1168 388 1244 415 Θεοῦ
1253 396 1263 420 ;
1271 389 1426 424 Τουτέστιν,
1436 392 1528 419 οὐκέτι
1544 394 1680 426 Ἰουδαῖος,
1690 396 1738 423 καὶ
1748 397 1762 423 ὅ
1770 406 1812 429 τις
1824 399 1871 425 καὶ
1882 399 1897 425 ὃ

1111 439 1160 464 τις,
1175 433 1244 461 ἀλλὰ
1261 435 1329 470 πρὸς
1341 436 1374 462 τὰ
1391 436 1495 473 πέρατα
1509 438 1559 474 τῆς
1575 439 1628 474 γῆς
1644 442 1859 478 κηρυχθήσεται.

1144 479 1206 506 Ὀτι
1220 481 1398 516 ἐρωτώμενος
1409 483 1462 510 ὑπὸ
1474 485 1528 511 τῶν
1547 485 1633 520 ὄχλων
1647 488 1661 513 ὸ
1680 487 1815 524 Ἰωάννης,
1831 490 1897 517 ἑκά-

1106 533 1162 560 στῳ
1173 526 1273 553 οἰκεῖον
1290 527 1417 563 βοήθημα
1434 529 1541 557 τέθεικε
1552 540 1560 547 ·
1582 533 1639 564 τοῖς
1655 533 1704 567 μὲν
1716 533 1817 569 ὄχλοις,
1833 536 1895 570 φιλ-

1105 573 1213 609 αλλήλῳ
1251 577 1407 611 φρονήματι
1437 578 1600 613 κεχρῆσθαι,
1631 580 1762 613 τελώναις
1786 582 1815 609 δὲ
1845 585 1895 618 τὴν

1105 619 1263 653 πλεονεξίαν
1289 622 1415 656 κωλύειν,
1441 624 1622 660 στρατιώταις
1649 627 1678 654 δὲ
1708 627 1812 663 μηδένα
1834 629 1894 656 δια-

1105 665 1196 693 σείειν.

1140 711 1190 738 Διὰ
1204 713 1231 739 τί
1252 714 1465 751 τριακονταέτης
1483 715 1592 751 ἔρχεται
1609 717 1657 744 ἐπὶ
1678 718 1710 745 τὸ
1732 719 1894 756 βάπτισμας

1109 756 1220 794 Ἐπειδὴ
1237 761 1473 796 μεμαρτυρημένη
1488 762 1562 790 ἐστὶν
1572 763 1589 799 ὴ
1600 764 1694 798 ἡλικία
1706 766 1792 802 ταύτῃ
1802 774 1811 782 ⁸
1822 766 1895 794 οὕτω

1103 804 1150 831 καὶ
1183 805 1270 841 ’Δδὰμ
1297 807 1402 839 τέλειος
1431 808 1566 844 ἐπλάσθη.
1597 810 1645 837 καὶ
1675 811 1758 846 νόμον
1785 813 1894 849 ἐδέχετο

1102 851 1227 884 φυσικόν.
1251 853 1391 887 Διαφωνία
1413 862 1456 886 τις
1479 852 1551 882 εἶναι
1577 856 1652 883 δοκεῖ
1671 858 1736 893 περὶ
1752 858 1802 894 τὴν
1821 861 1893 887 κατὰ

1103 896 1194 932 σάρκα
1208 897 1335 933 γέννησιν
1352 899 1399 926 τοῦ
1416 900 1552 928 Δεσπότου
1573 903 1692 937 Χριστοῦ
1704 911 1711 918 ·
1726 904 1767 940 τῷ
1781 905 1826 932 τὸν
1842 907 1893 941 μὲν

1101 942 1252 976 Ματθαῖον,
1275 944 1331 971 ἀπὸ
1351 945 1525 981 Σολομῶντος
1540 948 1622 975 αὑτὸν
1636 950 1820 984 γενεαλογεῖν,
1843 952 1892 979 καὶ

1100 988 1213 1023 φθάνειν
1233 990 1274 1021 εἰς
1287 991 1333 1018 τὸν
1348 992 1473 1033 Ματιθᾶν,
1499 993 1547 1020 καὶ
1570 995 1677 1028 Ἰακὼϐ,
1699 997 1748 1023 καὶ
1772 997 1891 1033 Ἰωιιιήιρ⁹

1098 1035 1144 1061 τὸν
1158 1035 1187 1062 δὲ
1201 1037 1319 1067 Λουκᾶν,
1334 1038 1389 1064 ἀπδ
1407 1030 1454 1065 τοῦ
1470 1039 1574 1073 Νάθαν,
1595 1041 1643 1067 καὶ
1659 1042 1771 1075 φθάνειν
1784 1044 1825 1075 εἰς

1098 1080 1221 1114 Mat-01v,
1233 1082 1281 1109 καὶ
1299 1082 1369 1115 Ἠλὶ.
1385 1085 1432 1111 καὶ
1447 1085 1761 1122 Ἰωσὴφ,ἀναμφι6ἀλως
1772 1091 1888 1118 ἕκαστον

1097 1126 1179 1153 αὐτὴν
1200 1127 1292 1163 ἕτερον
1308 1129 1474 1164 καταλήγειν
1485 1131 1575 1165 γένος.
1592 1133 1646 1159 Καὶ
1664 1134 1738 1162 δοκεῖ
1751 1136 1805 1163 τῶν
1821 1138 1887 1164 ἁδυ-

1096 1172 1185 1199 νάτων
1205 1171 1275 1200 εἶναι
1295 1175 1341 1201 τδν
1363 1175 1462 1212 Ἰωσὴφ
1485 1177 1532 1204 τὸν
1550 1179 1713 1213 νομισθέντα
1730 1181 1817 1217 ἄνδρα
1837 1184 1887 1218 τῆς

1096 1219 1232 1252 παναγίας
1254 1219 1384 1248 Θεοτόκου
1404 1222 1449 1248 τόν
1464 1231 1495 1249 τε
1522 1223 1618 1252 Ἰακὼὸ
1637 1225 1683 1252 τὸν
1697 1226 1757 1254 Ἦλὶ
1771 1229 1888 1263 ἐσχηκέ-

1095 1271 1139 1289 ναι
1172 1264 1287 1299 πατέρα.
1319 1265 1400 1292 ’Λλλὰ
1421 1269 1643 1304 ικατανοήσωμεν
1676 1271 1725 1307 τὴν
1753 1272 1886 1301 δοκοῦσαν

1093 1306 1164 1336 εἶναι
1180 1310 1329 1344 διαφωνίαν
1339 1321 1347 1330 ·
1365 1313 1456 1348 τρίτος
1469 1314 1524 1341 ἀπὸ
1542 1315 1636 1347 τέλους
1652 1306 1723 1345 κατᾶ
1740 1319 1791 1355 τὴν
1805 1320 1885 1347 Ματ-

1094 1354 1172 1382 θαίου
1185 1356 1364 1389 γενεαλογίαν
1380 1360 1453 1386 ἐστὶν
1467 1360 1624 1395 δΜατθὰν,
1643 1363 1768 1398 πέμπτος
1784 1365 1812 1392 δὲ
1827 1366 1882 1392 ἀπὸ

1092 1401 1185 1433 τέλους
1201 1403 1272 1428 κατὰ
1293 1403 1339 1429 τὸν
1361 1404 1470 1431 Λουκᾶν
1485 1406 1501 1432 ὁ
1519 1406 1617 1442 Μελχί.
1640 1409 1749 1436 Τούτων
1765 1410 1819 1436 τῶν
1836 1411 1884 1438 δύο

1091 1447 1163 1474 κατὰ
1182 1447 1330 1484 διαφόρους
1347 1450 1459 1484 χρόνους
1480 1453 1589 1488 γαμετὴ
1606 1454 1718 1488 γέγονεν
1737 1456 1753 1490 ἡ
1780 1456 1861 1484 Ἐσθά
1873 1464 1880 1471 ·

1089 1492 1137 1520 τοῦ
1160 1493 1215 1529 γὰρ
1233 1494 1347 1522 Ματθὰν
1375 1497 1572 1532 προειληφότος
1601 1500 1686 1535 αὐτὴν
1711 1501 1759 1528 καὶ
1787 1503 1882 1529 παιδο-

1091 1539 1256 1575 ποιήααντος
1270 1540 1301 1573 ἐξ
1315 1541 1402 1577 αὐτῆς
1416 1542 1462 1570 τὸν
1488 1543 1585 1570 Ἰακὼϐ
1599 1545 1646 1572 καὶ
1661 1546 1881 1583 τελευτήσαντος,

245 1588 353 1622 Melehi,
373 1594 400 1618 et
417 1592 538 1627 suscepit
551 1600 584 1620 ex
597 1601 628 1621 ea
645 1594 714 1622 Heli.
737 1595 823 1624 Iacob
840 1597 923 1633 igitur
936 1604 963 1626 et
978 1598 1035 1626 lleli

1090 1585 1180 1620 χήραν
1202 1586 1287 1622 αὐτὴν
1302 1586 1386 1614 οὖσαν
1402 1589 1435 1615 ὲκ
1458 1588 1508 1623 τῆς
1531 1590 1617 1625 αὐτῆς
1638 1591 1736 1626 φυλῆς,
1754 1591 1837 1627 ἄλλης
1853 1592 1881 1619 δὲ

243 1632 368 1667 ejusdem
386 1637 482 1664 matris
510 1643 574 1665 sunt
601 1639 699 1667 fratres
725 1648 758 1668 ex
781 1632 865 1669 Estha
885 1643 957 1677 nati;
978 1642 1037 1672 lleli

243 1685 308 1705 Vero
324 1687 385 1706 cum
401 1687 514 1708 uxorem
534 1682 660 1710 duxisset
673 1687 700 1710 et
714 1684 774 1711 sine
796 1684 889 1713 liberis
911 1690 1038 1714 mortuus

242 1729 326 1757 esset,
339 1723 436 1758 Iacob,
453 1728 603 1754 secundum
621 1728 719 1764 legem,
738 1729 849 1758 intravit
862 1731 896 1759 ad
919 1732 992 1759 illaut
1009 1737 1039 1760 ut

243 1769 328 1796 frater
349 1770 421 1798 ﬁlios
443 1773 629 1801 suscitaturus
653 1773 731 1802 fratri
744 1783 795 1802 suo
819 1777 889 1804 Heli.
910 1777 1035 1813 Suscepit

241 1820 309 1849 ergo
321 1813 433 1850 Ioseph,
442 1820 470 1843 et
485 1817 612 1845 inventus
626 1824 667 1846 est
676 1818 789 1855 Ioseph,
801 1820 1032 1850 liliussecundnnt

199 1888 202 1890 ,
242 1864 370 1887 ttaturam
381 1860 480 1895 Iacob,
489 1863 642 1891 secundum
655 1864 740 1900 legem
749 1864 817 1893 Heli.
829 1866 960 1895 Mathaeus
968 1875 1033 1896 vero

242 1906 394 1934 naturalem
409 1914 567 1936 memorans
591 1908 691 1945 Ioseph
706 1911 901 1946 patremIacob
913 1911 993 1945 dixit,
1006 1918 1034 1941 et

240 1952 444 1986 generationem
461 1961 477 1982 e
485 1961 538 1989 qua
549 1953 652 1990 Ioseph
663 1956 804 1984 descendit
817 1965 824 1990 ;
838 1956 929 1985 Lucas
940 1963 1031 1985 autem

240 1998 354 2033 legalem
367 2004 472 2034 patrem
483 2000 583 2037 Ioseph
593 2002 739 2031 nominans
749 2002 808 2031 Heli
819 2004 898 2036 dixit,
913 2010 940 2031 et
952 2012 1034 2039 gene-

240 2045 373 2072 rationem
386 2054 401 2074 e
413 2054 467 2082 qua
480 2046 535 2074 Heli
547 2046 701 2077 descendit.
711 2048 775 2078 lnde
786 2050 894 2078 duobus
909 2051 1032 2085 patribus

239 2090 266 2118 itt
284 2092 365 2119 David
383 2094 564 2127 coaduttalis,
580 2097 672 2123 omnis
686 2097 869 2132 tequivocatio
884 2098 1028 2125 adimitur.

1091 1632 1261 1666 συγγενείας,
1275 1633 1395 1668 ἠγάγετο
1412 1635 1426 1661 ὁ
1441 1635 1539 1670 Μελχὶ,
1564 1637 1612 1663 καὶ
1630 1637 1839 1673 ἐπαιδοποίησεν
1851 1639 1881 1672 ἐξ

1090 1677 1176 1713 αὐτῆς
1205 1677 1252 1706 τὸν
1284 1678 1355 1706 Ὴλί.
1378 1679 1408 1706 '0
1436 1680 1534 1707 Ἰακὼὸ
1555 1682 1700 1717 τοιγαροῦν
1722 1683 1798 1710 καὶό
1822 1683 1881 1710 Ίιλὶ

1088 1724 1252 1760 ὁμομήτριοι
1280 1725 1461 1760 τυγχάνουσιν
1488 1726 1599 1762 ἀδελφοὶ
1626 1728 1659 1755 ἑκ
1689 1728 1740 1764 τῆς
1773 1729 1879 1756 Ἐσθά·

1089 1769 1262 1805 ἀγαγομένου
1278 1770 1307 1797 δὲ
1321 1770 1369 1798 τοῦ
1387 1771 1447 1799 Ἦλὶ
1466 1774 1585 1807 γυναῖκα
1600 1773 1638 1809 ὡς
1653 1773 1768 1801 ἀτέκνου
1787 1776 1880 1802 τελευ-

1088 1815 1234 1850 τήσαντος,
1259 1817 1330 1844 κατὰ
1346 1819 1392 1844 τὸν
1413 1817 1497 1852 νόμον
1515 1818 1639 1853 εἰσῆλθεν
1660 1819 1675 1845 ὀ
1696 1819 1795 1846 Ἰακὼῦ
1811 1821 1879 1856 πρὸς

1087 1861 1182 1897 αὐτὴν,
1198 1861 1236 1893 ὡς
1257 1863 1384 1897 ἁδελφὸς,
1399 1864 1602 1899 παιδοποιήσων
1621 1864 1662 1900 τῷ
1685 1865 1878 1901 τελευτήσαντι

1087 1906 1193 1942 ἀδελφῷ
1202 1908 1240 1942 τῷ
1257 1907 1326 1935 Ἦλί.
1342 1909 1568 1945 Ἐπαιδοποίησεν
1577 1908 1679 1938 οὖντὸν
1700 1911 1811 1947 Ἰωσὴφ,
1829 1912 1879 1940 καὶ

1086 1952 1185 1989 εὑρέθη
1194 1953 1209 1979 ὸ
1225 1953 1334 1989 Ἰωσὴφ,
1344 1954 1401 1987 υίὸς
1416 1956 1466 1990 μὲν
1476 1955 1515 1983 ὢν
1530 1955 1609 1990 φύσει
1618 1957 1665 1983 τοῦ
1681 1956 1790 1988 Ἰακὼϐ,
1801 1958 1878 1993 νόμῳ

1085 1998 1114 2024 δὲ
1125 1998 1173 2025 τοῦ
1189 1999 1259 2026 Ἦλί·
1270 2000 1284 2027 ὁ
1293 2000 1431 2033 Ματθαῐος
1444 2002 1472 2028 δὲ
1483 2002 1528 2029 τὸν
1544 2002 1615 2029 κατὰ
1629 2002 1710 2038 φύσιν
1721 2002 1808 2037 λέγων
1823 2011 1878 2030 πα-

1085 2046 1151 2082 τέρα
1165 2047 1212 2073 τοῡ
1235 2046 1345 2082 Ἰωσὴφ,
1370 2047 1416 2074 τὸν
1441 2047 1540 2074 Ἰακὼὸ
1561 2046 1648 2081 εἶπεν,
1672 2048 1720 2075 καὶ¹
1741 2049 1773 2075 τὸ
1797 2049 1876 2083 γένος

1084 2096 1145 2123 ὅθεν
1161 2095 1175 2121 ὁ
1197 2095 1296 2129 Ἰωσὴφ
1314 2094 1482 2129 κατάγεται*
1496 2095 1510 2121 ὸ
1525 2094 1555 2120 δέ
1574 2103 1605 2129 γε
1620 2095 1727 2126 Λουκᾶς
1742 2095 1788 2121 τὸν
1803 2095 1876 2122 κατὰ

238 2137 321 2172 νόμον
344 2138 431 2173 λέγων
449 2140 558 2175 πατέρα
576 2142 623 2168 τοῦ
652 2142 762 2179 Ἰωσὴφ,
786 2144 832 2170 τὸν
857 2144 918 2170 Ἦλὶ
941 2141 1031 2178 εἶπεν,
1057 2153 1075 2171 κ
1092 2144 1105 2170 ὶ
1122 2143 1152 2170 ἰδ
1179 2142 1258 2177 γένος
1281 2141 1343 2168 ὅθεν
1361 2142 1375 2168 δ
1398 2139 1460 2168 Ἠλὶ
1490 2141 1660 2176 κατῆκαν
1677 2141 1739 2169 ὅθεν
1758 2142 1813 2169 τῶν
1827 2143 1875 2170 δύο

236 2183 365 2219 πατέρων
395 2185 437 2217 είς
461 2185 507 2212 τὸν
531 2187 615 2213 Δαὸὶδ
640 2188 856 2224 ἁνατρεχόντων,
879 2190 956 2217 πᾶσα
979 2198 1146 2227 περιῃρηται
1161 2187 1379 2224 ἀμφισὸήτησιςο

550 2233 666 2263 CAPUT
680 2235 726 2263 ιγ.

271 2279 352 2308 Vtttts.
368 2279 396 2307 5.
409 2279 553 2313 Quomodo
567 2281 875 2317 itttelligitur:03temlit
886 2285 927 2312 illi
939 2286 1027 2313 omnia

235 2333 316 2360 regna
333 2326 426 2353 mundi
438 2327 466 2353 in
482 2333 614 2355 memnto
627 2330 769 2363 temporis?
781 2330 809 2358 ld
818 2335 870 2364 est,
881 2332 1028 2366 descripsit

234 2371 359 2398 oratione
380 2371 473 2399 orbem
503 2376 592 2405 terrae,
605 2378 633 2401 et
654 2375 775 2409 quodam
793 2377 875 2404 ntodo
895 2377 1026 2411 ostendit,

234 2421 265 2444 ut
282 2416 406 2451 putabat.
423 2418 450 2445 in
465 2425 516 2445 sua
541 2418 709 2454 cogitatione
725 2422 832 2449 omnia.

270 2509 354 2538 Vsus.
369 2510 397 2537 4.
413 2509 555 2544 Quomodo
573 2511 688 2548 intelligi
705 2518 816 2548 potest:
830 2512 972 2549 Regressus
986 2520 1024 2541 ut

230 2556 308 2584 Just
323 2556 352 2583 in
361 2558 457 2584 virtute
470 2555 589 2591 Spiritus
602 2558 630 2585 in
641 2557 795 2587 Galateam?
809 2559 922 2595 Propter
933 2560 1025 2588 divina

231 2602 364 2630 miracula
378 2602 448 2631 istud
461 2603 574 2636 dicitur,
587 2611 648 2639 qua:
660 2604 818 2640 complebat
830 2604 912 2634 Iesus
924 2605 1025 2634 virtute

230 2649 319 2676 sancti
347 2648 479 2684 Spiritus.
509 2654 638 2685 tanquam
655 2651 766 2686 propria
784 2659 834 2680 sua
853 2651 955 2679 virtute
977 2652 1025 2680 illo

230 2698 323 2727 utens,
334 2694 381 2722 sed
395 2701 463 2728 non,
484 2699 514 2723 ut
531 2694 630 2729 sancti,
646 2696 682 2724 ab
696 2701 809 2725 externo
826 2700 853 2724 et
867 2701 1023 2732 prastatam

229 2739 301 2767 hanc
318 2739 446 2768 virtutem
462 2741 611 2777 recipiens.

264 2785 348 2815 Vsus.
370 2787 413 2815 l8.
437 2787 504 2821 Quae
523 2788 550 2816 in
565 2787 636 2817 Isaia
653 2789 783 2824 propheta
806 2789 909 2825 scripta
931 2794 1022 2825 erant,

228 2830 258 2859 in
271 2831 319 2858 illo
329 2832 439 2868 impleta
451 2839 526 2868 sunt;
541 2834 601 2870 ipse
611 2834 684 2863 enim
697 2839 739 2863 est
753 2839 853 2863 unctus
866 2834 1021 2869 divinitate,

227 2876 288 2913 ipse
313 2877 463 2912 piscatores
488 2881 690 2918 evattgelizaus,
711 2881 770 2918 ipse
786 2881 852 2911 ntali
869 2882 1020 2918 captivitati

226 2922 368 2959 subjectos
385 2925 515 2955 liberans.

1384 2234 1512 2262 ΚΕΦᾹΛ.
1526 2234 1563 2263 Δ’.

1119 2282 1181 2314 Πῶς
1202 2282 1303 2308 νωῖται
1320 2280 1361 2313 τὸ,
1378 2280 1516 2313 Ἕόειξεγ
1529 2281 1610 2314 αὐτῷ
1624 2282 1727 2315 πάσας
1741 2283 1795 2316 τὰς
1815 2284 1873 2316 βαο

1080 2328 1197 2361 otiatur;
1209 2327 1263 2354 τοῦ
1278 2328 1396 2361 κόσμου
1411 2326 1447 2353 ἐν
1461 2326 1573 2361 στιτμῇ
1586 2327 1699 2361 χρόνον
1707 2335 1717 2359 ;
1733 2328 1792 2355 ἀντὶ
1811 2329 1870 2361 τοῦ,

1080 2373 1215 2410 Διέγραψε
1239 2371 1280 2408 τῷ
1300 2372 1373 2408 λόγῳ
1392 2372 1441 2408 τὴν
1461 2372 1637 2408 οἰκουμένην,
1653 2374 1701 2401 καὶ
1718 2374 1756 2405 ὡς
1769 2374 1872 2410 τρόπον

1078 2420 1140 2447 τινὰ
1168 2419 1355 2454 ὑπεδείκνυεν,
1380 2419 1419 2451 ὡς
1445 2418 1524 2452 disco,
1550 2420 1580 2446 ὲν
1601 2421 1635 2455 τῇ
1657 2420 1764 2456 διανοίᾳ
1786 2421 1873 2449 αὑτοῦ

1077 2467 1177 2494 πάντα.

1113 2513 1177 2546 Πῶς
1189 2514 1291 2540 voci-rat.
1300 2512 1343 2546 τὺ,
1365 2513 1567 2548 Ὑπέστρεψεν
1585 2513 1707 2547 Ἰησοῦς
1719 2514 1756 2541 ἐν
1771 2514 1807 2549 τῇ
1818 2516 1871 2542 δυ-

1077 2560 1163 2595 νάμει
1188 2559 1243 2588 τοῦ
1271 2560 1445 2595 Πνεύματος
1468 2561 1513 2593 δίς
1531 2561 1715 2593 Fruamur;
1741 2562 1792 2589 Διὰ
1817 2562 1870 2595 τὰς

1077 2605 1243 2640 θεοσημείας
1263 2604 1338 2639 λέγει
1354 2604 1446 2638 τοῦτο,
1461 2604 1551 2640 ἇσπερ
1567 2605 1691 2633 ἐπετέλει
1705 2607 1739 2642 τῇ
1753 2607 1869 2642 δυνάμει

1076 2651 1124 2678 τοῦ
1153 2651 1233 2686 ἁγίου
1266 2652 1437 2687 Πνεύματος,
1468 2650 1507 2684 ὡς
1528 2652 1618 2688 οἰκείᾳ
1644 2652 1728 2679 αὐτοῦ
1750 2653 1868 2688 δυνάμει

1074 2697 1163 2733 τούτῳ
1176 2697 1328 2734 χρώμενος,
1345 2697 1402 2725 ἀλλ’
1419 2698 1479 2733 οὐχ,
1500 2698 1538 2730 ὡς
1558 2698 1589 2734 οί,
1601 2698 1686 2733 ἅγιοι,
1702 2699 1804 2732 ἔξωθεν
1819 2701 1868 2728 καὶ

1074 2744 1282 2779 πεπορισμινην
1294 2744 1397 2780 ταύτην
1410 2743 1512 2772 λαὸὡν.

1109 2791 1170 2817 Ὅτι
1193 2791 1229 2817 τὰ
1244 2791 1274 2818 ὲν
1290 2790 1330 2826 τῷ
1353 2792 1482 2828 προφήτῃ
1509 2791 1609 2828 Ἡσαΐᾳ
1626 2792 1818 2828 γεγραμμένα,
1837 2794 1868 2820 ἐν

1073 2836 1149 2872 αὐτῷ
1173 2837 1320 2873 ἐπληρώθη
1333 2845 1341 2853 ο
1358 2838 1439 2870 αὐτὸς
1455 2838 1509 2874 γὰρ
1524 2839 1538 2865 ὁ
1553 2839 1676 2874 χρισθεὶς
1691 2840 1726 2874 τῇ
1746 2838 1864 2875 θεότητι.

1073 2884 1154 2915 αὐτὸς
1179 2885 1193 2911 ὁ
1209 2885 1272 2916 τοὺς
1289 2884 1374 2917 ἁλιεῖς
1393 2884 1652 2921 εὐαγγελισάμενος,
1674 2885 1757 2916 αὐτὸς
1773 2886 1787 2912 ό
1801 2885 1865 2917 τοὺς

1074 2929 1127 2957 ὑπὸ
1142 2930 1190 2958 τοῦ
1206 2930 1326 2966 πονηροῦ
1342 2931 1613 2967 αἰχμαλωτισθέντας
1627 2932 1791 2968 ῥυσάμενος.
