2075 3157
266 165 333 199 1199

613 165 806 195 OPUSCULA
827 164 1140 195 SCRIPTURISTICA
1160 165 1332 196 INCEll'l‘xE
1353 166 1507 198 .ETATIS.

1814 167 1882 199 1200.

264 223 403 251 terrestria
416 222 527 255 divinis,
545 225 571 248 et
593 222 656 256 quia
670 221 726 256 jam
746 225 809 248 ante
821 221 928 248 dixerat
944 229 951 248 :
965 222 1046 256 Aufe-

1099 223 1177 250 τοῦτο
1201 223 1249 250 καὶ
1272 223 1316 250 διὰ
1340 223 1371 250 τὸ
1387 225 1544 260 προκρίνειν
1569 223 1651 251 αὐτὸν
1670 224 1705 251 τὰ
1726 224 1807 259 γὴῗνα
1829 225 1885 250 τῶν

263 270 330 297 renti
345 269 392 296 tibi
406 273 451 296 tua
464 268 518 294 noli
529 275 659 294 reuisere.
676 266 734 294 Non
748 267 821 294 enim
837 272 888 299 est,
906 267 1004 301 inquit,
1017 268 1043 294 in

264 313 515 350 superabundautia
527 313 592 345 vita,
604 321 667 339 nam
684 320 737 340 non
760 319 822 340 cum
839 313 941 339 divitiis
955 317 1047 340 caten-

262 363 337 388 ditur
351 361 412 387 vita:
427 366 564 386 mensura.

299 453 380 479 Vens.
397 452 441 478 '52.
459 451 550 478 Nolite
565 452 666 483 timere,
683 450 795 486 pusillus
806 457 880 486 grex,
893 457 952 484 pro,
965 449 1047 477 nolite

264 499 395 531 diﬂltlcre,
416 498 527 525 dicitur.
556 497 689 525 Pusillum
717 502 809 523 autem
830 502 908 523 vocat
925 501 1046 528 sanctos,

263 546 304 572 vel
321 545 384 581 quia
405 545 520 580 pusillus
535 544 611 572 locus
635 543 663 570 in
678 543 730 570 hoc
753 542 855 569 mundo
882 543 986 569 sanctis
1001 549 1047 569 re-

263 597 398 622 servatur,
414 590 501 624 utqui
515 589 667 616 voluntarie
684 593 747 615 sunt
763 595 915 623 pauperes;
929 587 968 614 vel
983 587 1047 622 quia

264 637 422 671 angelorum
443 635 612 662 multitudini
628 634 774 662 inferiores
793 639 994 661 suntuumero.

299 683 383 710 Vens.
399 682 444 710 39.
467 681 526 708 Sint
545 681 627 708 lumbi
648 681 727 707 vestri
740 681 892 714 τιφάνηςιὴ
914 680 954 706 vel
972 687 1049 706 mens

266 731 360 763 parata
375 727 410 754 sit
427 727 460 754 ad
480 726 666 760 operationem
682 725 789 752 utiliqu
808 734 814 752 :
832 725 892 752 ideo
918 725 1049 752 doctrina:

266 775 378 801 lucerna
394 773 529 800 excitetur
545 777 572 799 et
594 772 720 799 ardescat
748 771 781 798 ad
804 771 914 798 virtutis
941 771 1048 797 exerci—

267 820 346 846 tium.
367 818 480 852 Nuptias
497 821 586 847 vocat,
602 823 635 843 eo
650 816 723 851 quod
736 815 792 842 illic
806 821 859 841 non
874 815 946 841 inest
963 813 1049 840 tristi-

266 866 302 891 tia
314 873 322 897 ς
335 863 496 897 Intempesta
509 867 582 888 nocte
598 861 672 892 dicit,
691 865 803 896 propter
814 859 1047 890 iucertitudinem;

265 912 292 937 in
307 909 423 937 secunda
440 913 464 935 et
481 908 559 935 tertia
574 906 663 941 vigilia
678 906 796 933 ostendit
821 906 872 932 hos
887 906 933 939 qui
947 912 1045 939 exspc-
1066 896 1086 924 Β

264 961 335 984 clunt
349 955 409 989 ejus
417 953 669 984 adventunt.Beati.
687 952 784 987 inquit,
798 952 865 978 servi
876 951 931 983 illi;
943 959 969 977 te
980 951 1049 977 enim

262 1001 404 1036 praecingat
417 1004 441 1026 et
454 999 616 1026 ministrabit
630 998 696 1030 illis,
711 997 736 1024 id
748 1002 800 1030 est,
814 1001 944 1031 tauquam
958 1004 1049 1030 aequa-

264 1048 337 1075 libus
347 1046 427 1073 nobis
438 1045 566 1073 succedet
580 1049 607 1072 et
622 1049 651 1072 ut
664 1044 823 1071 laborantes
841 1043 986 1074 relevabit,
999 1042 1050 1069 de-

265 1095 342 1122 licias
364 1093 440 1121 nobis
454 1096 586 1127 praestans
601 1091 768 1127 spirituales.
785 1090 832 1118 Vel
847 1091 934 1125 prima
946 1089 1048 1125 vigilia.

264 1141 382 1175 primaut
407 1143 525 1169 aetatem,
538 1137 670 1170 secunda,
687 1137 845 1169 secundam,
860 1140 888 1163 et
907 1135 986 1163 tertia
1003 1142 1048 1163 se-

266 1189 402 1212 nectutem
423 1182 535 1211 indicat.

305 1322 383 1350 Vsus.
395 1321 440 1348 48.
457 1320 512 1348 Cur
529 1326 625 1348 servus
638 1320 685 1354 qui
707 1327 760 1347 non
781 1319 909 1354 cognovit
923 1320 1048 1348 volunta-

265 1373 321 1396 tem
335 1366 440 1395 domini
454 1367 496 1394 sui
510 1367 644 1395 rationem
656 1365 791 1393 reddidit?
802 1364 871 1397 Quia
883 1372 938 1392 non
951 1372 1049 1400 coguo.

266 1422 343 1441 scere
360 1413 454 1445 voluit,
476 1420 538 1441 eum
561 1413 666 1440 discere
692 1411 834 1446 potuisset.
858 1410 931 1438 Idem
957 1411 1047 1438 innuit

240 1487 242 1493 ,
266 1467 356 1487 sermo
366 1463 491 1493 oportere
505 1461 714 1494 cognoscentem
727 1461 754 1484 et
765 1456 944 1491 negligentem
954 1456 1048 1484 multis

265 1506 352 1541 plagis
366 1504 504 1539 vapulare.
522 1503 640 1531 Diccudo
654 1512 662 1530 :
682 1502 761 1530 Omni
775 1501 818 1528 cui
830 1501 943 1528 multum
954 1501 1047 1529 datum

263 1557 314 1582 εει,
327 1550 439 1577 multant
458 1555 590 1585 qua’retur
602 1549 633 1576 ab
653 1556 694 1580 eo,
721 1547 965 1582 ostenditzgravius
987 1554 1048 1575 esse
1061 1563 1083 1593 ο

264 1598 422 1625 docentium
438 1596 586 1630 judicium.

301 1643 382 1670 Vsus.
399 1642 444 1670 49.
461 1641 573 1668 Terram
586 1644 665 1668 vorat
679 1643 787 1668 nostras
808 1638 1003 1672 habitationes,
1022 1639 1049 1666 in

265 1690 366 1725 quibus
374 1688 434 1715 vult
446 1687 554 1714 incendi
563 1685 688 1714 celeriter
700 1685 818 1712 vividam
829 1690 856 1712 et
866 1684 972 1718 igneam
982 1691 1050 1720 prae.

264 1734 411 1762 dicatiouis
421 1740 516 1760 eorum
529 1731 678 1758 actionem.

558 1791 672 1819 CAPUT
687 1791 755 1818 XIII.

303 1857 386 1885 Vens.
401 1858 427 1885 l.
446 1856 483 1884 De
506 1855 624 1884 Galilteis
645 1855 678 1883 de
698 1856 797 1890 quibus
831 1855 985 1883 nuntiatum
1009 1862 1051 1884 est

265 1905 374 1932 Christo
387 1903 458 1938 quod
471 1903 631 1937 sanguinem
645 1909 739 1928 eorum
753 1900 856 1929 Pilatus
868 1901 977 1929 miscuit
990 1910 1050 1929 eum

266 1949 421 1980 sacriﬁciis,
438 1951 545 1982 oportet
559 1946 629 1973 scire
644 1946 713 1974 istos
729 1953 791 1973 esse
803 1949 912 1974 secutos
925 1945 1050 1981 dogmata

265 1995 344 2024 Jutlac
358 1994 474 2026 Galilmi,
500 1993 579 2028 cujus
598 1992 656 2028 ipse
670 1991 759 2020 Lucas
775 1992 802 2019 in
816 1992 932 2021 Actibus
945 1999 1052 2028 aposto-

264 2043 355 2069 lorum
371 2039 506 2067 meminit.
523 2038 589 2066 Tale
602 2042 661 2066 erat
674 2045 740 2073 ergo
751 2037 827 2065 Iudae
837 2038 948 2073 dogma,
963 2043 991 2066 ut
1003 2037 1051 2066 Jo-

263 2089 366 2123 sephus
380 2087 462 2113 dixit:
475 2084 599 2112 Docebat
616 2084 752 2111 neminem
766 2084 918 2111 vocandum
934 2091 994 2111 esse
1002 2085 1052 2112 do-

264 2134 369 2161 minum
386 2131 436 2159 nisi
448 2138 496 2166 per
511 2129 736 2162 familiaritatem,
754 2132 782 2156 et
797 2128 931 2156 sacriﬁcia
949 2128 1052 2156 Roma-

264 2187 314 2206 nas
327 2185 390 2213 erga
406 2177 585 2211 imperatores
599 2174 691 2202 oblata
705 2179 733 2201 et
750 2181 845 2201 eorum
860 2174 976 2202 salutem
997 2182 1050 2202 non

1098 268 1188 299 θείων,
1205 268 1252 295 καὶ
1266 269 1310 296 διὰ
1321 269 1351 295 τὸ
1363 270 1504 304 προειπεῖν
1514 277 1521 284 ·
1549 269 1621 296 Ἀπὸ
1633 268 1667 295 δὲ
1678 269 1732 296 τοῦ
1745 269 1885 303 αἴροντος

1098 314 1131 340 τὰ
1147 313 1197 345 σὰ,
1212 312 1254 347 μὴ
1271 313 1397 340 ἀπαίτει.
1411 313 1447 340 Οὐ
1459 314 1512 349 γάρ
1526 315 1594 347 ἐστι,
1604 313 1735 349 φησὶν,έν
1742 313 1885 348 τῷπερισ-
1903 312 1908 325 ⁴

1099 360 1189 386 σεύειν
1211 359 1264 386 τιν).
1280 360 1296 394 ὴ
1313 359 1382 395 ζωὴ,
1400 359 1444 386 διὰ
1456 359 1487 386 τδ
1500 360 1538 396 μὴ
1560 360 1600 396 τῷ
1617 359 1723 395 πλούτῳ
1742 359 1883 386 συνεκπί-

1099 405 1193 432 νεσθαι
1206 406 1237 432 τὸ
1251 406 1300 441 τῆς
1315 406 1388 440 ζωῆς
1403 407 1501 442 μέτρον

1133 451 1170 477 Τὸ
1191 450 1229 482 δὲ,
1255 451 1304 484 Μὴ
1329 451 1423 486 φοϐοῦ
1443 451 1476 478 τὸ
1497 451 1605 485 μικρὸν
1630 452 1780 485 ποίμνιον,
1806 449 1886 477 τοῦτο

1099 496 1224 528 ἁντὶτοῦ,
1237 497 1282 532 Μὴ
1294 497 1461 533 ἀπιστήσῃς,
1469 496 1588 533 εἴρηται·
1600 497 1699 532 μικρὸν
1708 497 1737 523 δὲ
1749 496 1880 532 ὀνομάζει

1099 543 1162 574 τοὺς
1190 543 1296 576 ἁγίους,
1320 543 1337 578 ἢ
1359 543 1452 578 ἐπειδὴ
1477 543 1644 579 παράκειται
1675 543 1808 578 μικράτης
1828 542 1888 573 τοῖς

1098 588 1189 622 ἁγίοις
1203 589 1232 615 ἐν
1251 588 1289 624 τῷ
1303 589 1409 625 κόσμῳ,
1424 588 1470 624 ὡς,
1481 589 1613 621 ἑκουσίως
1631 590 1800 625 ἁκτήμοσιν·
1813 587 1885 624 ﬁt“!

1099 635 1130 661 τὺ
1141 635 1274 669 ἡττᾶσθαι
1289 636 1322 670 τῇ
1337 635 1392 661 τῶν
1406 634 1530 669 ἀγγέλων
1543 635 1654 670 πληούῖ.

1137 681 1299 707 Ἔστωσαν
1313 682 1344 707 al
1359 681 1474 716 ὀσφύες
1486 679 1575 715 ὑμῶν
1591 681 1822 716 περιεζωσμέναι
1832 687 1839 694 ·
1855 680 1886 706 τὸ

1099 727 1150 761 τῆς
1175 725 1295 757 διανοίας
1320 726 1430 761 ἕτοιμον
1454 728 1494 758 είς
1520 726 1663 762 φιλεργίαν
1688 727 1742 754 τῶν
1759 725 1885 761 χρηστῶν

1101 772 1191 807 ἔργων
1201 779 1209 787 ⁸
1227 772 1322 808 διόπερ
1336 773 1351 799 ὸ
1363 772 1553 804 διδασκαλικὸς
1563 772 1660 808 λύχνος
1676 772 1823 807 ψυχούσθω
1837 771 1885 798 καὶ

1100 816 1256 852 ἀρδευέσθω
1277 816 1329 843 om
1341 817 1392 852 τῆς
1415 817 1571 852 πρακτικῆς
1597 817 1709 852 ἀρετῆς.
1732 816 1884 851 Γάμουςδὲ

1100 862 1241 897 ὀνομάζει,
1254 862 1299 889 διὰ
1313 861 1352 889 τὸ’
1360 863 1398 898 μὴ
1414 862 1484 890 εἶναι
1499 863 1601 890 ἐκεῖθέν
1614 871 1639 890 τι
1648 862 1779 898 κατηφές.
1800 862 1883 895 ’Δωρί

1100 908 1230 941 νυκτῶν,
1249 909 1335 942 λέγει,
1351 908 1396 935 διὰ
1407 909 1437 935 τὸ
1452 909 1565 944 ἄδηλον·
1579 908 1609 935 τδ
1627 908 1666 939 δὲ.
1689 909 1739 935 Ἐν
1760 907 1798 942 τῇ
1818 907 1885 934 δευ-

1100 952 1172 986 τέρᾳ
1189 952 1239 979 καὶ
1255 953 1337 988 τρίτῃ
1352 952 1485 987 φυλακῇ,
1496 953 1586 987 λέγειν
1598 953 1690 984 αὑτὸν,
1703 952 1766 982 τοὺς
1782 952 1886 987 ἀναμέ-

1100 1007 1196 1030 νοντας
1212 999 1262 1034 τὴν
1277 999 1429 1035 παρουσίαν
1449 995 1544 1026 αὑτοῦ.
1568 999 1725 1032 Μακάριοι,
1750 998 1841 1033 φησιν,
1858 998 1885 1024 οι

1098 1042 1204 1070 δοῦλοι
1225 1043 1344 1070 ἐκεῖνοι.
1361 1035 1553 1078 Περιῖὠσεται
1567 1042 1622 1078 γὰρ
1639 1044 1688 1070 καὶ
1711 1042 1885 1075 διακονήσει

1099 1089 1203 1123 αὐτοῖς
1215 1098 1222 1105 ·
1235 1089 1315 1116 τοῦτό
1331 1089 1415 1122 ἐστιν,
1427 1090 1468 1116 ὅτι
1481 1090 1537 1121 τοῖς
1553 1089 1621 1122 ῐσοις
1633 1089 1707 1125 ἡμᾶς
1724 1088 1886 1124 ἀνταμείψε-

1098 1145 1156 1169 ται,
1171 1137 1219 1164 καὶ
1238 1134 1296 1164 οἷον
1316 1137 1471 1172 κάμνοντας
1484 1137 1680 1173 ἀνακτήσεται,
1695 1136 1801 1171 τρυφὰς
1819 1137 1885 1171 ἡμῖν

1099 1183 1234 1219 παραθεὶς
1247 1183 1296 1215 τὰς
1309 1183 1505 1218 πνευματικὰς.
1515 1184 1552 1209 Ἦ
1561 1182 1672 1219 πρώτην
1685 1183 1736 1218 μὲν
1750 1182 1884 1216 φυλακὴν,

1099 1228 1150 1263 τὴν
1164 1228 1275 1263 πρώτην
1285 1227 1406 1263 ἠλικίαν·
1416 1228 1556 1264 δευτέραν,
1567 1229 1617 1263 τὴν
1626 1227 1756 1262 δευτέραν
1767 1228 1884 1262 ἡλικίαν

1100 1273 1208 1308 τρίτην,
1227 1273 1276 1308 τὴν
1288 1273 1334 1299 ἐπὶ
1346 1274 1376 1299 τδ
1394 1272 1490 1306 γῆρας·

1134 1319 1184 1345 Διὰ
1193 1319 1220 1345 τί
1234 1319 1249 1345 ὁ
1262 1319 1355 1351 δοῦλος
1367 1320 1381 1346 ὸ
1396 1319 1434 1354 μὴ
1453 1319 1534 1353 γνοὺς
1553 1318 1584 1345 τὸ
1597 1318 1703 1353 θέλημα
1720 1318 1767 1344 τοῦ
1789 1316 1884 1352 κυρίου

1100 1363 1183 1390 αὑτοῦ
1200 1364 1294 1399 ὑπεῖχε
1310 1364 1404 1398 λόγον;
1427 1363 1498 1390 Διότι
1516 1364 1552 1399 μὴ
1566 1363 1698 1399 ἠθέλησεν
1713 1363 1824 1395 ειδέναι,
1841 1361 1886 1388 δυ-

1099 1409 1216 1443 νάμενος
1237 1409 1350 1444 μαθεῖν’
1364 1410 1439 1440 ποῖος
1454 1409 1604 1442 ἀπαλλάξει
1629 1409 1707 1443 λόγος
1719 1408 1767 1436 τοῦ
1786 1409 1885 1444 χρῆναι

1101 1453 1201 1485 πολλὰς
1209 1454 1353 1489 ὑπομεῖναι
1362 1454 1467 1489 πληγὰς
1479 1453 1524 1480 τὸν
1534 1454 1624 1480 εἰδότα
1634 1454 1681 1481 καὶ
1693 1453 1884 1489 ῥᾳθυμοῦντας

1101 1500 1203 1532 Εἰπὼν,
1217 1500 1312 1527 Παντὶ
1327 1496 1351 1534 ᾧ
1364 1500 1453 1534 ἐδόθη
1472 1500 1564 1533 πολὺ,
1589 1500 1668 1527 ,πολὺ
1690 1499 1886 1534 ζητηθήσεται

1101 1546 1170 1579 παρ’
1181 1545 1285 1577 αὑτοῦ,
1297 1545 1398 1578 ἔδειξεν
1412 1545 1453 1572 ὃτι
1467 1545 1668 1580 φορτικώτερον
1681 1544 1737 1572 τῶν
1751 1545 1886 1572 διδασκόν-

1100 1600 1155 1618 των
1171 1591 1230 1618 tot).
1243 1591 1273 1618 τὸ
1285 1592 1384 1626 κρῖμα.

1137 1636 1192 1671 Γῆν
1210 1636 1290 1671 ἡμῶν
1310 1636 1345 1662 τὰ
1358 1636 1527 1672 σκηνώματα
1554 1635 1640 1671 λέγει,
1663 1635 1702 1668 είς
1722 1635 1740 1662 ἂ
1761 1635 1887 1670 βούλεται

1100 1682 1206 1716 ταχέως
1221 1681 1376 1716 ἀναφθῆναι
1394 1681 1445 1716 τὴν
1467 1681 1626 1717 ὀξυκίνητον
1643 1682 1692 1717 τῆς
1711 1681 1886 1712 διδασκαλίας

1101 1727 1191 1754 αὐτῶν
1204 1727 1251 1754 καὶ
1265 1727 1398 1763 διάπυρον
1413 1728 1524 1763 πρᾶξιν.

1394 1789 1519 1818 ΚΕΦΔΛ.
1549 1789 1598 1816 ΙΓ’.

1138 1855 1205 1888 Περὶ
1219 1855 1247 1882 δὲ
1258 1854 1312 1881 τῶν
1324 1854 1475 1882 Γαλιλαίων
1487 1851 1525 1882 ὧν
1539 1854 1710 1890 ἀπήγγειλαν
1720 1854 1760 1890 τῷ
1774 1854 1886 1890 Χριστῷ

1101 1901 1143 1927 ὅτι
1154 1901 1184 1927 τὸ
1199 1899 1269 1936 αἷμα
1282 1901 1372 1928 αὐτῶν
1384 1902 1398 1928 ὸ
1409 1901 1523 1933 Πιλᾶτος
1534 1900 1611 1936 ἔμιξε
1623 1902 1693 1937 μετὰ
1707 1902 1761 1929 τῶν
1772 1901 1884 1934 θυσιῶν,

1102 1947 1155 1981 χρὴ
1173 1947 1320 1981 γινώσκειν
1334 1947 1376 1974 ὄτι
1390 1946 1464 1974 οὗτοί
1488 1948 1558 1975 εἰσιν
1577 1947 1601 1974 οί
1615 1949 1669 1979 τοῖς
1690 1948 1822 1982 δόγμασιν
1840 1948 1884 1980 ἐξ-

1101 1992 1336 2028 ακολουθήσαντες
1357 1993 1442 2020 Ἰούδα
1456 1994 1504 2020 τοῦ
1514 1994 1667 2026 Γαλιλαίου,
1677 1991 1708 2021 οὗ
1722 1995 1770 2020 καὶ
1778 1994 1859 2025 αὐτὸς
1871 1994 1886 2019 ό

1102 2038 1208 2070 Λουκᾶς
1224 2039 1253 2064 ὲν
1270 2039 1328 2070 ταῖς
1343 2039 1461 2074 Πράξεσι
1483 2039 1538 2066 τῶν
1558 2039 1714 2067 ἀποστόλων
1738 2040 1884 2075 μέμνηται.

1101 2082 1156 2111 Ἦν
1168 2084 1197 2111 δὲ
1221 2084 1251 2110 τὸ
1270 2084 1358 2118 δόγμα
1377 2084 1424 2111 τοῦ
1452 2084 1547 2118 Ἰούδα,
1570 2086 1609 2117 ὡς
1636 2085 1768 2121 Ἰώσηπος
1792 2085 1887 2120 λέγει’

1102 2128 1225 2156 ἐδίδασκε
1249 2129 1303 2166 γὰρ
1321 2129 1424 2165 μηδένα
1443 2130 1537 2166 κύριον
1558 2130 1648 2165 λέγειν
1665 2132 1734 2167 μήτε
1753 2131 1824 2158 κατὰ
1840 2140 1886 2165 ιρι-

1102 2175 1286 2211 λοφροσύνην’
1305 2176 1353 2202 καὶ
1373 2175 1424 2208 τὰς
1439 2175 1535 2209 θυσίας
1551 2177 1580 2204 δὲ
1592 2176 1642 2209 τὰς
1660 2177 1731 2212 ὑπὲρ
1744 2177 1799 2203 τῶν
1817 2177 1886 2203 Ῥω-

264 2224 414 2252 secundum
433 2221 550 2257 Mnyscm
567 2227 637 2251 esse.
657 2223 684 2246 et
706 2218 820 2246 velanda
846 2218 913 2246 fore.
937 2218 977 2246 0h
994 2219 1050 2247 haec

1104 2221 1192 2256 μαίων
1206 2220 1338 2256 βασιλέων
1362 2223 1587 2258 προσφερομένας
1601 2223 1649 2250 καὶ
1661 2223 1710 2258 τῆς
1725 2223 1816 2250 αὐτῶν
1834 2231 1887 2250 σω-

263 2269 350 2296 iratus
360 2266 463 2294 Pilatus
474 2270 568 2293 contra
580 2264 713 2292 saerilicia
727 2266 784 2299 ipsa
796 2265 945 2292 secutulum
960 2264 1045 2299 legem

264 2314 299 2341 ab
321 2314 388 2348 ipsis
413 2313 514 2345 oblata,
536 2311 599 2338 illos
627 2311 754 2339 occidere
776 2311 867 2346 jussit.
892 2311 962 2339 Dicit
982 2319 1048 2346 ergo

264 2359 389 2387 Christus
411 2359 457 2393 qui
484 2357 557 2391 passi
583 2361 663 2384 erant
681 2364 735 2384 non
757 2361 914 2392 peccatores
942 2357 1049 2392 pejores

267 2404 363 2437 fuisse,
380 2404 427 2432 sed
442 2408 600 2438 peccatores
614 2403 745 2438 quoniam
759 2402 840 2431 divisi
853 2407 942 2431 erant.

262 2451 379 2487 Χριστὸς
411 2450 590 2487 ἁμαρτωλοὺς
603 2470 612 2484 ,
641 2451 672 2477 οὑ
713 2451 770 2486 μὴν
803 2450 858 2478 τῶν
894 2451 1067 2479 πεπονθότων

263 2498 336 2530 τούς.

299 2547 381 2575 Vsus.
398 2547 424 2573 ι.
451 2545 548 2574 Turris
562 2546 659 2574 cecidit
675 2545 701 2573 in
720 2554 778 2579 eos,
795 2551 822 2573 et
838 2547 930 2574 decem
949 2551 974 2574 et
989 2551 1050 2574 octo

263 2593 373 2623 occidit.
387 2593 482 2619 urbem
497 2600 544 2627 per
559 2592 630 2620 hanc
648 2596 750 2620 turrem
765 2592 940 2627 signiﬁcavit,
958 2597 984 2620 et
1003 2600 1050 2628 per

261 2638 379 2670 occisos,
394 2638 553 2665 mactandos
570 2645 585 2665 a
601 2630 674 2665 'l‘ito.

251 2723 254 2730 ’
299 2727 380 2756 Vsus.
398 2728 425 2756 6.
442 2727 523 2756 Ficus
539 2729 667 2763 parabola
680 2729 852 2757 sterilitatem
867 2730 968 2765 arguit,
985 2730 1048 2758 folia

260 2778 366 2801 tantum
382 2782 474 2803 amara
487 2775 663 2810 producentis
677 2780 705 2804 ot
714 2775 795 2803 liores
808 2777 841 2803 ad
853 2777 981 2811 speciem,
998 2777 1045 2804 sed

261 2819 379 2846 fructum
392 2828 444 2847 non
460 2819 590 2849 ferentis:
603 2825 645 2849 ter
657 2821 724 2849 dicit
735 2822 853 2855 venisse;
864 2829 911 2857 per
924 2821 1044 2858 Moysen,

260 2871 311 2900 per
325 2865 486 2901 prophetas,
500 2871 528 2895 et
543 2873 591 2902 per
607 2867 707 2903 ipsum.
726 2867 887 2903 Evangelia
901 2869 952 2896 ista
965 2867 1043 2901 licus,

1100 2267 1195 2303 τηρίας
1213 2267 1250 2299 ὡς
1273 2268 1310 2302 μὴ
1334 2268 1366 2294 ἐκ
1381 2267 1429 2294 τοῦ
1447 2269 1568 2300 Μωσέως
1592 2268 1686 2301 οὔσας,
1712 2269 1886 2296 ἀπέκοπτον⁸

1102 2312 1150 2339 ἐπὶ
1176 2311 1281 2344 τούτοις
1304 2313 1500 2349 ἀγανακτήσας
1516 2315 1530 2341 ὁ
1545 2314 1661 2346 Πιλᾶτος
1689 2316 1755 2351 παρ’
1790 2315 1887 2348 αὑταῖς
1938 2321 1944 2331 ·

1101 2358 1161 2389 ταῖς
1181 2358 1251 2384 κατὰ
1268 2357 1313 2385 τὸν
1335 2358 1416 2394 νόμον
1441 2360 1677 2396 προσφερομένοις
1707 2360 1814 2392 θυσίαις
1839 2361 1886 2387 ὑπ’

1103 2404 1212 2436 αὐτῶν,
1251 2405 1422 2440 κατέσφαξεν
1457 2406 1567 2438 αὐτούς.
1602 2407 1686 2441 Λέγει
1723 2406 1770 2434 οὖν
1803 2406 1886 2439 αὐτὸς

1101 2454 1245 2489 χείρονας,
1280 2453 1458 2489 ἁμαρτωλοὺς
1483 2455 1512 2482 δὲ
1537 2454 1581 2482 διὰ
1604 2455 1635 2482 τὺ
1662 2456 1807 2483 στασιάσαι
1833 2455 1907 2482 αὺ-’

1136 2547 1198 2573 ’Ὁτι
1213 2547 1226 2573 ὁ
1242 2547 1346 2583 πύργος
1361 2549 1405 2583 ἐφ’
1420 2549 1467 2580 οὓς
1484 2549 1574 2581 ἔπεσε,
1592 2550 1638 2576 καὶ
1661 2550 1724 2581 τοὺς
1747 2549 1886 2577 δεκαοκτὼ

1098 2594 1240 2628 κατέσχεν,
1267 2595 1400 2629 ἐσήμαινε
1419 2594 1464 2621 διὰ
1482 2595 1533 2630 μὲν
1551 2594 1598 2622 τοῦ
1613 2595 1720 2631 πύργου
1732 2616 1740 2629 ,
1766 2597 1815 2631 τὴν
1835 2597 1886 2622 πό-

1098 2637 1140 2664 λιν
1154 2647 1160 2655 ·
1182 2639 1226 2666 διὰ
1242 2639 1298 2666 τῶν
1312 2641 1557 2675 καταχωσθέντων,
1576 2642 1639 2673 τοὺς
1655 2642 1812 2674 ἑαλωκότας
1831 2642 1886 2668 ὑπὸ

1099 2685 1191 2712 Τίτου.

1141 2731 1173 2757 Ἦ
1187 2731 1237 2766 τῆς
1254 2732 1340 2766 συκῆς
1369 2732 1522 2768 παραϐολὴ,
1544 2733 1593 2769 τὴν
1620 2732 1758 2768 ἀκαρπίαν
1779 2732 1886 2767 ἐλέγχει

1099 2777 1148 2811 τῆς
1168 2777 1356 2814 Ἰερουσαλὴμ,
1378 2779 1464 2813 φύλλα
1481 2779 1563 2814 μόνον
1584 2780 1672 2814 πικρὰ
1689 2779 1820 2815 ποιούσης
1837 2780 1887 2806 καὶ

1099 2821 1206 2858 ἀνθηρὰ
1225 2823 1264 2859 τῷ
1286 2824 1438 2859 φαίνεσθαι,
1458 2825 1563 2860 καρπὸν
1579 2825 1607 2852 δι
1628 2824 1667 2861 μὴ
1678 2824 1810 2861 ἐχούσης·
1826 2824 1886 2859 τρί-

1099 2877 1144 2896 τον
1158 2868 1231 2903 λέγει
1245 2869 1414 2904 ἐληλυθέναι,
1427 2869 1470 2897 διᾰ
1487 2871 1638 2902 Μωῦσέως,
1650 2870 1695 2899 διὰ
1707 2870 1762 2898 τῶν
1778 2878 1887 2906 προφη-
