2075 3157
135 198 137 200 ’
187 218 255 252 not

747 216 908 248 SCHOLIA
927 216 1077 248 VETER‘A
1098 216 1138 246 IN
1159 215 1296 246 LUCAM‘.

1760 213 1830 246 1202

185 274 251 306 τῶν,
271 273 306 302 δι’
323 273 431 301 ἑαυτοῦ.
458 272 490 300 Ἦ
506 272 671 308 εὖαγγελικὴ
695 272 776 307 συκῆ,
798 273 815 307 ἡ
831 271 975 307 ἀνθρωπό-

1035 271 1183 298 tumanitas
1191 275 1234 299 est
1249 280 1256 299 :
1272 270 1372 299 domus
1386 269 1525 303 dominus,
1535 270 1607 298 Deus
1621 269 1720 303 Pater;
1738 269 1828 298 cultor

186 330 236 356 της
253 319 328 347 ἐστίν
339 328 346 335 ·
363 320 378 347 6
391 319 596 355 οἰκοδεσπότης,
609 319 622 346 6
638 318 705 350 Θεὸς
729 318 775 344 καὶ
789 317 885 353 Πατήρ
898 325 904 332 ·
924 317 938 344 6
953 316 982 343 δὲ

187 366 380 402 ἀμπελουργὸς
394 385 401 398 ,
422 366 437 392 6
457 365 521 397 Υἱὸς
543 365 590 392 τοῦ
615 364 683 391 Θεοῦ
698 364 713 390 6
727 363 907 398 φιλοπονῆται
934 363 982 389 καὶ

171 408 174 416 ’
188 412 342 447 ἐκκαθᾶραι
355 411 401 438 τὸν
413 410 563 445 ἀμπελῶνα
573 409 667 437 ἐλθών.
676 410 705 437 '0
714 409 742 437 δὲ
753 408 820 440 Θεὸς
827 408 873 435 καὶ
887 407 982 444 Πατὴρ

188 461 202 487 6
217 458 266 486 καὶ
281 457 485 492 οἰκοδεσπότης,
501 458 604 489 ἐκεῖνός
617 458 692 485 ἐστιν
706 457 720 483 6
733 454 852 482 κελεύων
868 454 918 490 τὴν
930 462 979 481 au—

190 506 242 540 κῆν
258 504 295 537 ὥς
317 505 442 539 ἄκαρπον
467 503 631 538 ἐκκοπῆναι.
653 502 690 529 Τὸ
703 501 743 535 δὲ,
770 501 858 536 ’Ἄφες
884 500 983 534 αὐτὴν

190 551 240 578 καί
255 551 350 584 τούτῳ
364 549 404 583 τῷ
414 549 485 582 ἔτει,
498 549 599 584 λέγειν,
614 548 658 576 διὰ
673 547 756 584 νόμου
771 547 818 574 καὶ
834 546 983 582 προφητῶν

190 597 241 625 οὐκ
257 595 471 631 ὲὸελτιώθησαν,
482 595 530 622 καὶ
544 596 600 627 τοῖς
613 595 690 630 ὲμοῖς
703 593 867 630 ἁρδευθῆναι
880 592 983 628 δόγμα-

192 651 252 670 σιν·
267 642 306 675 ὡς
320 641 346 669 εἰ
361 641 410 677 μὲν
433 641 569 676 ποιήσωσι
583 640 701 676 καρπὸν,
720 637 750 667 εὖ
763 647 771 655 ·
793 639 857 666 εἰδὲ
876 638 925 674 μὴ,
942 639 983 670 εἰς

190 689 222 716 τὸ
239 688 338 724 μέλλον
352 687 490 722 ἐκκόψεις,
505 688 546 719 εἰς
559 687 605 713 τὸν
620 686 716 713 ἔπειτα
729 685 814 712 αἰῶνα
828 684 875 712 καὶ
885 684 924 716 εἰς
934 683 983 718 τὴν

191 735 292 770 κρίσιν.
305 734 384 761 Ἐστι
399 733 427 760 δὲ
437 735 453 769 ἡ
465 733 515 769 μὲν
530 732 626 768 πρώτη
644 732 782 768 ἀθέτησις,
801 731 817 766 ἡ
832 731 860 756 ὲν
875 729 913 765 τῷ
931 738 984 756 πα-

193 779 327 815 ραδείσῳ’
344 779 360 815 ἡ
378 779 505 815 δευτέρα,
519 780 536 813 ἠ
552 779 580 805 ὲν
600 778 639 814 τῷ
663 778 738 813 νόμῳ
749 786 755 793 ·
773 778 790 813 ἡ
809 776 900 812 τρίτη,
921 777 938 811 ἠ
955 776 984 802 ὲν

191 826 225 860 τῇ
245 824 349 860 χάριτι.

233 870 266 897 'H
276 869 473 904 συγκύπτουσα
483 869 582 904 χαμαὶ,
596 868 681 895 ἔπαθε
694 867 774 894 τοῦτο
786 868 818 894 ἐκ
835 866 985 902 σατανικῆς

192 916 365 952 ἀγριότητος,
381 916 419 947 ὠς
439 915 644 951 παρεωραμὲνη
672 915 754 950 παρὰ“
769 914 837 941 Θεοῦ
849 914 883 941 δι’
894 914 984 940 οἰκεῖα

191 962 313 998 δηλονότι
330 963 501 997 πταίσματα.

228 1007 275 1040 T6.
295 1007 422 1039 Ἔξελθε
437 1006 486 1033 καί
509 1007 641 1040 πορεύου
659 1005 812 1037 ἐντεῦθεν,
829 1004 885 1032 τῶν
903 1006 984 1040 Φαρι-

193 1053 276 1080 σαίων
294 1053 438 1087 λεγόντων,
458 1053 491 1079 ἐκ
515 1052 613 1087 φθόνου
634 1052 710 1078 ἐστί’
730 1051 791 1078 οὐδὲ
815 1051 869 1086 γὰρ
888 1051 984 1087 ἤθελον

191 1099 358 1135 ὠφελεῖσθαί
383 1108 480 1132 τινας,
503 1099 566 1126 οὐδὲ
592 1099 758 1134 θεοσημείας
783 1097 907 1134 γίνεσθαι
929 1097 985 1125 ἀπὸ

191 1145 300 1179 φθόνου.
324 1145 369 1172 Ἐν
379 1145 407 1172 δὲ
421 1145 460 1180 τῷ
473 1145 564 1179 λέγειν
580 1145 691 1178 αὐτοὺς,
709 1143 841 1179 Ἡρώδης
853 1151 890 1171 σε
905 1142 984 1170 θέλει

190 1190 376 1223 ἀποκτεῖναι,
400 1190 634 1225 προφασιζόμενοι
659 1189 754 1224 ελεγον
771 1190 818 1216 καὶ
837 1188 985 1223 ἐκφοϐοῦν-

190 1245 246 1268 τες.
274 1237 321 1264 Διδ
343 1237 391 1264 καὶ
411 1237 450 1269 ὡς
474 1237 618 1271 γινώσκων
638 1237 679 1263 ὅτι
704 1236 860 1272 ψεύδονται,
891 1235 983 1269 λέγει·

188 1282 301 1309 ﬂama
315 1281 353 1315 ινῇ
367 1281 499 1309 ἀλώπεκι
510 1282 618 1316 ταύτῃ·
629 1282 678 1308 καὶ
693 1281 767 1313 τινὶς
781 1281 832 1316 μὲν
843 1281 983 1316 ἐνόμισαν,

191 1326 323 1354 ἀλώπεκα
339 1327 386 1353 τὸν
413 1326 536 1362 Ἡρώδην
562 1326 652 1360 λέγειν
662 1334 670 1343 ι
697 1325 746 1361 οὐχ
760 1325 848 1357 οὕτως
864 1324 892 1351 δὲ
908 1324 965 1360 εχει
975 1331 983 1339 ·

191 1374 260 1402 ἀλλὰ
267 1372 398 1400 ἀλώπεκα
408 1372 483 1407 λέγει
496 1373 545 1408 τὴν
559 1372 673 1399 ἐκείνων
681 1371 824 1407 δολιότητα
835 1371 882 1397 καὶ
891 1369 985 1397 σκαιό-

189 1428 268 1455 τητα,
295 1419 468 1454 εὐφυέστατα
500 1419 570 1454 μίση
597 1418 739 1454 χρώμενος
776 1418 869 1452 φωνῇ·
885 1417 915 1443 οὐ
930 1417 985 1451 γὰρ

191 1464 278 1499 εἶπεν,
313 1465 422 1501 Ἐκιίνῃ
444 1466 477 1500 τῇ
503 1464 635 1496 ἀλώπεκι,
665 1463 744 1496 ἀλλὰ,
774 1463 882 1496 Ταύτῃ.
905 1461 983 1488 Ἔπι-

192 1512 245 1549 πλή
251 1521 317 1539 ττων
331 1512 359 1539 δὲ
375 1512 485 1542 αὐτοὺς,
499 1511 590 1545 λέγει·
607 1509 681 1537 Ἰδοὺ
692 1509 832 1544 δαιμόνια
846 1507 985 1535 ἐκϐάλλω

192 1558 241 1585 καί
257 1558 353 1591 ἰάσεις
384 1556 529 1584 ἐπιτελῶ·
552 1556 596 1583 διὰ
608 1555 656 1583 τοῦ
678 1556 775 1587 εἰπεῖν,
801 1554 983 1588 Τελειοῦμαι,

190 1605 237 1631 τὸν
253 1604 369 1631 θάνατον
392 1603 475 1630 αὑτοῦ
491 1603 599 1638 μηνύει,
620 1602 667 1630 καὶ
682 1602 722 1629 ὃτι
744 1600 826 1632 ἑκὼν,
850 1600 897 1626 καὶ
920 1599 982 1626 οὒτε

197 1648 330 1684 Ἡρώδης,
345 1648 407 1675 οὒτε
420 1647 509 1680 αὐτοὶ,
524 1647 578 1682 πρὸ
592 1646 689 1682 καιροῦ
702 1655 729 1672 τι
741 1646 893 1681 ποιήσαιεν.

227 1695 279 1728 τδ,
294 1695 356 1722 οὐκ
378 1694 534 1728 ἐνδέχεται
558 1693 736 1728 προφήτην,
753 1692 811 1724 ἔξω
829 1691 984 1725 Ἰερουσα-

191 1740 255 1775 λὴμ
263 1740 436 1774 ἀποθανεῖν,
449 1740 540 1776 λέγειν
555 1740 646 1773 αὑτὸν,
658 1739 694 1772 ὥς
704 1738 869 1774 κατηγορίαν
879 1737 984 1771 εἰσάγει

192 1786 238 1814 τδν
253 1786 342 1821 λόγον.

478 1853 606 1880 ΚΕΦΑΛ.
628 1852 677 1880 ΙΔ’.

233 1926 263 1954 '0
275 1927 370 1959 εἰπὼν,
385 1926 535 1961 Μακάριος
560 1925 645 1958 ὅστις
658 1924 782 1959 φάγεται
804 1924 930 1958 ἄριστον
949 1923 984 1950 ἐν

192 1971 230 2006 τῇ
242 1971 389 2004 βασιλείᾳ
403 1969 463 1997 τῶν
479 1970 628 2005 cupa-rubr,
645 1970 675 1996 οὗ
689 1969 791 1999 τέλειος
809 1966 857 2003 ἦν·
873 1967 984 2002 ἐνόμιζε

191 2020 246 2054 γὰρ
262 2017 422 2053 σωματικὴν
437 2016 538 2052 βρῶσιν
552 2014 622 2043 εἰναι
633 2016 662 2042 ὲν
677 2015 716 2050 τῷ
729 2014 848 2051 οὐρανῷ.

227 2063 274 2095 Τὸ,
289 2063 458 2098 Ἄνθρωπός
468 2070 513 2094 τις
529 2061 655 2095 ἐποίησε
668 2059 803 2093 δεῖπνον,
829 2060 982 2096 ἄνθρωπον,

192 2108 240 2135 τὸν
254 2108 321 2134 Θεδν
336 2108 384 2134 καὶ
399 2106 511 2142 Πατέρα
526 2106 615 2140 λέγει·
632 2106 662 2132 αἰ
673 2105 728 2141 γὰρ
743 2105 849 2137 εἰκόνες
862 2105 918 2132 τῶν
931 2113 984 2132 πα-

195 2154 328 2190 ραϐολῶν,
350 2153 514 2181 πλάττουσιν
541 2151 670 2188 ἀλήθειαν
683 2159 689 2166 ·
705 2151 756 2178 οὐκ
770 2151 852 2178 αὑταὶ
868 2150 897 2178 δὲ
917 2150 984 2178 πάν-

192 2209 248 2233 τως
262 2200 331 2227 εἰσὶν
341 2199 477 2236 ἀλήθειαι.
496 2198 634 2230 Δεῖπνον,
660 2197 737 2233 φησὶ,
753 2198 915 2233 πεποίηκεν,
932 2197 983 2224 οὐκ

193 2247 323 2282 ᾱριστονυ
345 2246 392 2273 ἐπὶ
413 2245 468 2280 γὰρ
488 2245 629 2280 συντελείᾳ
645 2244 676 2271 τδ
690 2244 808 2279 Χριστοῦ
833 2244 918 2276 πάθος
933 2244 984 2279 τὴν

195 2291 390 2327 οἰκουμενικὴν
417 2290 582 2325 πανήγυριν,
613 2289 760 2316 Ἐκὰλεσε
782 2289 812 2316 δὲ
834 2287 980 2337 πολλοὺς,
999 2310 1021 2337 D

192 2337 228 2365 τὰ
249 2337 337 2373 πλήθη
349 2337 404 2364 τῶν
431 2336 578 2364 Ἰουδαίων.
597 2335 645 2367 Τίς
665 2335 694 2362 δὲ
706 2336 720 2362 6
735 2334 940 2369 ἀπεσταλμένος
953 2334 982 2361 ὃν

194 2383 241 2411 καὶ
264 2382 358 2410 Boi-16v
377 2390 477 2418 φησιν;
497 2382 586 2414 Δῦτδς
602 2383 617 2409 6
630 2381 748 2416 Χριστὸς
763 2381 808 2408 διὰ
828 2380 878 2415 τὴν
894 2380 986 2415 σάρκα

195 2428 304 2465 μορφὴν
320 2428 415 2456 δούλου
435 2427 561 2455 ἀνέλαϐε.
578 2427 612 2454 Τί
622 2427 651 2454 δὲ
666 2427 800 2462 ἡτοίμασε
811 2428 869 2459 τοῖς
885 2425 985 2462 κεκλη-

195 2475 304 2510 μένοιςς
328 2474 486 2510 ’Δμαρτιῶν
508 2474 617 2508 ἄφεσιν,
633 2473 772 2505 υἱοθεσίας
791 2472 983 2508 λαμπρότητα.

193 2521 231 2548 Τὸ
249 2521 289 2554 δὲ,
313 2520 458 2555 Ἤρξαντο
482 2520 542 2547 ἀπὸ
564 2518 637 2554 μιᾶς
661 2519 880 2553 παραιτεῖσθαι,
907 2517 986 2545 τοῦτό

193 2567 263 2598 ἐστι,
281 2566 312 2593 τὸ
325 2566 355 2599 ἐξ
377 2566 436 2597 ἐνὸς
454 2565 625 2601 συνθήματος
648 2565 751 2601 μηδένα
769 2565 849 2600 λόγον
867 2573 984 2600 ποιησαι

195 2612 292 2647 μένους
303 2612 353 2646 τῆς
368 2612 501 2646 κλήσεως,
518 2611 711 2647 γεωδεστέροις
722 2611 859 2644 ἀσυνέτως
873 2619 985 2647 προσνε-

181 2657 336 2707 ὶνευκότες·
352 2658 500 2693 κέκληνται
512 2657 541 2684 δὲ
557 2657 615 2684 ἀντ’
633 2658 748 2684 ἐκείνων
759 2658 783 2684 οἰ
795 2658 836 2689 εἰς
849 2658 898 2689 τὰς
916 2658 985 2685 πλαο

193 2706 269 2736 τείας
280 2704 327 2731 καὶ
343 2705 392 2736 τὰς
411 2704 512 2739 ῥύμας,
529 2703 555 2731 οἱ
570 2705 603 2731 ἐκ
621 2703 672 2739 τῆς
693 2703 842 2739 Ἰουδαϊκῆς
865 2704 985 2740 πληθύος

193 2750 294 2786 ἀσθενῆ
306 2758 335 2777 τε
350 2750 397 2776 καὶ
411 2750 511 2785 ἀγεννῆ
528 2750 577 2785 τὴν
591 2750 711 2777 διάνοιαν
725 2750 777 2781 ἕως
789 2750 862 2782 τινδς
874 2750 985 2786 ἔχοντες

195 2798 242 2824 καὶ
259 2797 366 2832 ἀφεγγῆ
381 2798 430 2824 καὶ
442 2796 616 2833 χωλεύουσαν
626 2803 634 2813 θ
646 2797 733 2830 ὑγιεῖς
749 2795 778 2824 δὲ
790 2797 836 2824 καὶ
850 2796 985 2832 εὔρωστοι

194 2841 239 2869 διὰ
257 2843 305 2877 τῆς
327 2843 367 2874 εἱς
391 2843 510 2877 Χριστὸν
537 2843 665 2875 πίστεως.
682 2843 719 2870 Τὸ
740 2843 777 2876 δὲ,
805 2844 867 2871 Ἔτι
893 2846 985 2879 τόπος

195 2888 272 2921 ἐστὶ,
288 2889 360 2923 λέγει
387 2890 432 2916 τὸν
447 2891 672 2926 δειπνοκλήτορα,
690 2890 733 2918 διὰ
745 2892 806 2923 τοὺς
822 2892 982 2927 ἀγροικοτέ-

198 2943 260 2970 ρους
276 2935 350 2971 Mm
363 2937 453 2972 πάντη
469 2938 516 2965 καὶ
532 2939 743 2974 κτηνοπρεπεῐς.

1034 321 1137 349 autem,
1155 317 1243 345 Filius
1267 316 1314 344 Dei
1342 317 1375 345 ad
1401 316 1580 344 laborandam
1599 320 1626 344 ct
1645 316 1831 344 mundandam

1035 364 1141 391 vincam
1157 364 1280 396 veniens,
1298 362 1369 391 Deus
1383 368 1474 391 autem
1494 362 1575 390 Pater
1587 367 1614 390 et
1630 362 1729 390 domus
1740 362 1831 390 domi-

1034 417 1098 441 nus.
1119 409 1164 437 ille
1183 414 1224 438 est
1241 410 1287 446 qui
1309 409 1389 445 jubet
1406 410 1487 438 ticum
1515 414 1546 436 ut
1569 409 1689 437 sterilem
1705 409 1824 437 succidi.

1034 454 1144 482 Dimitte
1163 454 1241 482 illaut
1265 459 1291 482 et
1312 455 1361 481 hoc
1383 463 1463 487 anno,
1491 454 1604 487 dicitur,
1626 462 1675 489 per
1698 454 1782 488 legem
1803 459 1831 481 ct

1033 500 1181 535 prophetas
1203 508 1258 528 non
1283 501 1411 528 meliores
1427 499 1516 528 eﬂ‘ccti
1537 504 1613 533 sunt,
1631 504 1658 527 et
1678 500 1746 526 meis
1770 499 1830 526 sine

1034 544 1118 580 rigari
1131 545 1275 578 doctrinis,
1293 545 1430 581 siquidem
1441 544 1544 572 bonum
1557 544 1675 572 fecerint
1689 544 1807 572 I‘ructnm
1820 552 1828 577 ;

1036 591 1079 619 sin
1092 595 1196 624 autem,
1213 592 1241 619 in
1259 591 1383 620 futurum
1398 590 1536 622 succides.
1550 591 1577 618 in
1588 597 1746 625 sequentem
1763 596 1830 616 ann-

1035 641 1088 664 tem
1111 638 1183 665 etin
1205 637 1352 671 judicium.
1368 637 1460 665 Prima
1485 642 1575 665 autem
1595 642 1638 665 est
1661 638 1827 672 reprobatio,

1035 692 1097 719 quae
1123 684 1150 712 in
1181 684 1335 718 Paradiso;
1357 683 1489 716 secunda,
1512 691 1574 718 qum
1599 684 1626 710 in
1655 684 1727 717 lege;
1751 683 1829 710 tertia

1035 738 1110 764 vero,
1127 738 1187 766 qua:
1201 731 1232 758 in
1242 730 1340 766 gratia.

1072 867 1156 895 Vens.
1179 868 1224 896 ll.
1245 867 1313 901 Qua:
1343 867 1376 895 ad
1400 873 1500 895 terram
1519 868 1651 895 inclinata
1677 872 1745 900 erat,
1778 869 1831 896 hoe

1036 914 1192 950 patiebatur
1208 922 1241 942 ex
1264 913 1373 941 Satanae
1388 914 1563 946 crudelitate,
1582 919 1713 949 tauquam
1739 922 1754 941 a
1773 914 1829 942 Deo

1002 963 1021 991 Β
1036 960 1166 987 derelicta
1185 964 1297 995 propter
1317 968 1381 988 suas
1397 960 1490 995 culpas
1501 960 1652 987 evidenter.

1072 1005 1158 1034 Vens.
1174 1005 1220 1034 51.
1238 1005 1289 1032 Exi
1302 1011 1326 1033 et
1339 1006 1403 1033 vade
1420 1006 1490 1037 hinc,
1509 1013 1570 1041 qua:
1586 1006 1715 1033 dicuntur
1731 1014 1746 1032 a
1758 1006 1829 1033 Pha-

1037 1051 1136 1083 rismis,
1161 1059 1193 1079 ex
1229 1051 1331 1079 invidia
1354 1052 1506 1087 prodeunt;
1529 1059 1582 1078 non
1603 1052 1675 1079 enim
1700 1052 1828 1079 volebant

1035 1097 1160 1125 eminere
1184 1097 1342 1133 quospiam,
1359 1105 1410 1125 nec
1426 1097 1518 1124 divina
1537 1096 1614 1132 signa
1640 1097 1744 1129 facere,
1763 1105 1828 1133 pro-

1036 1147 1097 1178 pter
1108 1142 1250 1170 invidiam.
1267 1142 1337 1170 Cum
1355 1148 1447 1171 autem
1467 1142 1562 1170 dicunt
1578 1152 1584 1170 :
1599 1143 1717 1170 Herodes
1735 1143 1789 1170 vult
1805 1149 1829 1171 te

1037 1189 1174 1221 occidere,-
1190 1197 1238 1225 pcr
1258 1194 1422 1225 przetcxtum
1442 1189 1538 1217 dicunt
1552 1193 1580 1217 et
1605 1190 1744 1217 timorem.
1765 1190 1828 1217 ldco

1036 1243 1208 1270 cognoscens
1222 1235 1268 1262 ille
1280 1235 1329 1263 hos
1345 1235 1466 1268 mentiri,
1481 1235 1547 1263 dicit
1563 1244 1570 1262 :
1589 1235 1674 1262 Dicite
1685 1236 1756 1271 vulpi
1773 1236 1828 1262 isti.

1036 1280 1154 1315 Quidam
1170 1285 1336 1317 putaverunt
1350 1288 1399 1316 per
1410 1281 1518 1316 vulpem
1529 1281 1662 1309 Herodem
1673 1281 1828 1318 designari;

1037 1335 1092 1354 non
1109 1331 1200 1355 autem
1220 1328 1260 1355 sic
1277 1335 1306 1355 se
1329 1328 1429 1361 habet;
1444 1327 1491 1356 sed
1508 1327 1615 1363 vulpem
1640 1327 1707 1356 dicit
1732 1336 1828 1356 eorum

1036 1373 1167 1401 astutiam
1187 1378 1213 1401 et
1227 1374 1370 1409 ineptiam,
1385 1374 1539 1402 rectissime
1559 1375 1686 1409 proximo
1704 1382 1770 1402 usus
1781 1384 1829 1402 vo-

1037 1418 1146 1449 cabulo,
1169 1426 1222 1445 non
1239 1419 1311 1446 enim
1331 1418 1400 1446 dicit
1424 1419 1498 1454 vulpi
1517 1419 1567 1451 illi,
1582 1419 1630 1447 sed
1650 1420 1706 1446 isti.
1728 1419 1830 1456 Objur-

1036 1471 1105 1498 guns
1116 1471 1182 1491 vero
1195 1463 1269 1496 illos,
1285 1463 1379 1491 addit:
1399 1463 1464 1491 Ecce
1475 1465 1552 1498 ejicio
1563 1465 1695 1492 dteutonia
1712 1469 1737 1492 et
1753 1465 1828 1492 sani-

1037 1514 1104 1536 tates
1115 1510 1235 1544 perﬁcio;
1246 1510 1371 1542 dicendo.
1385 1510 1570 1543 Consummor,
1580 1515 1692 1538 mortem
1703 1519 1780 1538 suum
1791 1511 1827 1538 in-

1037 1556 1107 1589 nuit,
1123 1560 1150 1583 et
1167 1556 1240 1591 quod
1255 1556 1342 1584 libens
1359 1557 1487 1588 moritur,
1502 1562 1529 1585 et
1544 1557 1618 1592 quod
1638 1565 1725 1592 neque
1742 1556 1828 1584 Hero-

1036 1602 1086 1629 des
1099 1610 1187 1638 neque
1196 1603 1252 1638 ipsi.
1262 1608 1325 1631 ante
1336 1608 1444 1638 tempus
1457 1604 1595 1639 quoddam
1608 1603 1696 1631 facere
1709 1603 1826 1639 possint.

998 1632 1019 1662 θ
1072 1632 1156 1676 Vens.
1173 1632 1218 1676 55-.
1239 1632 1301 1676 lVon
1319 1632 1560 1685 capit-prophetam
1582 1651 1667 1685 perire
1685 1632 1762 1678 cetra
1778 1649 1826 1677 Je-

1037 1694 1165 1727 rusalem,
1191 1695 1224 1723 de
1244 1703 1274 1723 se
1296 1695 1373 1729 dicit,
1391 1702 1521 1732 tanquam
1543 1697 1746 1724 accusationem
1765 1704 1828 1724 ver-

1036 1738 1101 1765 hum
1119 1738 1191 1766 istud
1204 1739 1350 1775 adjicicns.

1327 1804 1443 1834 CAPUT
1463 1804 1535 1834 XIV.

1072 1878 1155 1906 Vens.
1175 1878 1217 1906 l5.
1234 1878 1287 1912 Qui
1299 1878 1368 1907 dicit
1388 1889 1395 1907 :
1412 1878 1511 1908 Beatus
1526 1880 1573 1916 qui
1591 1880 1763 1907 manducabit
1781 1889 1830 1916 pa-

1036 1933 1095 1952 rtem
1110 1926 1137 1952 in
1153 1934 1230 1960 regno
1248 1927 1386 1959 cartorum,
1405 1934 1459 1954 non
1479 1930 1552 1954 recte
1563 1926 1696 1962 loquitur;
1716 1927 1830 1962 putabat

1034 1971 1107 1997 enim
1124 1972 1293 2005 corporalem
1307 1979 1398 1998 escam
1421 1980 1482 2000 esse
1501 1973 1526 1999 in
1539 1973 1619 2000 caelo.

1071 2014 1155 2042 Vens.
1169 2016 1195 2042 6.
1207 2016 1294 2043 Homo
1307 2018 1416 2051 quidam
1428 2017 1489 2051 fecit
1501 2026 1613 2045 canam.
1624 2017 1675 2046 Per
1688 2017 1827 2045 hominem

1036 2059 1108 2087 Deus
1139 2061 1217 2088 Pater
1238 2062 1412 2096 designatur;
1431 2063 1524 2096 ﬁgura:
1541 2063 1614 2090 enim
1633 2062 1827 2098 parabolarum

1036 2113 1132 2133 verum
1156 2106 1277 2141 tingunt;
1295 2107 1340 2134 illa
1356 2112 1446 2134 autent
1468 2117 1523 2135 non
1538 2109 1652 2136 omnino
1668 2113 1732 2136 sunt
1751 2117 1826 2138 vera.

1036 2149 1145 2177 Certant
1164 2151 1242 2182 dicit,
1269 2159 1321 2178 non
1348 2151 1505 2186 prandium,
1522 2153 1549 2180 id
1569 2157 1622 2185 est,
1649 2153 1676 2180 in
1696 2161 1828 2181 consum-

1036 2197 1156 2224 matione
1177 2205 1225 2233 per
1237 2197 1340 2226 Cluisti
1363 2199 1519 2235 passionem
1543 2199 1619 2227 orbis
1635 2200 1827 2235 congregatio-

1036 2250 1110 2270 nem.
1128 2242 1235 2270 Vocavit
1251 2244 1359 2275 multos,
1375 2244 1576 2273 multitudinem
1593 2253 1691 2281 nempe
1715 2245 1826 2273 Judch-

1036 2296 1110 2316 rum.
1127 2288 1196 2322 Quis
1221 2297 1285 2318 vero
1306 2291 1409 2318 missus
1437 2290 1482 2317 ille
1503 2299 1584 2326 quem
1606 2299 1716 2320 servum
1741 2292 1828 2319 dicit?

1037 2334 1164 2364 Christus
1181 2335 1240 2370 ipse
1260 2336 1307 2371 qui
1329 2345 1376 2371 per
1398 2344 1508 2364 carnem
1526 2337 1642 2365 formam
1661 2337 1733 2366 servi
1750 2346 1829 2366 acce-

1036 2381 1085 2416 pit.
1104 2381 1174 2415 Quid
1196 2383 1302 2417 paravit
1323 2383 1467 2410 invitatis?
1482 2389 1658 2420 peccatorum
1684 2385 1829 2413 remissio-

1036 2436 1111 2462 nem,
1122 2429 1280 2465 adoptionis
1293 2430 1515 2466 prmrogativam.
1529 2431 1668 2466 Coeperunt
1684 2432 1764 2460 simul
1781 2440 1828 2459 ea:-

1035 2483 1147 2509 cusare;
1159 2475 1184 2502 id
1198 2480 1241 2504 est
1254 2484 1307 2503 una
1318 2476 1512 2505 convenientes
1529 2483 1558 2504 ut
1571 2478 1673 2506 nullius
1690 2478 1828 2506 invitatio-

1037 2528 1098 2548 nem
1115 2521 1246 2554 lacercnt,
1263 2522 1482 2550 terrestrioribus
1499 2523 1688 2558 imprudenter
1704 2532 1734 2553 se
1746 2524 1827 2551 dedc-

1038 2572 1110 2595 runt.
1127 2567 1236 2595 Invitati
1259 2573 1324 2596 sunt
1342 2575 1433 2596 autem
1461 2577 1510 2604 pro
1538 2570 1592 2598 illis
1617 2570 1664 2605 qui
1682 2570 1709 2597 in
1727 2571 1826 2606 plateis

1036 2618 1062 2640 et
1076 2614 1144 2640 vicis
1162 2618 1251 2646 erant,
1274 2614 1321 2649 qui
1336 2622 1351 2642 c
1364 2614 1480 2642 Judaica
1501 2614 1676 2642 multitudine
1698 2615 1827 2648 debilem.

1036 2665 1063 2687 et
1080 2660 1239 2696 ignobilem,
1256 2665 1283 2688 et
1307 2661 1465 2694 obscuram,
1482 2666 1509 2688 et
1531 2661 1656 2689 claudam
1673 2662 1827 2696 usquedum

1038 2706 1243 2742 intelligentiam
1266 2707 1430 2735 habuerant.
1456 2707 1520 2734 Sani
1542 2713 1632 2737 autem
1661 2713 1688 2735 ct
1706 2709 1828 2736 valentes

1038 2760 1086 2786 per
1099 2753 1179 2781 [idem
1196 2753 1223 2780 in
1242 2753 1382 2781 Christum
1396 2752 1461 2782 facti
1476 2758 1550 2780 sunt.
1568 2753 1633 2786 Sed,
1645 2754 1732 2783 adhuc
1751 2753 1825 2780 locus

1037 2803 1085 2832 est,
1107 2799 1174 2827 dicit
1188 2807 1285 2827 servus
1298 2799 1329 2826 ad
1360 2799 1532 2826 invitandum
1555 2799 1667 2834 missus,
1692 2799 1726 2827 ob
1745 2799 1828 2828 rusti—

1037 2846 1126 2874 ciorcs
1139 2850 1166 2875 ct
1177 2846 1308 2881 jnmcntis
1320 2851 1398 2882 aptos
1414 2847 1449 2874 ita
1470 2847 1587 2875 locutus.
