2075 3157
196 221 269 256 1209

747 219 909 251 SCHOLIA
925 219 1073 250 VETEllA
1090 221 1131 252 IN
1148 221 1290 252 LUCAM.

1753 221 1823 256 1210

229 277 284 305 Τοῦ
299 275 449 312 Φαρισαίου
464 275 511 302 καὶ
523 274 570 302 τοῦ
589 274 709 302 τελώνου
724 274 741 309 ἡ
755 273 897 309 παραϐολὴ
914 273 980 300 ὑπο-

1069 274 1152 302 Vsns.
1171 274 1355 303 l0.i’haris:ni
1372 278 1399 303 et
1408 274 1545 310 publicani
1561 275 1689 310 parabola
1705 279 1824 306 ostendit

191 323 328 351 δείκνυσιν
344 322 385 349 ὅτι
404 321 592 356 ἐπιστημόνως
605 320 646 347 δεῖ
660 319 878 356 προσεύχεσθαι·
895 317 980 345 πολλὰ

193 366 248 401 γὰρ
271 365 354 393 αὑτοῦ
379 365 414 392 τὰ
439 364 608 400 ἐγκλήματα.
637 364 793 400 Ἐθαύμασε
820 363 875 398 γὰρ
898 362 981 394 αὐτὸς

193 412 285 443 αὑτὸν,
297 411 346 438 καὶ
365 410 479 442 πολλοὺς
495 410 604 446 ἐτέρους
619 410 668 437 σὺν
678 410 716 445 τῷ
732 409 838 446 τελώνῃ
851 409 980 444 κατέκρι-

193 466 248 484 νεν.
268 455 381 492 ’Δληθὶς
401 454 448 483 οὖν
467 455 499 482 τδ
515 455 709 491 γεγραμμένον
722 455 814 491 ῥητὸν,
834 456 876 482 ὅτι
894 455 981 481 Ἔστι

192 503 308 536 δίκαιος
320 501 533 536 ἀπολλύμενος
544 501 578 528 ἐν·
590 501 695 535 δικαΙῳ
710 502 814 529 αὑτοῦ.

229 547 290 575 ὀτι
305 547 362 579 πῶς
377 547 391 574 6
409 547 459 582 μὶν
471 547 617 583 Φαρισαῖος
632 547 912 583 μγαλορῤημονήσας
934 547 982 574 ἐπὶ

192 595 249 626 τοῖς
272 594 382 625 οἰκείοις
408 593 575 628 δικαιώμασι
598 593 808 628 κατακέκριται,
832 594 848 620 6
865 593 894 620 δὲ
919 593 981 620 Ἰὼϐ

193 640 242 667 ἐπὶ
255 640 341 674 τούτῳ
357 640 430 675 αὗτῷ
445 640 545 675 μᾶλλον
558 641 605 668 καὶ
617 640 809 674 διδικαίωται;
829 640 890 668 Ὅτι
904 637 982 673 οὗτος

194 683 246 719 μὲν
272 683 384 719 μηδενὸς
404 683 612 716 ἀντιπίπτοντος
642 684 691 711 καὶ
722 684 935 720 παρακινοῦντος
963 685 980 720 ῆ

192 729 375 766 ἐρεθίζοντος,
396 730 646 766 μεγαλορῤημονεῖ·
665 731 679 757 6
693 731 722 757 δὲ
737 732 766 757 έν
788 730 838 765 μὲν
852 731 892 766 τῷ
906 731 982 758 εὐδο-

192 776 299 810 κιμεῖν,
323 775 439 810 ῑκρυὸεν
462 775 575 802 ἑαυτόν·
592 777 621 802 ὲν
646 775 675 802 δὲ
703 776 741 810 τῷ
767 776 981 812 κατηγορεῖσθαι

192 821 246 848 ὑπὸ
263 820 310 848 τοῦ
333 820 447 856 Ἐλιφὰζ
466 820 483 856 ἢ
499 821 547 847 τοῦ
566 821 699 853 διαϐόλου,
713 821 861 849 ἀποδύεται
876 822 910 849 τὰ
920 822 981 848 tm—

192 867 330 902 φερόμενα
346 866 517 902 ιγκλήματα.
534 867 608 902 (Τοῦ
621 867 863 901 Πηλουσιὼτου.)

228 913 290 939 Ὀτι
304 912 379 946 λέγει
389 913 403 939 6
411 912 619 948 εὐαγγελιστὴς,
626 913 666 940 ὅτι
679 913 774 940 οὐδὲν
784 914 897 942 τούτων
905 923 981 941 συν-

192 957 283 993 ῆκαν,
296 958 366 985 ἀλλ’
382 956 420 993 ἦν
433 957 521 986 τοῦτο
541 959 574 986 τὸ
585 959 670 994 ῥῆμα
698 960 908 994 κεκριιμμένον
929 961 980 988 ἀπ’

191 1003 301 1036 αὐτῶν,
316 1003 401 1040 ἡγουν
421 1003 485 1040 περὶ
500 1003 549 1039 τῆς
560 1004 745 1036 ἀναστάσεως.
760 1004 810 1030 Διὰ
819 1004 981 1040 τί;Ὲπειδὴ

191 1049 298 1076 οὐδέπω
326 1049 437 1084 ᾔδεισαν
461 1049 584 1084 ἀκριϐῶς
607 1049 641 1076 τὰ
658 1050 733 1085 παρὰ
755 1050 810 1076 τῶν
833 1050 981 1085 προφητῶν

191 1095 235 1122 ἐπ’
248 1095 322 1130 αὑτῷ
337 1095 484 1131 λεγόμενα,
498 1095 535 1126 ὼς
548 1095 644 1127 ἁλιεῖς.

227 1142 289 1169 Ὀτι
304 1143 318 1169 6
329 1142 430 1177 τυφλὸς
454 1141 562 1169 ἁκούων
583 1141 638 1168 τῶν
659 1141 786 1177 Γραφῶν,
802 1142 850 1168 καὶ
865 1142 919 1169 ἀπὸ
933 1141 981 1169 τοῦ

191 1189 273 1216 Δασὶδ
296 1189 343 1215 καὶ
363 1188 430 1215 Θεὸν
451 1187 526 1224 εῖχεν
545 1188 636 1220 αὐτὸν,
662 1189 709 1215 καὶ
739 1188 981 1224 ὲπιστομιζόμενος

191 1235 242 1262 οὐκ
258 1235 375 1261 ἕπαυεν-
392 1234 452 1261 ὅθεν
468 1236 515 1261 καὶ
532 1234 643 1261 ἀκούει’
667 1234 702 1261 Ἠ
724 1234 826 1266 πίστις
847 1241 906 1261 σου
930 1233 981 1260 σέ-

191 1282 272 1310 σωκέ
287 1290 339 1308 σε·
353 1280 450 1316 ἀφίησι
465 1280 493 1307 δὲ
507 1281 587 1307 αὑτὸν
601 1280 694 1307 λαλεῖν
714 1280 762 1306 καὶ
777 1279 852 1315 βοᾷν,
865 1279 915 1315 τὴν
934 1279 981 1306 πί-

192 1338 252 1356 στιν
266 1328 349 1356 αὐτοῦ
366 1327 497 1355 δεικνύων
511 1328 567 1358 τοῖς
582 1326 662 1353 συνοῦ
668 1335 720 1354 σιν.

228 1375 290 1402 Ὀτι
314 1374 373 1409 φῶς
396 1373 507 1407 γέγονεν
528 1373 545 1408 ὴ
568 1373 644 1407 φωνὴ
659 1371 698 1408 τῷ
717 1372 827 1408 τυφλῷ·
843 1373 876 1399 ὲκ
892 1372 982 1406 φωτὸς

191 1421 246 1457 γὰρ
265 1417 299 1455 ἧν
323 1420 339 1447 6
353 1419 431 1454 λόγος
453 1418 599 1453 ἀληθινοῦ·
620 1415 699 1450 οὗτος
724 1418 809 1449 ἰαθεὶς
839 1418 982 1452 ἠκολούθει

192 1465 274 1501 αὐτῷ.

475 1510 603 1538 ΚΕΦΔΔ.
628 1509 679 1537 ΙΘ’.

228 1565 277 1592 Διὰ
291 1565 317 1592 τί
336 1566 351 1592 6
364 1565 498 1600 Ζακχαῖος
523 1565 537 1591 6
550 1563 670 1599 τελώνης
693 1563 896 1599 ὑποδεξάμενος
912 1564 981 1599 Χρι-

1035 325 1160 355 oportere
1190 321 1308 349 scienter
1329 329 1419 349 orare.
1440 321 1523 348 Multa
1544 322 1617 348 enim
1646 322 1720 350 illius
1745 329 1824 351 erant

1035 371 1162 402 peccata:
1178 367 1299 402 seipsum
1313 367 1513 400 admirabatur,
1530 371 1558 395 et
1580 367 1683 396 mullos
1708 374 1824 397 ceteros

1033 421 1095 441 cum
1110 413 1256 448 publicano
1263 414 1472 441 condemnabat.
1489 413 1590 441 Verum
1603 414 1686 449 igitur
1694 419 1735 442 est
1750 415 1823 449 quod

1034 459 1166 494 scriptum
1182 464 1224 487 est
1242 461 1376 491 verbum,
1396 458 1490 486 Justus
1509 459 1577 493 perit
1592 459 1619 485 in
1630 459 1735 493 iustitia
1762 467 1823 486 sua.

1075 549 1154 577 Vens.
1166 549 1210 576 14.
1221 549 1366 583 Quomodo
1378 548 1534 577 Phan-imus
1542 548 1651 584 quidem
1661 549 1823 584 superbiens

1034 593 1061 621 in
1074 594 1193 629 propriis
1204 594 1319 629 justitiis
1335 594 1546 626 condemnatur,
1562 593 1614 621 Job
1626 598 1717 621 autem
1735 595 1762 622 in
1773 602 1822 621 eo.-

1032 639 1093 667 dem
1102 639 1190 672 magis
1199 638 1379 674 iustiﬁcatur?
1389 639 1458 672 Quia
1469 639 1514 666 ille
1525 638 1634 673 quidem
1645 639 1753 666 nemine
1761 645 1824 665 con-

1032 685 1185 712 tradicente
1207 684 1249 712 vel
1258 685 1386 711 turbante
1399 688 1445 712 aut
1459 684 1608 716 excitante,
1624 684 1762 719 superbit;
1778 683 1824 710 hic

1033 737 1097 757 vero
1114 737 1176 756 cum
1189 729 1315 757 laudatur
1333 737 1363 757 se
1373 730 1533 763 abscondit;
1546 733 1573 756 et
1594 737 1656 757 cum
1670 733 1818 757 accusatur

1033 776 1067 803 ab
1076 776 1189 811 Eliphaz
1201 776 1242 803 vel
1257 783 1273 803 a
1282 775 1403 808 diabolo,
1419 775 1496 803 illata
1508 775 1622 803 crimina
1637 775 1753 810 repellit.
1764 774 1822 810 (Ita

1033 821 1196 856 Pelusium.)

1068 911 1151 940 Vsus.
1168 912 1213 940 δι.
1231 912 1301 939 Dicit
1319 911 1485 947 evangelista
1501 919 1509 939 :
1528 911 1606 939 Nihil
1624 911 1719 938 horum
1742 911 1823 939 inut-

997 943 1019 973 Β
1032 959 1164 990 (exerunt,
1179 957 1224 985 sed
1237 962 1293 984 erat
1309 943 1414 984 verbm—ﬂ
1429 957 1501 984 istud
1522 957 1708 984 absconditum
1724 958 1755 984 ab
1771 958 1823 984 eis.

1034 1004 1062 1031 Id
1083 1009 1135 1036 est,
1151 1004 1184 1030 de
1199 1003 1518 1038 resurrectiongquare?
1530 1002 1599 1036 Quia
1615 1003 1734 1030 nondum
1750 1008 1823 1030 recte

1033 1050 1156 1078 sciebant
1181 1057 1242 1084 quae
1267 1049 1301 1077 de
1314 1049 1369 1084 [illo
1387 1055 1403 1075 a
1423 1048 1564 1083 prophetis
1587 1047 1759 1080 dicebautur,
1777 1051 1822 1074 ut-

1033 1099 1097 1131 pote
1116 1095 1278 1130 piscatores.

1067 1141 1151 1169 Vsns.
1167 1141 1212 1168 55.
1228 1140 1322 1168 Caecus
1338 1140 1453 1168 audiens
1466 1139 1631 1175 Scripturas,
1645 1138 1721 1165 illum
1734 1143 1762 1165 ut
1777 1137 1822 1165 Fi-

1032 1185 1098 1213 lium
1109 1185 1193 1212 David
1205 1189 1231 1212 et
1243 1184 1328 1212 Deum
1337 1184 1442 1218 habuit,
1453 1189 1480 1212 et
1493 1185 1612 1211 clamare
1627 1191 1680 1210 non
1691 1183 1822 1210 cessavit.

1032 1229 1110 1258 Unde
1120 1230 1205 1264 audit,
1218 1229 1299 1258 Fides
1311 1237 1358 1258 tua
1372 1237 1395 1258 ιε
1406 1231 1508 1258 salvum
1518 1230 1591 1265 Ιεοὶι.
1611 1230 1682 1256 Siuit
1698 1237 1759 1256 eum
1771 1237 1821 1255 au-

1033 1282 1086 1304 tem
1106 1277 1180 1312 loqui
1193 1281 1220 1305 et
1232 1278 1362 1310 clamare,
1378 1283 1407 1305 ut
1421 1277 1546 1305 ostendat
1567 1276 1748 1312 praesentibus
1761 1275 1823 1310 eius

1032 1323 1112 1351 tidem
1117 1343 1125 1350 .

1067 1367 1151 1396 Vens.
1161 1367 1205 1396 ﬂ.
1216 1367 1276 1395 Lux
1291 1367 1360 1395 facta
1371 1371 1413 1395 est
1428 1375 1478 1394 vos
1491 1374 1541 1394 sua
1554 1374 1637 1399 careo,
1647 1374 1662 1394 e
1673 1366 1734 1394 luce
1747 1366 1821 1393 enim

1031 1419 1090 1443 erat
1103 1414 1227 1442 veritatis
1240 1422 1342 1442 sermo.
1359 1414 1412 1441 Iste
1426 1418 1539 1441 sanatus
1559 1413 1726 1448 sequebatur
1742 1419 1819 1438 cum.

1326 1504 1443 1533 CAPUT
1459 1504 1532 1531 XIX.

1069 1559 1152 1588 Vsus.
1168 1561 1196 1588 8.
1214 1559 1270 1588 Cur
1287 1559 1421 1587 Zachaus
1436 1558 1600 1594 publicanus
1617 1556 1663 1593 qui
1680 1556 1821 1585 Christum

193 1612 265 1642 στὸν,
286 1612 341 1642 τοῖς
363 1610 539 1645 ἠδικημένοις
554 1609 723 1645 τετραπλοῦν
742 1609 883 1642 distantia;
902 1610 980 1636 Κατὰ

1034 1606 1148 1641 excepit,
1174 1605 1217 1632 his
1239 1612 1309 1639 quos
1328 1603 1501 1632 deiraudavit
1521 1602 1703 1637 quadruplum
1715 1600 1819 1628 reddit?

192 1656 238 1683 τὸν
251 1657 333 1691 νὸμον
349 1656 428 1683 τοῦτο
442 1655 589 1691 πεποίηκε,
610 1655 658 1682 τὸν
670 1654 817 1682 κελεύοντα
839 1655 901 1681 ἀντὶ
921 1654 981 1686 ἑνὸς

193 1704 312 1737 τέσσαρα
347 1701 471 1737 πρόὃατα
493 1700 675 1728 ἀποτιννὺειν.
710 1700 741 1728 ὐ
772 1701 821 1735 μὲν
846 1701 981 1736 Ζακχαῖος

193 1748 298 1782 ἀγνοῶν
317 1747 331 1773 6
346 1746 443 1779 ἐποίει,
464 1746 559 1782 θερμῷ
582 1746 656 1781 ζήλῳ
682 1745 834 1781 φερόμενος
852 1746 899 1773 καὶ
915 1745 981 1780 θείῳ

194 1794 276 1830 ιρωτι
300 1793 475 1828 φλεγόμενος,
492 1793 538 1819 ἐπὶ
563 1793 733 1828 συκομορέαν
748 1792 909 1828 ἁνέτρεχεν’
925 1793 940 1819 6
953 1792 982 1819 δέ

193 1847 225 1874 γε
244 1839 348 1874 Κύριος
363 1839 494 1874 μυστικόν
511 1848 536 1865 τι
553 1838 707 1875 θεωρήσας,
726 1839 821 1873 ἔλεγε·
839 1837 982 1873 Ita-.46th

195 1885 331 1917 ἐντεῦθεν,
350 1884 485 1919 κατάϐηθι
500 1884 554 1911 ἁπδ
568 1885 617 1919 τῆς
646 1884 816 1920 ουκομορέας
826 1892 833 1899 ·
847 1884 982 1919 μνήσθητι

194 1925 236 1955 ὃτί
245 1930 260 1956 6
275 1928 361 1963 Ἀδὰμ
369 1928 536 1963 γυμνωθεὶς,
550 1929 602 1954 ὑπ’,
609 1929 658 1963 τὴν
672 1929 758 1963 συκῆν
769 1928 936 1964 ικρὺπτιτον
950 1928 982 1954 σὺ

196 1974 280 2001 θέλων
297 1973 429 2009 σωθῆναι,
454 1974 500 2000 ἐπὶ
526 1974 612 2008 συκῆν
635 1974 673 2008 μὴ
701 1974 854 2008 ἀνάτρεχε·
882 1974 924 2001 δεῖ
949 1982 983 2008 με

194 2020 274 2047 τοῦτο
300 2019 332 2046 τὸ
356 2020 508 2055 συκόμορον
531 2019 656 2054 ξηρᾶναι,
690 2018 738 2045 καὶ
759 2019 824 2047 ἄλλο
850 2019 984 2054 φυτεῦσαι

196 2067 407 2101 οταυρὸχριστον
421 2064 538 2100 δένδρον.

236 2111 265 2137 '0
285 2110 386 2142 σκοπὸς
400 2111 450 2146 τῆς
464 2110 604 2146 παρούσης
626 2111 796 2147 παραϐολῆς,
818 2112 883 2148 ὅλην
907 2120 983 2147 παρ-

197 2158 258 2193 ιστᾷ
264 2159 313 2192 τῆς
327 2156 446 2193 Χριστοῦ
460 2157 615 2193 οίκονομίας
626 2158 675 2194 την
687 2157 814 2193 δύναμιν.
825 2158 985 2195 Ἀνθρωπος

195 2204 249 2239 γὰρ
263 2203 301 2230 ὢν
323 2203 407 2238 ἀνέϐη
434 2203 529 2230 λαϐεῖν
558 2204 647 2239 ἑαυτῷ
677 2204 834 2239 βασιλείαν·
863 2204 984 2239 δηλονότι

196 2249 435 2284 ὲνανθρωπήσαντι
458 2249 497 2285 τῷ
510 2249 567 2285 Υίῷ
581 2250 596 2276 6
612 2250 706 2286 Ιιατὴρ
728 2251 776 2278 καὶ
788 2251 806 2286 η
822 2250 869 2278 τοῦ
895 2251 982 2285 Λόγου

197 2296 345 2327 ὑπόστασις
364 2295 465 2322 δέδωκε
491 2294 530 2330 τῷ
553 2294 749 2331 προσλήμματι
769 2296 819 2331 τὴν
834 2295 982 2330 βασιλείαν.

197 2342 228 2367 0i.
239 2341 268 2367 δὲ
283 2340 426 2376 μισοῦντες
439 2340 521 2368 αὑτὸν
535 2341 560 2367 οἱ
575 2340 693 2372 πολῖται,
706 2340 782 2367 αὐτοί
793 2341 864 2367 είσιν
878 2342 902 2368 οἱ
920 2341 986 2368 ’1ου-

197 2385 277 2412 δαίοι.
304 2384 400 2416 Ποίους
416 2384 445 2411 δὲ
469 2384 582 2416 δούλους
597 2385 716 2418 καλέσας
736 2385 842 2417 τούτοις
865 2385 984 2420 διένειμε

196 2431 247 2462 τὰς
262 2431 330 2458 δέκα
347 2431 432 2466 μνᾶς;
443 2431 512 2462 Τοὺς
528 2431 648 2463 τελείους
670 2431 718 2466 τὴν
732 2431 873 2465 timur);
901 2440 986 2466 μυστ-

197 2477 316 2511 αγωγεῐν
344 2476 455 2512 ἑτέρους
482 2476 601 2507 ιίδόταςο
620 2477 840 2512 ὑποστρέψαντος
870 2477 939 2513 μετὰ
955 2478 986 2504 τὸ

197 2522 290 2550 λαὸεἴν
304 2522 354 2559 τὴν
377 2523 518 2557 βασιλείαν
540 2523 588 2549 τοῦ
607 2523 751 2558 ἀνθρώπου
776 2523 825 2550 τοῦ
841 2523 985 2557 εὐγενοῦς,

197 2568 325 2603 εὐγενοῦς
339 2568 382 2595 διὰ
395 2569 443 2604 τὴν
459 2567 574 2604 θεότητα
589 2568 675 2601 ὄντος,
691 2569 891 2605 ὲντρυφήσουσι
906 2569 986 2596 δεκα-

197 2616 398 2647 πλασιάσαντες
421 2615 468 2642 καὶ
489 2614 787 2647 πενταπλασιάσαντες.
817 2615 926 2643 Ἐπάνω
939 2613 986 2642 οὖν

197 2662 263 2689 δέκα
277 2662 380 2689 πόλεων
393 2662 409 2696 ἥ
424 2662 504 2689 πέντε
518 2662 678 2696 γενήσονται
689 2670 695 2677 ·
710 2662 842 2693 τουτέστι,
854 2662 986 2696 δοξασθή-

199 2717 290 2735 σονται
315 2707 446 2739 πλειόνως
467 2707 484 2742 ἢ
507 2707 655 2743 πρότερον·
674 2707 769 2742 ἀτιμία
787 2707 815 2734 δὲ
829 2707 905 2734 ἔσται
931 2708 987 2739 τοῖς

198 2753 270 2788 δκνῳ
283 2753 428 2788 νικηθεῖσι.
447 2752 493 2788 Τῷ
510 2753 539 2779 δὲ
556 2752 692 2788 κρύψαντι
707 2753 738 2778 τὸ
753 2752 891 2786 τάλαντον,
909 2761 986 2779 τουτο

199 2798 258 2824 ἐστι
269 2800 319 2834 τὴν
332 2799 412 2833 χάριν
433 2799 467 2834 ἢν
480 2798 596 2830 ἕκαστος
611 2798 702 2831 ἔλαϐε,
724 2797 812 2832 λέγει·
827 2798 876 2825 Διὰ
891 2798 918 2825 τί
931 2797 986 2830 τοῖς

200 2842 390 2878 τραπεζίταις
414 2842 557 2874 τουτέστι,
582 2841 633 2869 Διὰ
657 2842 683 2868 τί
703 2841 740 2877 μὴ
764 2841 923 2877 προῦθηκας
947 2843 986 2873 είς

201 2887 350 2915 ἀπόλαυσιν
370 2889 426 2920 τοῖς
448 2886 478 2916 εῦ
497 2889 577 2915 εἰδόσι
599 2887 757 2923 δοκιμάζειν
777 2887 810 2914 τὰ
827 2887 901 2922 παρὰ
921 2887 985 2920 σοῦ;

208 2933 279 2969 Ἐγὼ
295 2934 348 2970 γὰρ
360 2932 456 2966 ἐλθὼν,
469 2933 575 2970 ἔπραξα
592 2933 635 2967 ἂν,
654 2932 734 2959 τοῦτο
751 2932 834 2965 ἐστιν,
844 2931 984 2967 Ἀπῄτησα

1034 1650 1189 1679 Secundum
1205 1650 1291 1686 legem
1307 1650 1358 1678 hoc
1380 1649 1444 1677 fecit
1463 1648 1666 1684 praecipientem
1692 1654 1741 1682 pro
1764 1653 1819 1673 una

1032 1701 1151 1733 quatuor
1168 1704 1233 1724 oves
1262 1696 1378 1724 solvere.
1402 1695 1534 1722 Zachscus
1553 1693 1664 1729 quidem
1697 1692 1823 1720 nesciens

1032 1744 1103 1778 quod
1124 1743 1231 1778 agebat,
1248 1742 1355 1769 ardenti
1380 1742 1438 1769 zelo
1463 1745 1553 1768 motus
1567 1744 1593 1767 et
1613 1738 1706 1766 divino
1727 1744 1822 1764 amore

1033 1791 1161 1826 ﬂagrans,
1175 1790 1202 1816 in
1219 1795 1391 1824 sycomorum
1416 1785 1551 1814 ascendit.
1576 1784 1708 1811 Dominus
1730 1787 1820 1810 autem

1033 1836 1225 1872 mysteriosum
1236 1833 1301 1868 quid
1313 1839 1428 1860 cernens
1437 1831 1516 1860 dixit.
1532 1830 1672 1858 Descende
1683 1828 1756 1860 inde,
1775 1828 1823 1854 de-

1035 1881 1134 1910 scende
1151 1887 1320 1915 asyeomoro
1332 1889 1338 1906 :
1352 1883 1490 1906 memento
1502 1877 1586 1904 Adam
1604 1876 1748 1905 nudatum.
1771 1874 1823 1901 sub

1035 1929 1087 1955 tlcu
1103 1935 1133 1955 se
1149 1926 1345 1956 abscondisse;
1361 1930 1388 1952 tu
1399 1925 1494 1952 volens
1507 1923 1618 1955 salvari,
1632 1922 1658 1949 in
1674 1921 1753 1948 ticum
1769 1927 1824 1946 nou

1035 1974 1151 2001 ascende
1166 1975 1292 2006 :oportet
1313 1978 1357 1997 me
1376 1970 1446 1997 hanc
1462 1976 1637 2004 sycomorum
1660 1967 1764 1994 siccare
1775 1986 1783 1998 ,
1795 1972 1822 1993 et

1035 2018 1117 2045 aliam
1133 2017 1256 2052 plautare
1271 2015 1371 2042 Christi
1389 2013 1513 2041 crucit‘ui
1530 2013 1667 2040 arborem.

1073 2108 1155 2136 Vsus.
1173 2107 1216 2134 12.
1234 2105 1407 2141 Propositum
1433 2103 1576 2139 praesentis
1596 2102 1743 2137 parabolae,
1762 2101 1824 2127 uni-

1035 2161 1143 2182 versam
1174 2151 1293 2180 instituti
1317 2149 1420 2178 Christi
1447 2149 1575 2176 virtutcm
1598 2146 1718 2175 exhibet.
1737 2145 1824 2173 Homo

1036 2201 1109 2229 enim
1133 2207 1197 2227 cum
1219 2202 1304 2230 esset,
1324 2195 1448 2224 ascendit
1469 2195 1592 2229 accipere
1612 2192 1662 2220 sibi
1686 2199 1822 2227 regnum;

1036 2246 1179 2274 evidenter
1190 2243 1295 2272 homini
1305 2242 1377 2270 iacto
1388 2241 1459 2268 Filio
1474 2240 1555 2268 Pater
1570 2243 1598 2266 et
1610 2238 1691 2266 Verbi
1706 2244 1822 2272 persona

1036 2292 1270 2326 deditassumpta:
1281 2287 1444 2316 humanitati
1456 2285 1665 2321 regnum.Cives
1674 2288 1764 2311 autem
1775 2282 1822 2317 qui

1035 2345 1099 2366 eum
1114 2337 1240 2368 oderant,
1250 2334 1338 2363 Judaei
1352 2337 1425 2361 sunt.
1436 2332 1512 2366 Quoa
1524 2338 1590 2359 vero
1604 2337 1697 2358 servos
1709 2336 1823 2361 vocans,

1036 2383 1131 2412 divisit
1143 2382 1185 2410 eis
1199 2381 1293 2409 decem
1312 2379 1412 2407 mnas?
1436 2377 1576 2406 Perfectus
1592 2376 1727 2407 moribus,
1754 2375 1825 2401 alios

1038 2428 1148 2456 initiare
1164 2427 1292 2455 scientes.
1317 2424 1442 2453 Reverso
1468 2427 1531 2458 post
1546 2427 1687 2457 acceptum
1712 2427 1825 2455 regnum

1037 2473 1148 2502 homine
1163 2473 1260 2505 nobili,
1275 2471 1360 2499 nobili
1375 2469 1487 2505 quidem
1502 2470 1536 2496 ob
1548 2468 1730 2499 divinitatem,
1747 2467 1824 2493 laeta-

1037 2521 1141 2549 buntur
1154 2520 1200 2555 qui
1215 2518 1360 2554 decuplum
1374 2517 1505 2548 fecerant,
1517 2520 1545 2542 et
1559 2515 1606 2550 qui
1627 2513 1823 2549 quintuplum;

1037 2574 1101 2594 nam
1113 2573 1194 2600 super
1205 2565 1298 2593 decem
1309 2563 1484 2599 autquinque
1495 2561 1620 2589 civitates
1638 2561 1718 2587 ﬁent:
1731 2558 1758 2586 id
1771 2562 1824 2589 est,

1038 2611 1270 2641 Gloriticabuntur
1285 2610 1371 2646 magis
1387 2617 1468 2645 quam
1485 2613 1574 2636 antea.
1598 2607 1719 2634 Dedecus
1734 2609 1823 2632 autem

1037 2657 1090 2686 erit
1113 2657 1156 2684 his
1171 2656 1216 2692 qui
1232 2655 1342 2691 pigritia
1359 2654 1477 2690 superati
1491 2657 1566 2681 sunt.
1585 2651 1615 2678 Ei
1632 2651 1679 2686 qui
1694 2650 1824 2677 talentum

1038 2703 1191 2736 abscondit,
1207 2702 1233 2730 id
1249 2706 1291 2730 est
1301 2700 1416 2736 gratiam
1431 2707 1513 2734 quam
1527 2697 1644 2733 quisque
1654 2695 1767 2730 recepit,
1784 2695 1825 2722 di-

1038 2751 1075 2779 cit
1089 2759 1096 2778 :
1112 2749 1202 2784 Quare
1223 2756 1277 2776 nou
1293 2746 1391 2775 dedisti
1407 2744 1559 2776 tabulariis,
1578 2742 1605 2770 id
1621 2746 1675 2774 est,
1689 2740 1745 2769 Cur
1771 2747 1823 2768 non

1037 2794 1202 2830 proposuisti
1220 2793 1247 2820 in
1264 2799 1373 2820 usuram
1396 2790 1440 2818 his
1465 2789 1512 2824 qui
1526 2789 1594 2816 bene
1613 2790 1747 2814 noverant
1760 2793 1824 2821 pro-

1039 2841 1104 2868 bare
1116 2847 1177 2874 quae
1188 2842 1266 2866 erant
1280 2837 1352 2873 apud
1375 2836 1416 2863 te?
1432 2836 1488 2870 Ego
1501 2834 1574 2862 enim
1587 2833 1699 2860 veniens
1713 2831 1820 2867 exegis-

1040 2893 1107 2918 sem,
1115 2885 1141 2912 id
1150 2883 1387 2919 est,',ﬂogavissem
1395 2888 1457 2909 cum
1470 2887 1552 2908 usura
1568 2879 1639 2914 quod
1650 2885 1741 2906 meum
1753 2883 1823 2905 erat.

1041 2931 1072 2959 Et
1086 2929 1124 2958 illi
1134 2929 1242 2964 quidem
1253 2929 1324 2956 bona
1337 2930 1510 2962 receperunt;
1523 2925 1549 2953 hi
1567 2924 1713 2960 autemqui
1731 2923 1823 2950 indue-
