2075 3157
235 195 305 228 1215

586 195 781 227 OPUSCULA
800 193 1116 224 SCRIPTURlSTlCA
1132 192 1306 223 INCERT/E
1326 193 1483 224 )ETATIS.

1787 193 1856 226 1216

267 254 351 282 Vens.
366 253 413 282 28.
432 253 488 281 Cur
501 253 622 288 increpat
643 253 738 280 ﬂentes
761 252 892 279 mulieres
910 252 1019 287 quando

1106 251 1155 278 Διὰ
1167 251 1192 278 τι
1211 252 1327 286 ἑπιτιμᾷ
1337 251 1387 283 τὰς
1409 250 1557 283 κλαιοὺσας
1583 251 1716 285 γυναῖκας
1731 252 1775 278 ὅτε
1806 253 1854 279 ἐπὶ

235 300 268 327 ad
285 308 393 327 crucem
418 300 491 326 ibat?
504 298 538 326 lJt
554 299 734 333 τροπαιοῦχος
755 298 864 326 mortis.
881 297 920 324 llli
944 297 1016 324 cnim

233 346 279 381 qui
294 346 378 373 invite
394 345 509 372 moritur
520 344 725 372 commiseratio
736 344 864 371 solatium
879 343 966 376 aﬂ‘ert,
980 344 1018 370 illi

234 396 326 419 autem
348 391 394 426 qui
410 391 536 422 libenter,
553 390 679 423 iniuriam
700 389 771 417 facit.
790 389 853 417 ldeo
868 390 1020 424 increpavit

234 437 305 467 illas.
328 442 354 464 et
376 436 466 463 futura
481 436 631 463 evenienda
655 436 790 471 praedixit,
806 444 866 471 quae
881 436 1020 464 Romano.

235 491 293 509 rum
310 482 410 509 bellum
425 482 544 509 induxit.

271 528 351 555 Vens.
369 527 414 555 5|.
431 527 547 562 Lignum
560 527 647 555 viride
665 528 786 562 scipsnm
806 527 882 560 dicit.
902 527 938 555 ob
951 528 1021 555 divi-

235 580 296 599 nam
312 573 339 599 in
352 580 403 599 suo
415 579 531 606 corpore
548 572 630 598 vitam
648 572 841 604 immortalem,
869 575 896 598 et
915 571 1021 599 fructus

235 623 262 645 et
279 619 360 646 ﬂores
375 619 582 654 producentem.
597 617 674 651 Quod
690 623 781 645 autem
795 617 873 650 dicit,
892 617 946 644 tale
960 621 1022 646 cst:

237 662 266 690 Si
281 671 334 696 me,
350 664 449 698 inquit,
466 663 548 690 tantis
562 668 589 690 et
603 667 657 690 tam
680 663 760 690 saevis
776 667 959 690 oneraverunt
973 670 1021 697 op-

177 714 180 717 ί
235 709 354 744 prohriis
364 708 478 736 Romani
489 709 588 736 milites
594 713 621 734 et
631 707 739 734 illorum
751 707 894 742 praefectus
905 707 1018 740 Pilatus,

236 753 301 788 quid
318 753 418 781 facient
440 754 518 781 vobis
536 754 608 788 ligno
620 754 697 781 arido
712 758 740 781 et
753 754 850 786 sterili,
865 752 1020 780 Jndzeorum

237 798 350 832 populo,
371 797 499 826 bellantia
516 798 702 826 Romanorum
727 798 846 832 agmina,
867 797 968 824 nullam
994 805 1021 824 In

237 843 297 878 ipso
318 843 476 871 Judaeorum
494 843 593 879 populo
611 843 775 870 mirabilium
797 847 825 870 et
844 843 963 869 fructum
978 841 1022 876 ju-

237 888 318 916 stit'ue
340 888 497 916 habentium
517 897 607 916 rerum
625 894 780 921 cernentes,
797 896 914 923 quarum
938 896 1021 915 causa

234 933 340 968 justum
354 933 426 961 foret
443 933 506 962 illos
521 934 625 961 honore
636 938 664 961 et
679 934 757 961 venia
773 933 870 968 dignos
884 933 978 960 haberi
989 934 1023 960 ab

238 979 305 1014 ipsis
321 979 333 1006 ἰ
346 979 400 1007 imo
412 986 476 1006 vero
491 979 655 1007 eomburent
671 987 719 1006 vos
740 983 770 1006 ut
785 978 888 1014 lignum
904 978 1022 1011 aridum.

238 1024 265 1051 id
279 1028 332 1056 est,
346 1032 395 1052 vos
409 1025 607 1060 «pugnabunt
619 1025 656 1052 ob
674 1029 792 1053 vestram
806 1025 834 1052 in
851 1023 1025 1052 Salvatorem

238 1069 417 1104 impietatem.

276 1114 355 1142 Vns.
371 1115 415 1143 '59.
432 1116 577 1149 Quomodo
594 1116 736 1144 Mattlnens
749 1116 858 1152 quidem
877 1121 904 1145 et
916 1117 1025 1146 Marcus

238 1160 307 1187 duos
323 1161 545 1189 dicuntlatrones
560 1161 669 1189 Christo
687 1162 873 1197 improperare
888 1162 915 1190 in
931 1170 1024 1196 cruce,

239 1203 329 1232 Lucas
352 1212 417 1233 vero
441 1214 524 1234 unum
541 1207 664 1234 tantum?
677 1207 809 1242 quoniam
826 1207 853 1234 in
875 1207 954 1235 initio
969 1208 1025 1236 duo

239 1249 360 1278 latrones
379 1251 478 1279 similia
494 1251 595 1280 Judaeis
609 1253 848 1286 conviciabantur,
865 1253 927 1280 illos
947 1253 1025 1281 blan-

240 1297 346 1325 dientes
362 1298 385 1325 si
411 1297 481 1325 forte
503 1298 623 1333 aliquam
651 1305 730 1333 opem
749 1297 820 1333 apud
838 1298 899 1325 illos
916 1297 1028 1325 invene-

243 1342 310 1370 rint.
327 1342 380 1371 Sed
396 1347 541 1378 postquam
556 1351 618 1378 quze
631 1343 826 1378 exspectabant
839 1343 943 1370 inutilia
968 1343 1026 1371 visa

241 1393 315 1422 sunt,
333 1396 404 1416 unua
423 1397 438 1416 e
457 1389 609 1416 latronibus
624 1393 652 1416 et
673 1389 700 1416 in
722 1396 753 1417 se
774 1396 901 1416 reversus
923 1394 976 1420 est,
998 1393 1026 1416 et

241 1426 357 1460 alterum
374 1433 407 1461 ad
427 1433 500 1460 idem
523 1433 729 1461 exhortabatur.
751 1432 827 1461 Unde
845 1438 936 1461 autem
957 1440 1028 1461 unus

242 1477 269 1504 in
281 1485 310 1505 se
321 1485 448 1505 reversus
463 1482 515 1510 est,
534 1478 654 1505 nondum
668 1479 741 1506 enim
757 1478 863 1505 viderat
881 1485 941 1512 qua:
956 1477 1027 1505 facta

241 1527 307 1552 sunt
325 1523 352 1551 in
370 1531 452 1552 cruce
471 1525 611 1560 prodigia?
634 1524 656 1552 Ε
682 1524 773 1552 verbis
789 1524 907 1552 fortasse
929 1524 1030 1559 quibus

241 1568 369 1596 Christus
383 1569 468 1597 libere
482 1568 590 1597 Patrem
605 1570 797 1605 compellabat,
817 1569 908 1601 Pater,
924 1570 1029 1597 dimitte

242 1613 298 1641 illis
307 1614 356 1640 hoc
368 1619 516 1648 peccatum,
529 1616 646 1643 nescium
663 1616 733 1643 alim
744 1615 813 1650 quod
831 1615 945 1650 faciunt.

278 1658 359 1686 Vsus.
372 1660 418 1687 ΔΞ..
430 1659 573 1689 llattliaaus
587 1661 697 1696 quidem
711 1666 737 1688 et
747 1661 856 1689 Marcus
868 1661 1029 1689 festinantes

244 1704 298 1732 alia
313 1713 426 1733 narrare
448 1714 534 1742 usque
555 1706 589 1733 ad
609 1707 686 1740 illud,
700 1706 834 1734 Latrones
859 1707 1030 1742 impropera—

243 1749 312 1777 bant
328 1751 353 1778 ei
371 1769 379 1781 .
409 1751 542 1786 reliquam
567 1757 706 1786 gestorum
724 1752 751 1780 in
775 1760 857 1780 cruce
885 1753 1030 1780 historiam

243 1796 490 1830 pratermisevunt.
512 1797 602 1824 Lucas
624 1802 714 1825 autem
743 1797 834 1832 priora
859 1799 1030 1833 praeteriens,

245 1845 374 1876 tanquam
404 1841 439 1868 ab
458 1841 521 1870 aliis
538 1842 610 1870 dicta
626 1862 634 1875 ,
650 1850 711 1878 quae
730 1843 962 1878 praetermiserant
982 1843 1030 1876 illi,

246 1885 274 1912 in
289 1890 341 1918 est,
364 1886 446 1915 unius
469 1887 583 1915 latronis
601 1888 811 1915 conversionem
835 1893 940 1921 narrat,
960 1889 1031 1916 inci-

245 1929 344 1964 piendo
369 1938 386 1958 a
404 1931 495 1959 verbis
517 1940 579 1967 quae
598 1932 666 1960 dixit
694 1933 849 1961 Dominus:
878 1933 968 1968 Pater,
990 1934 1033 1961 di-

245 1975 320 2003 mitto
337 1976 403 2004 illis.

281 2020 365 2049 Vsus.
380 2022 424 2049 ιε.
440 2023 585 2056 Quomodo
601 2024 710 2052 Domini
739 2025 887 2059 promissio
899 2025 934 2054 ad
951 2025 1035 2053 latro-

245 2076 307 2097 nem
325 2070 435 2105 impleta
449 2071 511 2098 est?
525 2075 654 2106 tanquam
670 2079 685 2099 a
702 2071 757 2099 Deo
773 2073 855 2099 iacta.
871 2071 899 2098 Si
917 2072 990 2099 enim
1007 2072 1034 2098 in

246 2117 364 2149 inferno,
374 2122 402 2144 et
417 2118 444 2145 in
459 2117 528 2144 coelo
541 2117 630 2151 adest,
648 2118 694 2145 sed
709 2119 791 2145 etiam
811 2117 839 2145 in
852 2117 989 2152 paradiso,
1006 2126 1037 2148 ιιι

247 2163 335 2196 Deus,
361 2163 492 2199 Apostolo
522 2164 639 2196 dicente,
664 2163 705 2191 Ne
734 2165 792 2191 sine
814 2165 887 2191 nobis
913 2172 1036 2191 conum-

247 2218 360 2244 menmr,
375 2210 514 2245 quomodo
523 2210 631 2245 excepit
642 2211 711 2238 latro
724 2211 893 2246 paradisum?
903 2212 966 2246 quia
981 2219 1036 2238 non

1042 1585 1064 1614 C

1069 297 1114 324 τὸν
1130 296 1245 331 σταυρὸν
1256 297 1374 332 ἦρχετος
1395 297 1440 328 Ὧς
1457 296 1637 332 τροπαιοῦχος
1650 296 1695 323 τοῦ
1718 297 1833 325 θανάτου
1848 306 1856 314 ·

1068 343 1107 377 τῷ
1120 343 1169 378 μὲν
1183 343 1237 376 γὰρ
1250 342 1342 369 ἄκοντι
1363 343 1520 377 συμπάθεια
1528 343 1700 378 παράκλησιν
1711 344 1800 379 φέρει·
1814 344 1854 379 τῷ

1069 389 1097 416 δὲ
1111 388 1210 420 ἑκόντι,
1225 388 1305 424 ὓϐριν
1316 396 1324 404 ο
1338 388 1382 415 διὰ
1393 388 1472 415 τοῦτο
1485 389 1635 424 ἐπετίμησε
1666 390 1766 422 ταύτας
1783 398 1790 406 ·
1809 391 1858 417 καὶ

1069 434 1103 461 τὰ
1132 434 1262 469 μέλλοντα
1296 433 1484 469 συμϐήσεσθαι
1524 435 1722 471 προεμήνυσεν,
1756 435 1827 471 ᾇπερ
1844 437 1861 462 ό

1076 479 1219 514 Ῥωμαίων
1234 479 1350 514 πόλεμος
1370 479 1526 516 εἰργάσατο.

1106 525 1190 552 Ξύλον
1203 525 1286 560 ῠγρὺν
1303 526 1399 552 ἑαυτὸν
1413 525 1497 559 λέγει.
1511 525 1555 552 διὰ
1578 525 1628 559 τὴν
1641 526 1670 552 ὲν
1683 525 1722 561 τῷ
1745 525 1857 561 σώματι·

1071 571 1153 598 αὐτοῦ
1169 571 1244 597 θείαν
1257 571 1333 606 ζωὴν
1344 570 1394 606 τὴν
1407 571 1575 607 ἀμάραντον,
1597 572 1644 598 καὶ
1660 571 1690 598 τδ
1718 572 1867 607 ἔγκαρπον

1071 618 1118 644 καὶ
1128 617 1253 649 εὐθαλὲς·
1267 617 1281 644 δ
1295 617 1324 644 δὲ
1338 617 1422 651 λέγει,
1434 616 1556 643 τοιοῦτόν
1570 617 1654 643 ἐστιν·
1666 617 1696 643 Εἰ
1708 617 1768 652 ius,
1780 618 1860 652 φησὶ,

1072 663 1210 694 τοιαύταις
1222 662 1322 694 δειναῖς
1347 656 1566 697 ὐποὸεδλήκασιν
1591 662 1714 697 ἀτιμίαις
1738 663 1764 689 οἰ
1790 663 1860 690 Ῥω-

1074 708 1163 743 μαίων
1178 708 1342 743 στρατιῶται
1354 709 1402 735 καὶ
1415 709 1429 735 ὸ
1443 707 1547 734 τούτων
1558 708 1717 743 στρατηγὸς
1730 708 1857 740 Πιλᾶτος,

1073 754 1099 780 τί
1111 753 1255 788 δράσουσιν
1266 754 1330 788 ὑμῖν
1343 753 1380 788 τῷ
1393 753 1468 789 ξηρῷ
1483 752 1553 788 ξύλῳ
1566 754 1611 780 καὶ
1623 750 1741 788 ἀκάρπῳ
1751 754 1790 789 τῷ
1804 754 1862 789 λαῷ

1072 798 1127 824 τῶν
1158 798 1293 825 Ἰουδαίων
1322 798 1566 833 προσπολεμοῦντα
1576 797 1609 824 τὰ
1636 798 1691 825 τῶν
1718 798 1863 833 Ῥωμαίων

1075 844 1254 879 στρατόπεδα,
1272 843 1354 878 μηδὲν
1376 844 1420 870 ἐπ’
1437 843 1511 878 αὐτῷ
1522 843 1563 879 τῷ
1578 843 1635 879 λαῷ
1653 844 1707 870 τῶν
1727 844 1862 872 Ἰουδαίων

1073 889 1195 922 δηλονότι
1228 888 1461 923 τεθαυμασμένων
1488 890 1537 916 καὶ
1559 889 1666 925 καρπήν
1691 890 1864 926 δικαιοσύνης

1075 934 1191 969 ἑχόντων
1220 933 1387 968 βλέποντες,
1416 934 1460 967 ἐφ’
1490 931 1531 966 οἷς
1556 932 1590 969 ἦν
1618 934 1690 966 εἰκὸς
1710 936 1794 970 τιμῆς
1817 937 1864 962 καὶ

1075 980 1182 1014 φειδοῦς
1198 980 1345 1015 ἀξιωθῆναι
1358 980 1408 1014 τῆς
1424 981 1492 1016 παρ’
1511 980 1618 1013 αὐτῶν;
1637 981 1737 1015 μᾶλλον
1762 978 1790 1008 δὲ
1815 991 1865 1008 κα-

1074 1026 1257 1053 τακαύσουσιν
1272 1026 1344 1061 ὑμᾶς
1353 1026 1449 1061 ὥσπερ
1465 1025 1543 1058 ξύλον
1554 1026 1646 1062 ξηρὸν,
1659 1027 1743 1062 ἤγουν
1758 1027 1865 1062 πολιορ-

1076 1069 1192 1103 κήσουσι
1206 1070 1257 1104 τῆς
1267 1069 1307 1101 εἰς
1322 1069 1368 1096 τὸν
1384 1070 1499 1105 Σωτῆρα
1515 1070 1675 1103 δυσσεϐείας
1690 1071 1793 1098 ἕνεκεν.

1112 1114 1175 1146 Πῶς
1188 1114 1326 1147 Ματθαῐος
1344 1114 1394 1150 μὲν
1406 1117 1454 1142 καὶ
1467 1116 1582 1151 Μάρκος
1599 1117 1663 1147 τοὺς
1690 1116 1737 1143 δύο
1756 1117 1872 1151 λέγουσιν

1076 1159 1178 1196 λῃστὰς
1198 1160 1325 1187 ὀνειδίσαι
1349 1160 1395 1187 τὸν
1419 1160 1531 1196 Κύριον,
1564 1162 1672 1193 Λουκᾶς
1690 1161 1718 1188 δὲ
1738 1162 1784 1188 τὸν
1797 1162 1865 1195 ἕνας

1078 1205 1140 1231 Ὀτι
1167 1205 1196 1232 ὲν
1227 1206 1299 1241 ἀρχῇ
1311 1205 1361 1240 μὲν
1379 1206 1404 1232 οἰ
1413 1205 1462 1233 δύο
1493 1206 1592 1242 λῃσταὶ
1620 1208 1799 1242 παραπλήσια
1811 1208 1868 1238 τοῖς

1077 1250 1215 1282 Ἰουδαίοις
1240 1250 1414 1285 ἐφθέγγοντο,
1441 1251 1615 1287 χαριζόμενοι
1647 1252 1751 1283 αὐτοῖς,
1780 1251 1867 1284 εἰπως

1077 1296 1139 1322 τινὰ
1156 1295 1281 1332 βοήθειαν
1292 1296 1398 1331 εὕροιεν
1413 1297 1478 1331 παρ’
1491 1297 1596 1330 αὐτῶν,·
1612 1297 1705 1332 ἐπειδὴ
1729 1297 1758 1324 δὲ
1789 1298 1869 1332 ἅπερ

1078 1341 1252 1376 προσεδόκων
1272 1341 1408 1377 ἦργησαν,
1422 1342 1536 1377 θάτερος
1553 1342 1607 1369 τῶν
1617 1342 1734 1378 λῃστῶν,
1742 1343 1824 1373 αὐτός
1836 1351 1867 1368 τε

1079 1387 1196 1422 ἀνένηψε
1212 1387 1259 1414 καὶ
1271 1388 1317 1414 τὸν
1331 1387 1411 1414 ἄλλον
1424 1388 1464 1419 εἰς
1477 1387 1557 1414 τοῦτο
1570 1388 1767 1423 προετρέπετο.
1780 1388 1867 1415 Πόθεν

1078 1430 1107 1457 δὲ
1122 1432 1136 1457 ό
1145 1428 1187 1463 εἷς
1197 1431 1349 1466 ἀνένηψεν;
1360 1431 1436 1459 οὔπω
1446 1432 1501 1468 γὰρ
1516 1429 1550 1468 ἦν
1564 1432 1599 1459 τὰ
1610 1433 1682 1459 κατὰ
1689 1433 1735 1459 τὸν
1750 1433 1868 1468 σταυρὸν

1080 1476 1247 1511 θεασάμενος
1260 1477 1398 1512 θαύματα.
1418 1478 1466 1504 Ἐκ
1477 1477 1532 1504 τῶν
1543 1477 1631 1512 λόγων
1657 1478 1722 1510 ἴσως
1739 1475 1832 1514 ὦνπερ
1852 1480 1874 1505 δ

1079 1521 1183 1558 Κύριος
1201 1523 1342 1558 παρρησίᾳ
1356 1519 1433 1549 εἶπεν
1454 1522 1523 1559 πρὸς
1538 1523 1584 1550 τδν
1603 1524 1714 1560 Πατέρα
1731 1532 1738 1540 ·
1759 1524 1870 1558 Πάτερ.

1080 1568 1153 1602 ἄφες
1166 1569 1269 1602 αὐτοῖς
1281 1569 1340 1603 τὴν
1357 1569 1505 1605 ἁμαρτίαν
1515 1570 1638 1605 ταύτην
1650 1571 1689 1598 οὐ
1698 1571 1753 1606 γὰρ
1767 1571 1873 1598 alatur:

1079 1614 1108 1640 τι
1120 1614 1275 1642 ποιοῦσιν.

1116 1661 1178 1688 ὀτι
1192 1661 1207 1688 ὀ
1232 1661 1281 1696 μὲν
1304 1661 1446 1693 Ματθαϊος
1469 1661 1518 1689 καὶ
1545 1662 1661 1698 Μάρκος
1691 1661 1873 1698 ἐπειγόμενοι

1080 1705 1148 1741 πρὸς
1165 1706 1248 1742 ἕτερα
1272 1707 1397 1738 εἰπόντες
1410 1707 1463 1739 ἕως
1479 1703 1511 1734 οὗ
1528 1707 1665 1740 ὠνείδιζον
1681 1708 1763 1734 αὑτὸν
1779 1708 1804 1734 οἰ
1820 1708 1870 1744 λῃ-

1082 1752 1154 1785 σταὶ,
1169 1752 1205 1781 τὰ
1218 1753 1300 1780 λοιπὰ
1315 1753 1365 1788 τῆς
1378 1753 1499 1788 ἱστορίας
1518 1753 1570 1788 τῆς
1589 1754 1654 1789 περὶ
1683 1754 1730 1780 τὸν
1753 1755 1870 1789 σταυρὸν

1082 1797 1244 1833 παρέλιπον,
1258 1799 1367 1830 Λουκᾶς
1379 1799 1410 1826 δὲ
1437 1798 1573 1834 ἀφέμενος
1583 1799 1638 1825 τῶν
1660 1801 1814 1835 προτέρων,
1830 1801 1875 1832 ὡς

1083 1843 1158 1878 παρὰ
1186 1845 1244 1876 τοϊς
1270 1843 1362 1876 ἄλλοις
1388 1844 1558 1879 εἰρημένων,
1583 1845 1618 1872 τὰ
1648 1845 1873 1881 παραλειφθέντα

1083 1888 1210 1920 ἐκεινοις,
1231 1889 1355 1915 τουτέστι
1380 1888 1428 1924 τὴν
1453 1888 1500 1915 τοῦ
1518 1889 1577 1921 ινὺς
1594 1889 1695 1925 λῃστοῦ
1715 1890 1867 1925 ἐπίγνωσιν

1085 1935 1196 1970 ἰστορεῐ,
1205 1934 1258 1962 ἀπὸ
1264 1934 1313 1970 τῆς
1323 1935 1416 1970 φωνῆς
1427 1934 1580 1970 ἀρξάμενος
1591 1935 1625 1971 ἢν
1636 1937 1650 1963 ὸ
1661 1937 1763 1972 Κύριος
1777 1934 1867 1963 εἶπεν

1084 1979 1191 2013 Πάτερ,
1205 1979 1280 2014 ἀφες
1294 1979 1408 2012 αὐτοῖς.

1115 2024 1176 2056 Πῶς
1193 2025 1209 2059 ἡ
1227 2024 1274 2051 τοῦ
1284 2024 1418 2051 Δεσπότου
1429 2024 1575 2060 ὑπόσχεσις
1592 2025 1632 2056 εἰς
1648 2025 1692 2052 τὸν
1709 2025 1811 2061 λῃστὴν
1820 2035 1870 2053 πε-

1086 2070 1238 2105 πλήρωται;
1264 2070 1306 2101 Ὦς
1321 2069 1399 2096 Θεοῦ·
1416 2070 1441 2096 εἰ
1453 2069 1508 2105 γὰρ
1521 2070 1570 2097 καὶ
1586 2071 1615 2097 ἐν
1626 2071 1677 2107 ᾅδῃ
1691 2072 1809 2107 ὑπῆρχε,
1824 2073 1872 2099 καὶ

1086 2115 1116 2141 ὲν
1130 2114 1246 2150 οὐρανῷ,
1263 2114 1333 2142 ἀλλὰ
1346 2115 1392 2141 καὶ
1420 2116 1449 2141 ὲν
1464 2115 1503 2150 τῷ
1535 2116 1694 2151 παραδείσῳ
1722 2117 1760 2148 ὡς
1788 2117 1867 2149 Θεός.

1087 2161 1149 2187 Ὀτι
1162 2161 1210 2187 καὶ
1232 2160 1280 2187 τοῦ
1305 2160 1468 2187 Ἀποστόλου
1478 2161 1604 2195 λέγοντος
1618 2169 1626 2177 θ
1640 2162 1709 2188 Ἵνα
1717 2162 1761 2197 μὴ
1783 2163 1873 2197 γωρίς

1087 2206 1172 2242 ἡμῶν
1200 2207 1388 2241 redemerim,
1419 2207 1478 2239 πῶς
1491 2207 1629 2235 ἁπέλαδεν
1656 2209 1671 2235 ό
1695 2209 1797 2246 λῃστὴς
1827 2210 1876 2236 τὸν

247 2257 293 2284 illa
306 2260 349 2284 est
362 2256 508 2290 promissio
518 2256 554 2284 de
561 2263 615 2291 qua
628 2257 728 2284 Paulus
745 2257 828 2290 dicit,
843 2257 889 2284 sed
905 2256 1028 2284 ecelestia

1083 2251 1265 2286 παράδεισον;
1292 2252 1354 2279 ὀτι
1386 2251 1437 2279 οὐκ
1463 2253 1533 2288 αὐτή
1561 2254 1635 2280 εστιν
1668 2255 1686 2289 ἡ
1723 2254 1874 2290 ἐπαγγελία

247 2303 329 2330 bona.
344 2302 404 2329 Non
419 2302 492 2329 enim
507 2302 535 2328 in
560 2302 720 2336 paradisum
734 2303 813 2330 nobis
824 2310 839 2329 a
853 2302 909 2330 Deo
920 2302 1037 2337 promit-

247 2348 315 2375 titur
329 2347 440 2375 intrare.
457 2345 507 2374 Ubi
519 2347 660 2382 impletum
675 2352 717 2375 est
732 2349 806 2383 quod
820 2348 906 2375 dixit:
924 2348 1038 2380 Quando

247 2393 383 2420 excitatus
403 2393 489 2428 fuero,
503 2401 591 2421 omnes
605 2394 708 2420 traham
725 2394 760 2420 ad
780 2394 921 2428 meipsum?
934 2393 991 2421 Hoc
1010 2394 1037 2421 in

249 2446 328 2467 cruce
354 2439 493 2475 impletum
519 2443 562 2467 est
586 2444 614 2467 et
639 2439 667 2467 in
701 2441 872 2467 ascensione.
894 2440 924 2467 in
957 2447 1039 2467 cruce

249 2485 371 2520 quidem,
394 2485 459 2520 quia
486 2485 588 2520 incepit
604 2486 706 2514 multos
734 2486 872 2514 attrahere
887 2494 949 2514 cum
972 2494 1038 2514 ccu—

249 2531 323 2558 turio
341 2531 437 2559 videns
449 2539 510 2567 quze
525 2532 625 2560 ﬁebant
641 2531 803 2567 gloriﬁcavit
817 2532 913 2565 Deum,
926 2537 955 2560 et
969 2533 1039 2560 latro

250 2584 305 2604 non
316 2576 419 2604 videns.
438 2576 630 2605 Percutiebant
641 2582 732 2605 autem
746 2582 855 2613 pectora
867 2586 916 2606 sua
931 2577 1039 2606 Judteo-

251 2630 312 2649 rum
329 2622 424 2657 aliqui,
437 2623 565 2651 commoti
582 2623 728 2651 admodum
740 2628 768 2651 et
789 2625 822 2652 ad
832 2624 1037 2653 conversionem

252 2669 348 2697 tondeu
352 2673 403 2698 tes.

537 2787 651 2816 CAPUT
667 2787 761 2816 XXIV“.

289 2850 372 2881 Vens.
394 2852 437 2883 l5.
458 2852 514 2882 Cur
533 2858 644 2889 apparet
668 2852 807 2889 discipulis
834 2853 961 2881 euntibus
980 2853 1042 2881 Em-

255 2899 360 2927 maum?
373 2898 506 2932 Quoniam
522 2899 632 2929 interim
650 2899 839 2929 incredulitate
868 2899 1039 2928 laborabant.

1088 2297 1122 2332 ῆν
1138 2296 1243 2328 Παῦλος
1260 2297 1344 2331 λέγει,
1361 2297 1430 2325 ἀλλὰ
1443 2298 1479 2325 τὰ
1489 2298 1604 2334 οὐράνια
1623 2300 1726 2333 ἁγαθά-
1755 2301 1787 2327 οὐ
1819 2301 1875 2337 γὰρ

1088 2343 1128 2374 εἰς
1143 2343 1306 2378 παράδεισον
1320 2344 1386 2380 ἡμῖν
1404 2344 1602 2379 ἐπαγγέλλεται
1614 2346 1628 2372 ὁ
1638 2346 1706 2378 Θεὸς
1723 2345 1868 2374 εἰσελθεῖν.

1096 2401 1098 2403 ι
1119 2388 1175 2415 Ποῦ
1185 2389 1363 2425 πεπλήρωται
1374 2389 1404 2417 τδ
1413 2390 1568 2424 λεγόμενον,
1579 2391 1621 2418 ὅτι
1633 2391 1696 2417 ὀῖ’
1703 2390 1743 2418 ἂν
1750 2390 1872 2426 ὑψωθῶ,

1088 2434 1155 2460 τότε
1162 2435 1278 2468 πάντας
1296 2435 1416 2463 ἑλκύσω
1425 2436 1501 2470 πρὸς
1510 2433 1656 2470 chaonii“;
1662 2437 1748 2464 Τοῦτο
1761 2438 1808 2464 καὶ
1825 2438 1874 2464 επὶ

1089 2479 1136 2505 τοῦ
1151 2480 1269 2515 σταυροῦ
1285 2481 1475 2516 πεπλήρωται,
1492 2483 1538 2509 καὶ
1555 2483 1605 2509 ἰπὶ
1626 2483 1675 2517 τῆς
1692 2483 1852 2518 ἀναλήψεως
1864 2490 1873 2498 '

1090 2525 1136 2551 ἐπὶ
1149 2525 1198 2560 μὲν
1215 2525 1262 2552 τοῦ
1272 2526 1401 2562 σταυροῦ,
1412 2528 1453 2554 ὅτι
1465 2528 1567 2563 ἧρξατο
1580 2529 1741 2563 σαγηνεύεεν
1750 2529 1874 2560 πολλοὺς,

1090 2571 1151 2597 ὅθεν
1165 2572 1212 2598 καὶ
1230 2573 1244 2599 ὸ
1257 2573 1456 2609 ἑκατόνταρχος
1473 2574 1536 2602 ἰδὼν
1550 2576 1584 2602 τὰ
1607 2575 1752 2610 γινόμενα,
1766 2576 1876 2608 ἐδόξατε

1090 2617 1135 2643 τὸν
1151 2618 1217 2644 θεόν
1232 2626 1239 2633 ·
1260 2619 1306 2644 καὶ
1325 2620 1339 2646 ὁ
1349 2619 1460 2655 λῃστὴς,
1478 2620 1515 2656 μὴ
1543 2621 1616 2648 ἰδών,
1629 2621 1766 2648 Ἐτυπτον
1783 2621 1812 2648 δὲ
1823 2623 1871 2648 καὶ

1090 2663 1124 2690 τὰ
1133 2663 1219 2698 στήθη
1239 2664 1293 2690 τῶν
1314 2665 1537 2699 ’ἰουδαίωντινὲς,
1557 2669 1785 2702 κατανυττόμενοι
1810 2667 1877 2694 πάν-

1090 2717 1145 2742 τως
1161 2711 1208 2737 καὶ
1218 2712 1258 2743 εἰς
1273 2711 1420 2745 ἐπίγνωσιν
1434 2713 1587 2748 ἐρχόμενοι.

1387 2784 1511 2812 ΚΕΦΛΛ.
1532 2786 1594 2812 KA'.

1128 2850 1178 2878 Διὰ
1190 2851 1217 2877 τί
1224 2851 1394 2886 ἐπιφαίνεται
1403 2852 1457 2883 τοῖς
1467 2850 1601 2886 μαθηταῖς
1610 2852 1665 2883 τοῖς
1685 2851 1878 2886 πορευομένοις

1093 2897 1132 2929 εἰς
1155 2896 1292 2932 Ἐμμαούς
1307 2905 1315 2931 ;
1338 2897 1446 2932 Ἐπειδὴ
1463 2897 1576 2933 ἀπιστίᾳ
1595 2897 1700 2933 εἰχοντο
1718 2897 1785 2930 τέως
1801 2905 1807 2912 ·
1831 2901 1880 2927 και
