2075 3157
269 183 340 215 1231

645 184 840 214 OPUSCULA
856 184 1171 214 SCRlPTURlSTlCA
1187 185 1362 216 lNCERT/E
1380 187 1535 218 ᾹΞΤΑΤΙΞ.

1824 191 1891 222 1232

1838 215 1891 225 uua

269 246 322 265 non
338 239 435 271 credit,
448 239 519 266 Patri
533 246 642 273 quoque
665 247 718 265 non
732 239 833 272 credit;
852 246 926 271 nam,
937 238 1044 274 Sigunri

1109 240 1191 267 Ὥστε
1207 242 1220 267 ὁ
1250 242 1287 277 μὴ
1309 241 1398 277 τούτῳ
1422 244 1567 276 πιστεύων,
1594 245 1640 270 καὶ
1659 245 1697 280 τῷ
1725 246 1812 282 Harp!
1828 249 1895 275 ἀπι-

266 283 310 309 hic
330 283 400 309 idem
417 289 497 310 sonat
512 291 553 314 ac,
566 282 715 317 Signiﬁcat.

303 375 383 403 Vens.
396 376 440 402 54.
458 375 527 408 Quid
545 380 586 404 est
602 385 608 403 :
623 375 685 403 Non
701 377 770 404 enim
795 378 829 404 ad
844 385 993 405 mensuram
1008 378 1054 404 dat

265 421 337 448 Dens
356 421 505 455 Spiritum?
517 421 553 448 Ibi
572 422 604 449 de
616 423 774 456 operatione
787 423 917 458 loquitur.
926 423 982 451 Nos
993 424 1054 458 qui-

264 468 326 493 dem
341 467 435 499 igitur,
452 467 501 498 ait.
518 476 580 495 cum
599 476 729 496 mensura
747 469 934 504 operationem
952 470 1052 504 recipi-

263 521 345 545 mus;
381 514 425 541 ille
449 520 540 541 autem
567 515 674 549 plenam
701 516 829 543 omnibus
864 516 1051 550 operationem

262 564 383 594 pra'stat.

568 622 683 650 CAPUT
696 623 737 651 ιν.

296 695 378 722 Vens.
396 695 423 722 '2.
436 694 516 722 .Iesus
529 696 586 730 ipse
602 704 654 723 non
667 696 833 731 baptizabat,
849 697 895 724 sed
911 696 1048 732 discipuli,

260 741 306 768 sed
326 741 484 769 nuntiantes
519 741 553 768 dc
578 742 626 768 illo
648 742 673 768 id
700 743 826 770 dicebant
848 747 878 770 ut
900 744 1050 771 excitarent

260 788 403 816 audientes
421 789 485 823 quia
503 789 630 815 Christus
646 789 775 824 baptizat.
801 790 930 817 Dicebant
947 794 1048 822 autent,

260 834 322 868 quia
334 843 388 862 non
401 835 603 869 cognoscebant
618 835 785 870 propositum
800 835 913 863 Joannis
931 836 1004 871 quod
1021 836 1048 864 in

259 881 397 908 Christum
417 881 542 908 habebat.

290 927 375 953 ,Yens.
405 926 430 953 4.
458 925 602 959 Quomodo
631 925 836 961 intelligendum
865 936 872 953 :

255 978 341 998 autem
359 980 418 997 eum
431 972 545 998 transire
558 979 604 1006 per
618 971 790 1004 Samariam?
805 971 872 1005 Quia
887 972 1049 1007 expulerant

255 1026 317 1044 eum
333 1017 430 1050 Judazi,
453 1018 486 1044 ad
502 1024 597 1052 gentes
614 1018 679 1045 ibat.
706 1017 782 1045 Unde
803 1019 892 1046 vocati
916 1024 980 1046 sunt
995 1019 1045 1046 Sa-

255 1063 398 1095 maritani.
427 1068 454 1090 et
483 1064 622 1098 quomodo
654 1064 796 1092 constituti
827 1064 923 1092 erant?
951 1065 1048 1091 Somor

242 1117 333 1137 .mons
346 1109 457 1144 quidam
468 1109 609 1136 dicebatur
622 1118 635 1136 a
648 1110 818 1144 possidente,
829 1116 857 1138 ut
867 1111 952 1138 Isaias
961 1111 1045 1139 dicit:

255 1155 289 1182 Et
301 1160 383 1190 caput
396 1154 538 1182 Somornm
554 1155 694 1190 Epltra'im.
711 1156 763 1183 Sed
774 1157 868 1184 incolae
879 1164 933 1184 non
949 1157 1047 1185 Sama-

255 1202 334 1229 ritani
344 1201 391 1228 sed
403 1201 530 1228 Israelita:
537 1202 958 1237 vocabantur.’l‘emporisautem
969 1204 1046 1239 lapsu

256 1249 282 1274 in
313 1246 398 1274 Deum
424 1247 608 1280 otl‘eriderunt,
639 1252 666 1274 et
691 1254 822 1282 regnante
848 1249 954 1276 Phacee
972 1250 1048 1276 venit

255 1293 468 1328 Phelgaphasar,
495 1293 577 1320 urbes
594 1294 666 1329 cepit
685 1295 786 1321 multas
802 1299 829 1321 et
844 1294 918 1322 dedit
944 1294 1003 1327 Eia,
1020 1299 1047 1322 et

255 1343 327 1367 hunc
341 1341 480 1371 auferens,
498 1338 569 1367 Osee
599 1347 713 1375 regnum
737 1340 821 1368 dedit.
837 1340 890 1368 Sed
916 1341 943 1368 in
963 1341 1045 1369 istum

254 1387 429 1421 progrediens
442 1385 628 1418 Salmanasar,
637 1387 708 1420 cepit
723 1387 803 1414 nrbes
813 1387 892 1420 alias,
906 1392 934 1414 et
945 1376 1046 1414 tributa

253 1433 394 1468 imposuit.
414 1432 466 1460 Sed
491 1432 543 1460 ise
565 1432 655 1468 primo
673 1433 782 1467 quidem
801 1433 934 1468 regnavit,
951 1438 1046 1468 postea

253 1487 319 1507 vero
335 1487 419 1515 regno
437 1479 557 1507 excessit
578 1479 610 1506 ad
625 1479 784 1507 societatem
799 1480 962 1515 [Ethiopnm
980 1488 1047 1508 con-

254 1525 371 1560 fugiens.
401 1524 535 1559 Cognovit
566 1525 591 1552 id
617 1524 747 1560 Assyrius
773 1530 799 1552 et
826 1525 990 1560 impugnans
1019 1529 1047 1552 et

253 1571 381 1599 auferens
398 1579 455 1604 eos,
473 1579 526 1599 non
544 1576 650 1606 gentem
668 1571 723 1598 illic
739 1579 850 1598 manere
870 1571 994 1606 permisit
1008 1571 1044 1598 oh

254 1619 436 1653 suspicionem
462 1618 622 1651 seditionis;
637 1626 670 1645 ex
685 1618 728 1645 his
751 1622 853 1650 autem,
869 1617 1001 1651 plurimos
1017 1617 1045 1644 in

254 1664 432 1700 Babyloniam
449 1668 476 1690 et
489 1663 601 1690 Mediam
617 1664 740 1697 adduxit,
752 1669 778 1691 et
793 1663 855 1691 inde
869 1668 962 1698 gentes
977 1672 991 1691 e
1004 1663 1045 1690 di-

255 1713 341 1740 versis
358 1713 424 1739 locis
442 1711 592 1742 adducens,
609 1711 753 1738 constituit
769 1711 795 1737 in
813 1710 948 1742 Samaria,
964 1710 1001 1737 ita
1017 1714 1046 1737 ut

254 1763 391 1793 postremo
411 1765 539 1785 securum
557 1758 608 1784 sibi
630 1765 742 1791 regnum
759 1756 872 1789 faceret,
886 1756 975 1783 locum
994 1756 1044 1782 ha-

253 1804 381 1831 bentibus
396 1803 504 1831 incolis.
523 1803 627 1835 Quibus
641 1803 736 1838 gestis,
755 1803 850 1829 volens
867 1802 937 1829 Deus
953 1806 1045 1829 osten-

253 1851 318 1877 dere
337 1857 416 1877 suam
440 1849 606 1883 potentiam,
633 1854 659 1875 et
676 1856 705 1875 se
725 1857 780 1875 non
806 1855 853 1883 per
877 1848 1044 1875 debilitatem

254 1895 399 1923 tradidisse
421 1894 543 1927 Judwos,
568 1895 615 1922 sed
639 1894 673 1922 ob
699 1895 808 1921 illorum
832 1899 954 1928 peccata,
971 1894 1046 1921 misit

255 1944 347 1970 leones
362 1942 389 1969 in
405 1942 547 1974 barbaros,
562 1942 609 1976 qui
626 1945 800 1968 vastaverunt
823 1945 930 1975 gentem
947 1944 1044 1968 totam.

253 1988 413 2016 Nuntiatum
443 1991 487 2015 cst
509 1995 575 2022 ergo
603 1987 674 2021 regi,
705 1991 732 2014 et
760 1986 843 2013 mittit
875 1985 1042 2013 sacerdotem

253 2037 398 2071 quemdam
415 2035 461 2071 qui
476 2034 530 2062 illis
552 2034 685 2069 praeberet
700 2033 786 2067 legem
802 2032 861 2060 Dei.
876 2032 927 2059 Sed
945 2031 1044 2058 nihilo-

253 2083 345 2110 minus
368 2089 422 2108 non
457 2081 520 2108 ideo
548 2088 582 2106 ex
611 2078 782 2114 plenitudine
809 2085 865 2105 suae
895 2077 1043 2111 impietatis

254 2129 459 2156 abscesserunt.
478 2126 611 2161 Tempore
638 2126 741 2160 elapso,
765 2124 847 2152 idolis
870 2125 979 2159 quidem
999 2131 1044 2151 re-

255 2175 460 2205 nuntiaverunt,
477 2177 504 2199 et
519 2173 703 2199 adoraverunt
718 2170 813 2198 Deum.
839 2170 930 2197 Rebus
960 2170 996 2196 ita
1014 2177 1044 2197 sc

255 2220 429 2253 habentibus,
445 2219 623 2246 ascendentes
637 2217 664 2244 hi
678 2217 723 2252 qui
739 2221 818 2244 erant
833 2224 866 2243 ex
880 2215 986 2246 ludam.
1002 2217 1043 2243 in-

254 2267 359 2294 vidiose
378 2266 406 2292 in
425 2264 487 2291 illos
502 2271 532 2291 se
549 2267 703 2298 gesserunt,
719 2263 798 2297 quasi
820 2262 847 2289 in
861 2262 1042 2296 alienigenas.
1058 2273 1084 2302 1)

254 2317 281 2339 ct
305 2320 319 2339 a
346 2315 440 2338 monte
466 2309 654 2337 Sauiaritanos
682 2313 857 2335 vocaverunt.
883 2307 942 2334 Non
960 2315 1043 2340 parva

255 2362 345 2384 autem
360 2355 460 2383 exinde
471 2360 530 2382 orta
543 2360 584 2382 est
601 2353 761 2386 inimicitia;
778 2360 840 2380 nam
853 2360 906 2379 non
919 2351 1045 2379 omnibus

257 2402 406 2438 Scripturis
418 2402 576 2433 utebantur,
587 2401 633 2428 sed
646 2400 746 2435 Mnysis
758 2399 845 2432 libris,
855 2399 966 2425 minime
980 2406 1045 2426 vero

255 2450 462 2484 prophetarum.
486 2446 700 2474 [Ennilabanlur
713 2451 803 2472 autem
821 2445 847 2471 in
863 2445 972 2479 generis
995 2451 1044 2471 no-

255 2496 360 2522 bilitate
378 2494 412 2521 iis
432 2493 552 2528 aequales
573 2500 645 2525 esse,
666 2497 691 2518 et
724 2492 758 2518 dc
784 2490 920 2517 Abraham
945 2489 1046 2524 gloria-

254 2543 364 2572 bantur.
379 2545 406 2567 et
427 2545 532 2575 patrem
557 2539 633 2565 illum
652 2546 713 2565 esse
736 2544 791 2572 pra).
805 2545 834 2564 se
850 2536 983 2567 ferebant,
1000 2540 1045 2562 ut-

255 2593 316 2623 pote
330 2588 376 2623 qui
389 2595 404 2614 e
417 2586 544 2614 Chaldzea
566 2590 648 2613 esset.
669 2583 755 2611 Judmi
771 2587 863 2610 autem
881 2590 942 2610 cum
957 2582 1048 2609 omni-

255 2637 305 2663 bus
327 2635 373 2670 qui
392 2633 531 2669 gentiliter
549 2633 691 2664 vivebant,
716 2630 766 2658 bos
792 2637 900 2664 quoque
918 2637 1045 2657 exsecra-

253 2683 362 2710 bantur.

288 2775 371 2802 Vens.
393 2774 420 2801 6.
443 2773 562 2800 Dircudo
581 2772 654 2808 quod
672 2780 678 2798 :
697 2770 776 2798 Iesus
791 2770 920 2805 fatigatus
941 2774 998 2796 erat
1012 2779 1045 2797 ea:

252 2823 357 2853 itinere,
382 2821 501 2847 ostendit
524 2821 599 2846 illum
627 2819 662 2845 ita
683 2818 810 2844 ardenter
827 2815 878 2842 iter
903 2816 1000 2843 fecisse
1016 2821 1046 2843 ut

254 2868 382 2899 fatigatus
399 2866 476 2893 foret.
494 2867 551 2893 Non
566 2862 780 2898 enimjnmentis
793 2861 930 2892 utebatur,
944 2861 1045 2888 ducens

255 2921 305 2941 nos
327 2913 539 2940 mediocritatem
566 2914 653 2945 neque
672 2917 769 2943 magna
786 2915 895 2942 cupere.
921 2907 948 2933 ln
971 2912 1044 2935 terra

1107 288 1174 312 στεῖ’
1184 286 1289 322 τὸγὰρ,
1309 288 1526 323 Ἔσφράγισεν,
1539 289 1666 323 ἐνταῦθα,
1697 291 1815 325 Ἐδειξε,
1843 302 1894 329 ση-

1109 333 1209 367 μαίνει.

1141 379 1174 405 Τί
1186 380 1245 406 ἐστι
1261 380 1303 412 τὸ,
1320 381 1361 408 οὐ
1377 381 1432 415 τὰρ
1443 381 1477 408 ὲκ
1483 382 1595 416 μέτρου
1606 383 1731 410 δίδωσιν
1742 385 1758 411 ὁ
1774 385 1846 418 Θεὸς
1859 386 1893 413 τὸ

1106 423 1247 458 ﬁnium;
1277 426 1411 453 Ἐνταῦθα
1438 426 1487 462 τὴν
1510 427 1651 462 ἐνέργειαν
1677 429 1762 463 λέγει.
1798 431 1893 466 Ἡμεῖς

1107 469 1156 504 μὲν
1170 468 1228 502 οὖν,
1246 471 1325 506 φησὶ,
1350 472 1442 514 μέτρῳ
1469 473 1519 511 τὴν
1542 473 1685 508 ἐνέργειαν
1702 475 1890 512 λαμϐάνομεν·

1103 515 1183 547 αὐτὸς
1197 515 1224 542 δὲ
1239 515 1387 552 ὀλόκληρον
1401 518 1468 545 πᾶσι
1483 518 1532 554 τὴν
1548 519 1688 554 ἐνέργειαν
1710 522 1835 557 παρέχει.

1404 626 1531 653 ΚΕΦΑΛ.
1551 628 1587 653 Δ’.

1138 698 1200 724 Ὅτι
1212 697 1292 730 αὐτὸς
1302 699 1316 725 ὁ
1331 698 1447 733 Χριστὸς
1462 699 1512 725 οὐκ
1528 699 1753 732 ἐϐάπτιζενράλϊ
1764 702 1787 728 οἱ
1804 701 1893 738 μαθη-

1101 743 1156 769 ται·
1169 743 1195 769 οἱ
1212 743 1240 769 δὲ
1253 743 1474 778 ἀπαγγέλλοντες
1490 744 1584 778 ἔλεγον
1603 744 1727 777 τοιαῦτα,
1746 747 1821 778 ὅπως
1851 748 1891 774 δι-

1103 788 1231 824 εγείρωσι
1248 790 1311 820 τοὺς
1326 789 1476 820 ἀκούοντας
1502 789 1543 816 ὅτι
1575 791 1588 816 ὁ
1608 791 1725 825 Χριστὸς
1755 791 1892 826 βαπτίζει·

1099 835 1193 869 ἔλεγον
1211 835 1239 861 δὲ
1252 835 1288 870 μὴ
1306 835 1488 869 γινώσκοντες
1503 835 1548 862 τὸν
1571 836 1618 862 τοῦ
1651 837 1776 864 Ἰωάννου
1789 839 1890 865 σκοπὸν

1099 881 1127 907 ὃν
1141 880 1216 916 εἶχεν
1229 883 1270 912 εἰς
1287 882 1416 916 Χριστόν.

902 926 1046 961 Oportebat
1061 919 1085 949 Β
1135 928 1197 960 Πῶς
1212 929 1322 964 νοητέον
1336 928 1377 958 τὸ,
1396 928 1480 955 Ἔδει
1496 928 1530 954 δὲ
1541 929 1636 955 αὑτὸν
1658 929 1828 964 διέρχεσθαι
1840 931 1891 958 διὰ

1099 974 1154 1008 τῆς
1164 975 1346 1009 Σαμαρείας;
1364 975 1422 1001 ’οτ¹
1450 975 1492 1007 ἂν,
1516 975 1610 1010 φησὶν,
1635 975 1793 1011 ἀπήλαυνον
1809 977 1890 1003 αὑτὶν

1098 1022 1123 1047 οἱ
1143 1021 1274 1054 Ἰουδαῖοι,
1291 1021 1337 1048 ἐπὶ
1359 1023 1394 1048 τὰ
1410 1021 1474 1056 ἔθνη
1491 1022 1601 1056 ἣρχετο.
1631 1022 1717 1048 Πόθεν
1734 1022 1890 1057 ἐκλήθησαν

1099 1067 1277 1102 Σαμαρεῖται,
1288 1067 1336 1093 καὶ
1346 1066 1404 1098 πῶς
1420 1067 1591 1102 συνέστησαν
1601 1075 1608 1100 ;
1619 1067 1709 1103 Σομὸρ
1718 1067 1747 1094 τὺ
1759 1069 1821 1103 ὗρος
1830 1068 1889 1095 ἐλέ-

1098 1121 1162 1146 γετο
1171 1112 1226 1139 ἀπὸ
1235 1112 1282 1139 τοῦ
1294 1112 1478 1147 κτησαμένου·
1493 1112 1621 1148 καθάπερ
1630 1113 1678 1139 καὶ
1689 1113 1800 1145 Ἠσαῖας
1811 1114 1888 1149 φησί·

1097 1159 1176 1193 Καὶὴ
1184 1158 1303 1194 κεφαλὴ
1317 1159 1455 1193 Σομόρων
1470 1159 1604 1194 Ἐφραίμ·
1615 1158 1703 1186 ἀλλὀἱ
1715 1159 1851 1191 οέκοῦντες
1858 1161 1888 1187 οὐ

1098 1206 1278 1241 Σαμαρεῖται,
1289 1205 1346 1232 ἀλλ’
1357 1205 1523 1240 Ἰσραηλῖται
1535 1205 1668 1239 ἐλέγοντοι
1679 1206 1774 1241 χρόνου
1784 1206 1811 1233 δὲ
1824 1214 1889 1242 προ-

1097 1252 1184 1284 ϊόντος
1194 1251 1403 1287 προσέκρουσαν
1417 1251 1455 1286 τῷ
1469 1251 1540 1285 Θεῷ,
1555 1253 1602 1278 καὶ
1612 1252 1825 1286 βασιλεύσαντος
1836 1254 1889 1279 Φασ

1097 1298 1143 1324 κεὲ
1163 1297 1264 1331 ἀνῆλθε
1275 1297 1467 1332 Φελγαφασὰρ,
1481 1297 1574 1328 πόλεις
1586 1305 1615 1323 τε
1645 1296 1700 1324 εἷλε
1715 1297 1825 1330 πολλὰς,
1841 1299 1889 1325 καὶ

1097 1344 1210 1371 ἐπέθετο
1225 1343 1264 1378 τῷ
1279 1344 1321 1370 Ἦ)
1329 1344 1355 1378 ᾷ,
1375 1344 1421 1370 καὶ
1432 1343 1536 1369 ἀνελὼν
1548 1343 1641 1375 αὑτὸν,
1662 1344 1797 1379 Ὠαῃὲτὴν
1809 1344 1887 1379 βασι-

1097 1389 1172 1415 λειαν
1180 1389 1273 1415 ἔδωκε·
1283 1390 1328 1416 καὶ
1338 1389 1383 1415 ἐπὶ
1392 1389 1487 1415 τοῦτον
1495 1388 1579 1414 ἐλθὼν
1587 1390 1599 1415 ὁ
1606 1389 1677 1415 Σαλα
1682 1390 1821 1425 μανασὰρ,
1831 1387 1886 1416 εἷλε

1097 1433 1189 1465 πόλεις
1205 1433 1311 1468 ἑτέρας,
1325 1433 1372 1460 καὶ
1387 1433 1471 1468 φόρου
1500 1433 1629 1467 ἐποίησεν
1645 1434 1795 1465 ὑποτελεῖς.
1816 1434 1886 1460 “Δ>λ“

1097 1475 1173 1510 οὗτος
1185 1480 1216 1506 τὸ
1234 1479 1283 1514 μὲν
1298 1478 1406 1514 πρῶτον
1429 1476 1522 1513 ἦρξεν·
1540 1477 1690 1513 ὕστερονδὲ
1703 1480 1809 1514 ἀπέστη
1833 1479 1885 1512 τῆς

1097 1524 1195 1559 ἀρχῆς,
1212 1524 1335 1559 καὶπρὸς
1347 1525 1397 1558 τὴν
1408 1524 1462 1550 τῶν
1472 1524 1609 1551 Αἰθιόπων
1622 1524 1760 1559 κατέφυγε
1775 1533 1886 1560 συμμα-

1097 1571 1266 1605 χίαν.’⁴Εγνω
1275 1570 1355 1596 τοῦτο
1365 1572 1378 1597 ὁ
1395 1571 1548 1605 Ἀσσύριος,
1557 1571 1604 1597 καὶ
1612 1571 1830 1606 ἐπιστρατεύσας
1839 1571 1886 1597 καὶ

1099 1614 1200 1641 ἀνελὼν
1219 1615 1327 1647 αὐτοὺς,
1344 1615 1436 1641 οὐκέτι
1461 1616 1491 1641 τὸ
1512 1615 1587 1647 ἔθνος
1605 1617 1663 1642 ἐκεῖ
1681 1616 1774 1650 μένειν
1788 1617 1885 1650 ἀφίησι

1099 1660 1143 1686 διὰ
1154 1660 1203 1696 τὴν
1215 1661 1265 1695 τῆς
1284 1661 1405 1692 στάσεως
1427 1661 1555 1696 ὑποψίαν·
1576 1661 1644 1688 ἀλλὰ
1656 1661 1686 1694 ἐξ
1701 1662 1802 1694 αὐτῶν,
1823 1663 1887 1693 τοὺς

1101 1707 1150 1742 μὲν
1176 1709 1216 1739 εἰς
1239 1708 1386 1734 Βαϐυλῶνα
1413 1708 1501 1742 ἤγαγε
1520 1708 1568 1734 καὶ
1591 1708 1712 1743 Μήδους·
1730 1707 1836 1734 ἐκεῖθεν
1852 1707 1881 1733 δὲ

1099 1753 1164 1787 ἔθνη
1179 1753 1314 1788 διαφόρων
1328 1754 1419 1780 τόπων
1432 1753 1554 1788 ἀγαγὼν,
1570 1754 1721 1789 κατῴκισεν
1738 1755 1767 1779 ἐν
1783 1755 1814 1789 τῇ
1832 1754 1886 1779 Σα-

1101 1800 1212 1835 μαρείᾳ,
1229 1799 1299 1826 ὥστε
1318 1800 1412 1827 λοιπὸν
1425 1801 1535 1835 ἀσφαλῆ
1552 1800 1627 1834 αὐτῷ
1646 1801 1695 1834 τὴν
1706 1800 1794 1835 ἀρχὴν
1805 1798 1886 1832 εἶναι,

1098 1847 1152 1873 τῶν
1169 1847 1277 1874 οἰκείων
1299 1848 1416 1882 ἐχόντων
1439 1847 1480 1873 τὸν
1496 1849 1588 1874 τόπον.
1609 1847 1719 1873 Τούτων
1732 1847 1760 1873 δὲ
1770 1848 1885 1883 γενομέ-

1098 1903 1161 1925 νων,
1177 1893 1337 1929 βουλόμενος
1361 1894 1374 1920 ὁ
1400 1894 1466 1925 Θεὸς
1481 1894 1567 1926 δεῖξαι
1583 1894 1632 1928 τὴν
1657 1893 1739 1920 αὑτοῦ
1756 1894 1885 1929 δύναμιν,

1097 1940 1145 1967 καὶ.
1160 1940 1198 1971 ὡς
1214 1940 1244 1966 ού
1271 1940 1303 1966 δι’
1327 1940 1469 1967 ἀσθένειαν
1493 1940 1625 1972 ἐξέδωκεν
1647 1939 1887 1971 Ἰουδαίους,ἀλλὰ

1097 1986 1130 2013 δι’
1147 1986 1296 2021 ἁμαρτίας,
1313 1988 1447 2021 ἐπαφίησι
1459 1987 1569 2017 λέοντας
1592 1987 1649 2017 τοῖς
1667 1985 1828 2021 βαρϐάροις,
1844 1987 1886 2012 οῖ-

1097 2041 1170 2064 τινες
1196 2032 1374 2067 ἐλυμαίνοντο
1402 2032 1432 2058 τὸ
1448 2031 1523 2063 ἔθνος
1540 2032 1623 2059 ἅπαν.
1659 2031 1818 2067 Ἀπηγγέλη
1837 2030 1900 2059 οἶσθ’

1097 2078 1184 2104 ταῦτα
1198 2078 1237 2113 τῷ
1258 2078 1372 2112 βασιλεῖ,
1391 2078 1439 2104 καὶ
1454 2078 1556 2112 πέμπει
1575 2077 1652 2112 ἱερέα
1662 2078 1723 2104 τινὰ
1737 2078 1783 2104 τὸν
1795 2086 1885 2113 παρα-

1097 2124 1217 2150 δώοοντα
1236 2125 1329 2156 αὐτοῖς
1348 2125 1393 2151 τὸν
1417 2124 1485 2150 Θεοῦ
1515 2124 1609 2158 νόμον¹
1633 2124 1691 2150 ἀλλ’
1723 2124 1799 2159 ὅμως
1820 2124 1883 2151 οὐδὲ

1097 2169 1183 2201 οὕτως
1199 2170 1228 2202 ἐξ
1242 2170 1389 2205 ὁλοκλήρου
1403 2170 1453 2204 τῆς
1477 2170 1605 2202 ἀσεὸειας
1626 2170 1795 2205 ἀπέστησαν.
1812 2171 1884 2205 Χρή-

1095 2224 1142 2241 νου
1153 2216 1305 2250 προϊόντος,
1318 2215 1371 2242 τῶν
1387 2217 1435 2251 μὲν
1450 2216 1566 2242 εἰδώλων
1577 2215 1747 2250 ἀπέστησαν,
1756 2216 1885 2242 ὲσέὸοντο

1096 2262 1124 2288 δὲ
1139 2263 1185 2288 τὸν
1199 2262 1274 2288 Θεόν·
1294 2262 1341 2288 καὶ
1355 2262 1410 2287 τῶν
1427 2262 1599 2296 πραγμάτων
1616 2262 1644 2288 ἐν
1667 2261 1773 2293 τούτοις
1786 2261 1883 2294 ὄντων,

1097 2309 1255 2340 ἀνελθόντες
1267 2309 1292 2335 οἱ
1306 2309 1404 2341 Ἰοῦδα,
1421 2308 1581 2343 ζηλοτύπως
1604 2308 1672 2344 πρὸς
1688 2309 1789 2340 αὐτοὺς
1801 2305 1885 2342 εἶχον.

1097 2355 1144 2381 ἅτε
1165 2355 1233 2390 πρὸς
1250 2354 1425 2388 ἀλλοφύλους,
1444 2355 1491 2381 καὶ
1511 2354 1565 2380 ἀπὸ
1579 2354 1627 2381 τοῦ
1649 2354 1729 2389 ὅρους
1746 2354 1886 2389 Σαμαρεί-

1095 2409 1145 2432 τας
1161 2401 1260 2432 αὐτοὺς
1286 2401 1411 2428 ἐκάλουν.
1431 2401 1484 2428 Καὶ
1500 2401 1530 2427 οὐ
1546 2401 1633 2436 μικρὰ
1651 2400 1776 2426 ἐντεῦθεν
1788 2398 1822 2435 ἦν
1841 2409 1886 2434 φι-

1096 2445 1214 2471 λονεικία
1226 2454 1232 2461 ·
1250 2446 1311 2472 οὐδὲ
1327 2447 1380 2481 γὰρ
1402 2448 1463 2478 ταῖς
1480 2446 1603 2481 Γραῳαῖς
1619 2446 1738 2476 ἀπάσαις
1755 2445 1885 2480 ἐχρῶντο,

1097 2491 1164 2518 ἀλλὰ
1179 2492 1289 2524 Μωπέα,
1304 2492 1366 2520 τοὺς
1379 2492 1406 2518 δὲ
1419 2493 1572 2527 προφήτας,
1588 2491 1658 2527 οὐχί.
1684 2491 1887 2525 Ἐφιλοίιείκουν

1099 2538 1190 2573 μέντοι
1205 2539 1244 2569 εἰς
1259 2538 1309 2573 τὴν
1327 2539 1469 2572 εὐγένειαν
1483 2539 1614 2570 ἰσωθῆναι
1628 2537 1738 2568 αὐτοὺς,
1756 2537 1803 2564 χαὶ
1821 2539 1883 2570 ἐφι-

1097 2584 1256 2619 λοτιμοῦντο
1276 2585 1323 2611 ἐπὶ
1342 2585 1382 2620 τῷ
1412 2585 1549 2620 Ἀϐραὰμ,
1581 2585 1629 2611 καὶ
1657 2584 1789 2619 πρόγονον
1804 2584 1886 2609 αὐτὸν

1096 2632 1296 2667 ἐπεγράφοντο,
1323 2631 1371 2658 ἆτε
1405 2631 1459 2657 ἀπὸ
1479 2632 1528 2664 τῆς
1554 2630 1690 2662 Χαλδαίοις
1715 2631 1790 2656 liv-.1.
1808 2630 1842 2655 Οἱ
1857 2629 1886 2654 δὲ

1103 2678 1225 2704 Ἰουδαῖοι
1241 2677 1310 2712 μετὰ
1335 2678 1444 2704 πάντων
1472 2677 1526 2704 τῶν
1553 2676 1668 2707 ἐθνικῶς
1697 2675 1819 2708 ζώντων,
1837 2676 1885 2701 καὶ

1096 2725 1208 2755 τούτους
1223 2724 1423 2751 ἐϐδελύσσοντο.

1132 2770 1224 2797 Εἰπὼν
1239 2770 1280 2796 ὃτι
1292 2791 1298 2803 ,
1308 2769 1497 2802 Κεκοπιακὼς
1510 2769 1543 2795 ἐκ
1558 2768 1613 2802 τῆς
1623 2768 1804 2802 ὁδοιπορίας,
1818 2767 1884 2793 ἐδεν-

1097 2817 1141 2849 ξεν
1155 2817 1195 2844 ὅτι
1208 2817 1293 2848 οὕτως
1307 2817 1432 2848 ἐϐάδιζεν
1443 2816 1559 2847 εὐτόνως
1574 2815 1611 2847 ὠς
1623 2816 1671 2842 καὶ
1686 2815 1819 2842 κοπιάται
1829 2823 1836 2829 ·
1854 2813 1887 2840 οὗ

1097 2863 1151 2898 γὰρ
1166 2862 1324 2896 ὑποζυγίοις
1337 2862 1480 2896 ἐκέχρητο,
1502 2861 1596 2888 παιδεύ
1608 2870 1638 2887 ην
1652 2861 1718 2895 ἡμῖν
1733 2860 1764 2886 τὸ
1775 2861 1888 2894 ἀπέριτ-

1097 2917 1154 2939 τον,
1177 2908 1223 2934 καὶ
1241 2908 1278 2943 μὴ
1294 2907 1400 2933 πολλῶν
1416 2907 1530 2933 suam.
1555 2907 1618 2933 Ἐτὶ
1641 2907 1692 2940 γῆν
1709 2906 1747 2937 δὲ,
1761 2906 1820 2932 ἀλλ’
1837 2905 1889 2932 οὐκ
