2075 3157
211 190 295 230 1233'

735 196 895 227 SCHOLI’A
914 192 1062 225 VETERA
1084 192 1124 222 IN
1143 191 1331 222 JOANNEM.

1763 169 1833 225 16234

210 260 256 285 ἐπὶ
271 258 364 293 θρόνου
381 257 537 290 καθέζεται,
554 258 600 284 καὶ
616 257 690 292 παρᾶ
703 257 779 292 πηγῇ
793 255 838 282 διὰ
853 254 883 281 τὸ
894 253 989 288 ψύχος·

1044 258 1107 277 vero
1120 254 1147 276 et
1160 258 1213 277 non
1228 250 1254 277 in
1270 249 1396 276 cathedra
1413 249 1499 280 sedet,
1523 254 1550 276 et
1575 251 1653 284 juxta
1681 250 1781 278 fontem
1796 252 1831 279 ob

208 304 252 331 διὰ
272 303 350 330 τοῦτο
365 305 412 329 καὶ
431 305 444 330 ό
459 303 656 338 εὐαγγελιπτὴς
683 303 785 337 ἐδήλου·
803 299 860 328 Ἦν
870 300 904 326 δὲ
920 299 992 326 ὡσεὶ

208 350 268 384 ὦμοι
283 350 366 383 ἕκτη.
379 350 416 376 Τὸ
429 349 457 376 δὲ
473 350 573 383 ἄτυφον
587 349 668 375 αὑτοῦ
691 348 816 383 φαίνεται
830 348 861 373 ἐκ
876 345 923 372 τοῦ
941 346 990 380 μό-

209 405 253 423 νον
273 395 486 430 καταλειφθῆναι
500 396 529 422 ἐν
543 396 575 430 τῇ
593 394 654 430 ὁδῷ,
668 395 716 421 καὶ
730 394 761 420 τὸ
775 394 839 429 περὶ
863 392 912 423 τὰς
928 400 991 426 τρο-

210 443 263 476 φὶις
289 442 462 476 ἠμελημένον
482 442 514 467 ἐκ
531 441 578 467 τοῦ
606 441 733 467 ἀπελθεῖν
771 440 834 470 τοὺς
866 438 992 473 μαθητὰς

210 487 343 522 ἀγοράσαι
357 486 459 521 τροφὰς
474 486 620 512 δείκνυται.
647 486 700 512 Καὶ
716 485 780 519 μετ’
807 484 904 518 ὀλιγα-
929 482 993 514 Πῶς

208 532 328 563 δύναται,
345 532 437 566 φησιν,
459 531 516 562 leo;
533 529 603 557 εἶναι
616 532 629 557 6
645 531 708 562 Υἱὸς
721 530 759 564 τῷ
774 529 876 564 "arpi;
900 528 928 554 '0
939 528 993 562 γὰρ

208 577 274 608 Θεὸς
287 576 414 603 οὐδέποτε
430 577 522 611 κοπιᾷ·
539 577 552 602 6
565 576 592 602 δὲ
612 575 715 610 Ἰησοῦς
732 575 872 601 ἐκοπίασε.
889 574 991 599 Ἀκουε

209 623 262 656 γᾶιρ
288 622 337 649 τοῦ
366 623 507 657 προφήτου
525 622 649 655 λέγοντος
681 621 804 647 Ἡσαΐου·
836 620 866 646 '0
883 620 954 651 Θεὸς
976 620 992 645 d

208 666 337 700 αἰώνιος,
350 668 366 694 ό
379 667 451 700 Θεὸς
460 669 475 694 ὀ
486 667 717 699 κατασκευάσας
728 667 764 693 τὰ
772 666 847 700 ἄκρα
858 664 913 699 τῆς
925 664 991 699 τῆς,

209 713 244 739 οὐ
255 711 483 745 πεινάσειῖοῠδὲ
496 713 644 740 κοπιάσει·
660 713 731 739 οὺδέ
740 712 826 739 ἔστιν
838 712 993 746 ἑξεύρεσις

207 757 262 791 τῆς
272 758 447 792 φρονήσεως
462 759 565 785 αὐτοῦ.
589 759 720 794 Σύμφημι
746 758 823 792 κάγώ
837 767 888 789 σοι,
907 758 992 784 Εὐνό-

210 812 265 838 tua,
281 804 322 830 ὅτι
349 804 415 835 Θεὸς
432 804 559 831 οὐδέποτε
577 806 669 839 κοπιᾷ·
695 804 753 831 ἀλλ’
768 804 806 831 ὅτ’
823 803 856 831 ἂν
871 803 992 839 ἀκούσῃς

214 848 318 883 Ἰησοῦν
345 849 540 876 κεκοπιακέναι
563 850 595 875 ἐκ
612 849 662 884 τῆς
691 849 858 884 ὁδοιπορίας,
880 848 918 884 μὴ
946 848 993 875 τὸν

207 894 273 920 Θεδν
298 894 384 929 Λόγον
403 895 448 920 τὸν
472 896 509 922 ἐν,
525 895 599 930 αὐτῷ
624 895 759 929 φαντάζου
784 895 990 926 κεκοπιακέναι,

206 939 274 966 ἀλλὰ
289 939 337 975 τὴν
348 939 394 966 τοῦ
408 939 501 966 δούλου
520 941 638 975 μορφήν·
655 941 720 972 Θεὸς
734 941 789 975 γὰρ
803 940 863 967 οὐδὲ
881 939 991 966 πώποτε

207 985 301 1021 κοπιᾷ,
316 985 402 1018 πάθος
418 986 468 1013 οὐκ
485 987 649 1022 ἐπιδέχεται.
669 987 730 1013 ’Ότι
747 987 776 1013 δὲ
791 987 806 1013 6
825 987 893 1018 Θεὸς
906 986 990 1021 Λόγος

206 1029 241 1066 ἦν
254 1033 286 1067 τῇ
311 1031 358 1058 τοῦ
376 1031 469 1058 δούλου
493 1034 597 1068 μορφῇ,
622 1033 725 1066 λεγέτω
751 1033 798 1059 καὶ
819 1034 832 1059 6
852 1032 990 1067 Ἰωάννης·

205 1077 260 1104 Καὶ
275 1078 292 1104 ό
306 1079 401 1112 Λόγος
424 1077 502 1112 σὰρξ
526 1078 655 1112 ἐγένετο,
679 1079 727 1105 καὶ
756 1077 934 1111 ἐσκήνωσεν·
957 1077 992 1103 ἐν

206 1123 288 1157 ἡμῖν·
305 1124 336 1150 οὺ
360 1125 475 1159 τραπεὶς
501 1123 550 1150 καὶ
580 1123 770 1158 μεταϐληθεὶς,
799 1123 868 1149 ἀλλὰ
897 1122 988 1155 σάρκα

206 1169 377 1203 προσλαϐών.
391 1170 449 1196 Ἵνα
467 1167 513 1196 οὗν
527 1169 618 1204 δειχθῇ
635 1170 676 1196 ὅτι
691 1171 737 1196 καὶ
760 1169 904 1204 ἄνθρωπός
921 1169 990 1200 ἐστι,

205 1216 382 1243 κεκοπιακεν.

242 1261 302 1291 Πῶς
315 1262 329 1288 6
341 1261 428 1295 λέγων
442 1263 482 1293 εἰς
496 1263 573 1289 πόλιν
590 1261 769 1297 Σαμαρειτῶν
784 1261 822 1296 μὴ
844 1260 988 1290 εἰσελθεῖν,

205 1305 389 1342 Σαμαρείταις
404 1307 554 1341 διελέγετος
569 1308 645 1335 Κατὰ
661 1307 747 1342 τύχην
759 1307 870 1342 ἐξῆλθεν
888 1307 903 1341 ἡ
920 1305 989 1341 γυνὴ

204 1353 335 1388 ἀντλῆσαι
352 1352 433 1388 ὕδωρ·
451 1353 490 1388 τῷ
516 1352 544 1379 δὲ
573 1353 683 1388 Χριστῷ
700 1354 716 1388 ἡ
744 1352 862 1388 καθέδρα
878 1351 924 1378 διὰ
943 1351 990 1377 τὸν

205 1396 290 1423 κόπον
301 1397 423 1431 γέγονεν,
436 1398 466 1424 οὐ
479 1399 532 1434 μὴν
545 1398 589 1425 διὰ
603 1399 653 1434 τὴν
666 1399 795 1433 γυναῖκα.

239 1487 325 1515 Πόθεν
338 1488 420 1514 αὐτὸν
438 1488 566 1515 Ἰουδαῖον
587 1489 734 1523 ἐγνώρισεν
757 1487 838 1520 bim;
860 1488 926 1514 Ἀπὸ
941 1487 988 1514 τοῦ

204 1536 255 1572 σχή
262 1543 344 1570 ματος
355 1536 403 1562 καὶ
417 1536 471 1562 ἀπὸ
486 1536 535 1571 τῆς
551 1536 653 1570 φωνῆς,

1045 300 1140 324 :estnm
1162 305 1168 322 :
1190 295 1225 323 ob
1244 303 1304 322 eam
1327 302 1381 321 rem
1408 302 1517 329 quoque
1546 296 1712 330 evangelista
1735 296 1802 323 dicit
1824 306 1832 324 :

1048 339 1115 365 Erat
1126 344 1212 365 autent
1234 339 1299 365 hora
1318 340 1394 374 quasi
1415 345 1501 366 sexta.
1521 340 1597 367 Illius
1620 345 1710 368 autem
1725 349 1741 369 a
1759 342 1831 370 fastu

1045 386 1151 413 aversio
1168 386 1290 413 cernitur
1310 386 1336 412 in
1354 393 1386 413 eo
1399 387 1472 421 quod
1493 387 1569 414 solus
1590 387 1616 414 in
1642 388 1738 415 itinere
1756 388 1834 416 iuve-

1046 430 1120 457 nitur
1136 435 1162 457 et
1178 431 1252 457 illius
1268 431 1339 457 circa
1356 431 1433 458 cibos
1445 431 1628 459 indiﬂ‘erentia
1642 441 1676 460 ex
1693 440 1726 460 eo
1741 438 1834 461 osten—

1045 477 1119 503 ditur
1133 477 1204 511 quod
1223 476 1351 511 discipuli
1368 477 1492 504 abierant
1506 483 1535 505 ut
1556 479 1633 506 cibos
1647 484 1779 506 emerent.
1798 479 1833 506 Et

1045 521 1124 556 paulo
1136 526 1195 555 post
1210 530 1219 548 :
1232 521 1376 554 Quomodo
1393 528 1493 557 potest,
1511 523 1622 555 dicitur,
1644 525 1757 558 aequalis
1773 532 1834 552 esse

1045 569 1117 596 tilius
1132 569 1222 603 patri?
1236 576 1289 596 non
1306 569 1378 596 enim
1402 569 1473 597 Dens
1489 578 1608 605 unquam
1625 571 1771 606 fatigatur;
1788 571 1833 598 Je-

1045 622 1092 642 sns
1116 622 1181 641 vero
1210 615 1340 650 fatigatus
1369 621 1442 643 erat.
1474 617 1542 643 Audi
1573 618 1645 643 enim
1671 618 1830 652 prophetam

1046 661 1141 688 Isaiam
1166 661 1300 688 dicentem
1324 670 1330 688 :
1353 661 1423 688 Deus
1440 668 1563 693 wtemus.
1581 663 1650 689 Deus
1669 664 1714 698 qui
1734 664 1834 689 conati--

1046 707 1095 732 tuit
1118 711 1195 733 terra:
1208 707 1400 740 extremitates,
1412 716 1462 734 non
1474 708 1582 739 esuriet,
1594 716 1645 734 non
1656 708 1845 742 fatigabitur;

1046 760 1095 778 non
1120 757 1156 779 est
1176 753 1290 780 inuentio
1313 753 1387 780 illius
1411 754 1569 788 prudentirr.
1592 770 1625 774 —
1652 754 1780 781 Concedo
1805 758 1834 781 et

1045 799 1168 833 egotibi,
1193 798 1336 832 Eunontie,
1364 799 1448 826 Deum
1472 808 1613 834 nunquam
1641 799 1767 835 fatigari;
1785 800 1839 827 sed-

1045 845 1155 879 quando
1170 845 1290 872 audieris
1310 844 1403 873 Jesum
1421 846 1563 881 fatigatum
1586 853 1645 873 esse
1669 854 1701 873 ex
1725 845 1832 879 itinere,

1046 891 1102 918 noli
1118 891 1247 918 arbitrari
1262 890 1348 918 Deum
1372 891 1488 919 Verbum
1506 893 1532 918 in
1551 892 1597 919 illo
1614 892 1767 927 fatigatum,
1786 892 1833 919 sed

1044 936 1162 963 formam
1179 937 1250 964 servi
1265 945 1272 970 ;
1294 937 1365 964 Deus
1380 938 1453 965 enim
1472 946 1611 972 nunquam
1631 937 1771 973 fatigatur,
1785 939 1835 964 do-

1043 983 1126 1010 lorem
1144 991 1198 1010 nun
1217 983 1328 1018 patitur.
1341 983 1393 1011 Sed
1410 984 1482 1019 quod
1495 985 1566 1011 Deus
1579 983 1699 1011 Verbum
1713 988 1787 1012 esset
1803 984 1832 1011 in

1043 1029 1114 1056 servi
1130 1029 1228 1062 forma,
1243 1029 1464 1057 dicatJoannes:
1481 1030 1514 1056 Et
1531 1030 1642 1057 Verbum
1657 1038 1718 1056 caro
1732 1030 1833 1065 factum

1042 1080 1091 1108 est,
1104 1080 1128 1103 et
1139 1075 1268 1103 habitavit
1283 1076 1406 1104 innubis.
1417 1075 1475 1103 Non
1489 1084 1664 1108 conversum,
1676 1084 1729 1103 non
1742 1080 1833 1104 trans—

1044 1126 1191 1153 mutatum,
1211 1122 1257 1149 sed
1276 1129 1386 1149 carnem
1407 1130 1568 1155 assumens;
1588 1127 1618 1150 ut
1648 1123 1730 1158 igitur
1743 1127 1834 1149 osten-

1043 1168 1153 1195 deretur
1167 1168 1231 1203 quia
1245 1169 1328 1196 homo
1342 1173 1392 1201 est,
1413 1168 1542 1203 fatigatus
1558 1173 1610 1196 est.

1081 1260 1161 1288 Vsus.
1180 1260 1207 1287 ’1.
1222 1261 1365 1293 Quomodo
1378 1262 1424 1296 qui
1440 1261 1550 1289 dicebat
1565 1270 1619 1289 non
1634 1263 1737 1290 intrare
1753 1264 1778 1290 in
1790 1264 1832 1291 ei-

1043 1306 1155 1332 vitatem
1173 1305 1422 1338 Samaritanorum,
1440 1314 1501 1334 cum
1511 1306 1833 1343 Samaritanisloqueba-

1042 1351 1102 1379 tur?
1115 1350 1197 1379 Forte
1219 1352 1295 1380 venit
1320 1352 1419 1379 mulier
1446 1353 1478 1380 ad
1503 1353 1682 1382 hauriendam
1709 1361 1830 1388 aquam;

1041 1397 1168 1425 Christus
1192 1402 1283 1425 autem
1300 1399 1409 1426 sederat
1424 1404 1535 1434 propter
1553 1399 1757 1433 lassitudinem,
1774 1406 1837 1426 non-

1041 1447 1150 1477 proptcr
1163 1444 1315 1471 mulierem.

1078 1486 1160 1515 Vens.
1174 1488 1199 1515 9.
1228 1489 1305 1516 Unde
1332 1488 1454 1517 Judaeum
1472 1490 1548 1518 illum
1566 1498 1627 1518 esse
1647 1491 1795 1526 cognovit?
1808 1491 1830 1518 A

1042 1533 1207 1561 vestimento
1222 1539 1250 1561 et
1265 1541 1343 1562 voce.

233 1582 287 1615 Τὸ,
305 1582 400 1609 Πόθεν
421 1581 501 1616 ἔχεις
525 1582 558 1608 τὸ
579 1581 658 1615 ὕδωρ
680 1582 712 1608 τὸ
733 1581 799 1613 ζῶν,
824 1579 884 1607 εἶπε
921 1581 989 1616 πρὸς

1077 1577 1161 1605 Vens.
1178 1579 1222 1607 11.
1240 1579 1314 1607 Unde
1327 1580 1407 1608 habet
1421 1589 1518 1616 aquam
1529 1582 1624 1613 vivam,
1639 1582 1705 1609 dicit
1717 1582 1743 1608 in
1756 1582 1830 1609 fonte

202 1627 252 1662 τὴν
265 1628 356 1662 πηγὴν
374 1627 537 1659 ἔξετάζουσα
553 1627 600 1653 τοῦ
616 1627 723 1658 ὓδατος,
738 1627 769 1653 τὸ
788 1627 891 1653 ἐκείνου
905 1625 988 1661 ὕδωρ.

203 1672 270 1698 Οὐδὲ
284 1672 348 1708 γὰρ,
365 1672 444 1708 φησὶ,
456 1672 589 1707 κρείττων
601 1670 626 1698 εἷ
640 1673 688 1699 τοῦ
709 1671 816 1704 Ἰακὼϐ,
833 1672 878 1697 ἵνα
899 1672 991 1707 κρεῖτα
1010 1698 1013 1702 ν

202 1727 248 1744 τον
264 1717 336 1753 ὕδωρ
356 1718 420 1754 δῷς.

238 1764 299 1795 Πῶς
315 1764 388 1798 λέγει
402 1773 409 1791 '.
431 1764 536 1791 ’Ῑιικὼό
547 1766 563 1791 d
584 1763 681 1798 πατὴρ
694 1763 778 1798 ἡμῶν
796 1764 908 1790 ἔδωκεν
919 1763 990 1798 ἡμῖν

202 1811 261 1844 τὴν
271 1811 373 1845 πηγὴν
385 1811 499 1845 ταύτην
511 1819 520 1844 ;
530 1811 589 1846 Χρὴ
610 1811 755 1844 γινώσκειν
769 1811 810 1837 ὅτι
830 1811 844 1837 ό
859 1810 941 1842 τόπος
954 1808 987 1845 ἧν

202 1857 266 1884 ἔνθα
291 1858 356 1893 περὶ
371 1858 420 1892 τῆς
434 1858 528 1889 Δείνας
539 1859 563 1885 oi
588 1858 653 1894 περὶ
667 1858 711 1885 τὸν
737 1857 803 1884 Aen?
817 1858 864 1884 καὶ
876 1856 989 1892 Συμεὼν

200 1903 430 1937 ἀγανακτοῦντες,
459 1904 505 1930 τὸν
540 1904 658 1939 χαλεπὸν
684 1905 791 1930 ἐκεῖνον
821 1904 988 1938 εἰργάσαντο

201 1949 291 1984 φόνον.

236 1994 315 2020 Ποῖόν
331 1994 390 2020 ἐστι
409 1993 438 2019 τὸ
453 1992 524 2028 ὕδωρ
549 1994 579 2019 τὺ
596 1993 650 2025 ζῶν
664 1993 678 2019 6
692 1993 766 2026 λέγει
782 1992 899 2028 Χριστος
916 2001 987 2027 παρ-

200 2038 292 2074 (law;
311 2038 341 2066 '0
358 2037 500 2074 καθαρμὸς
515 2038 544 2070 ἐξ
556 2038 734 2072 auagandi]
755 2037 903 2072 παραψυχὴ
919 2038 935 2072 ἡ
956 2037 988 2062 ἐκ

202 2085 329 2116 πίστεως.

236 2131 273 2158 Τὸ
283 2153 290 2164 ,
304 2133 339 2158 Ol
347 2131 473 2165 πατέρες
488 2129 572 2165 ἡμῶν
586 2129 621 2156 ἐν
638 2129 676 2162 τῷ
698 2129 758 2163 ὄρει
773 2128 869 2161 τούτῳ
892 2134 987 2162 προσ-

199 2178 364 2210 εκύνησαν,
381 2178 443 2208 τοὺς
463 2178 527 2213 περὶ
551 2177 596 2203 τὸν
627 2175 751 2211 Ἀϐραὰμ
765 2174 850 2210 δηλοῖ·
869 2175 915 2202 καὶ
932 2175 985 2209 γὰρ

199 2225 257 2250 ἐκεῖ
271 2232 337 2258 φασι
347 2225 393 2250 τδν
408 2223 463 2249 υἱὸν
477 2223 678 2258 ἀνενηνοχεναι.

236 2270 297 2301 Πῶς
304 2270 387 2304 λέγει,
395 2270 435 2296 ὅτι
457 2268 555 2303 Ὑμεῖς
569 2267 766 2302 προσκυνεῖτε
777 2267 793 2294 ὃ
805 2268 861 2294 οὐκ
872 2266 988 2297 οῖδατε;

199 2315 261 2341 Ὅτι
277 2315 388 2349 μερικὸν
402 2314 467 2340 Θεὸν
478 2313 526 2339 καὶ
533 2314 645 2340 tombe
659 2313 783 2348 ἐνόμιζον
796 2310 867 2338 εἶναι
877 2320 883 2326 “
898 2312 985 2339 οὕτως

200 2360 254 2394 γὰρ
266 2362 314 2386 καὶ
328 2360 447 2395 Πέρσαις
465 2360 623 2394 πέμψαντες
648 2359 831 2394 ἀπήγγειλαν,
846 2358 887 2384 ὄτι
903 2358 918 2384 6
937 2357 985 2384 τοῦ

199 2406 284 2433 τόπου
298 2406 363 2437 Θεὸς
372 2406 469 2437 αὐτοὺς
477 2405 646 2440 λυμαίνεται.
659 2406 721 2437 Πῶς
731 2405 813 2439 λέγει,
825 2405 866 2431 ὅτι
889 2404 986 2438 Ἡμεῖς

198 2452 429 2486 προσκυνοῦμεν
443 2451 458 2478 ὃ
478 2451 620 2486 οῖδαμεν;
635 2452 705 2486 Πρὸς
720 2451 770 2487 τὴν
791 2451 919 2478 ὑπόνοιαν
932 2450 983 2485 τῆς

197 2496 326 2530 γυναικὸς
342 2496 425 2530 λέγει·
443 2494 499 2531 εἶχε
525 2497 580 2532 γὰρ
595 2497 675 2523 αὑτὸν
692 2497 730 2528 ὡς
746 2497 892 2533 προφήτην
915 2496 982 2523 Ίου-

196 2539 281 2566 δαῖον.

233 2586 378 2618 Τοιούτους
391 2587 445 2621 γὰρ
460 2587 473 2614 6
488 2587 583 2623 Πατὴρ
605 2588 668 2618 τοὺς
696 2588 917 2623 προσκυνοῦντας
932 2589 983 2615 αὺ-

197 2632 242 2660 τὸν
252 2633 340 2669 ζητεῖ,
355 2633 418 2665 τοὺς
430 2633 467 2668 μὴ
481 2633 555 2668 τόπῳ
567 2643 599 2660 πε
605 2634 772 2668 ρικλείοντας
786 2634 835 2669 τὴν
844 2635 982 2670 λατρείαν.

233 2680 344 2715 Πνεῦμα
357 2680 371 2706 6
384 2680 450 2712 Θεδς
475 2680 505 2707 τὸ
520 2681 665 2715 ἀσώματον
677 2682 762 2715 λέγει,
777 2682 824 2708 καὶ
839 2682 880 2708 ὅτι
899 2683 916 2716 ἡ
931 2682 980 2708 λα-

151 2731 155 2736 '
197 2727 276 2762 τρεία
293 2727 375 2754 αὐτοῦ
403 2726 548 2762 ἀσώματος
565 2728 636 2754 θέλει
654 2725 734 2760 εἶναι,
757 2728 804 2754 καὶ
828 2727 873 2754 διὰ
888 2727 936 2755 τοῦ
953 2729 982 2755 ὲν

199 2773 264 2808 ἡμῖν
278 2773 423 2807 ἀσωμάτου
437 2773 552 2809 προέρχε
558 2774 630 2800 σθαι.

234 2818 320 2845 Πόθεν
333 2819 502 2854 Σαμαρεῖται
522 2820 551 2846 τὸ
568 2820 721 2855 προσδοκᾷν
743 2819 789 2846 τὸν
805 2820 922 2855 Χριστὸν
939 2819 981 2848 εἴ-

199 2873 256 2899 χον,
271 2870 317 2891 τον
334 2865 435 2892 Μωσέα
446 2865 535 2901 μόνον,
555 2866 612 2893 ἀλλ’
630 2866 660 2892 οὐ
675 2867 738 2897 τοὺς
752 2866 894 2901 προφήτας
909 2866 983 2902 ἕχον-

197 2917 262 2941 τεςς
286 2909 333 2936 Ἐκ
350 2909 398 2937 τοῦ
413 2910 502 2946 λέγειν
519 2911 564 2938 τὸν
583 2910 691 2944 Ἰακὼϐ,
710 2912 750 2938 ὅτι
770 2913 830 2938 ουκ
846 2911 982 2946 ἐκλείψει

1007 2267 1027 2294 D
1080 2267 1161 2294 Vnus.
1183 2268 1228 2295 92.
1248 2269 1392 2301 Quomodo
1419 2270 1485 2297 dicit
1507 2280 1513 2298 :

1041 1624 1201 1659 aqureillius
1215 1632 1316 1660 aquam
1329 1626 1486 1660 exquirens.
1500 1626 1627 1661 Nunquid
1648 1628 1734 1661 enim,
1750 1628 1826 1659 dicit,

1041 1670 1130 1705 major
1143 1678 1174 1698 es
1189 1669 1284 1705 Iacob,
1300 1676 1329 1698 ut
1342 1672 1482 1700 meliorem
1495 1673 1544 1700 des
1558 1681 1657 1708 aquam
1666 1675 1679 1700 ’ἐ

1076 1760 1159 1788 Vsus.
1183 1762 1226 1788 l2.
1247 1762 1390 1796 Quomodo
1406 1763 1472 1791 dicit
1492 1773 1499 1791 :
1525 1763 1609 1791 Jacab
1637 1771 1715 1800 pater
1739 1771 1831 1793 noster

1040 1807 1112 1835 dedit
1130 1808 1203 1835 nobis
1225 1809 1295 1836 hunc
1309 1811 1438 1844 puteum?
1454 1809 1571 1846 Oportet
1589 1811 1660 1840 seire
1679 1812 1751 1841 hunc
1768 1821 1830 1841 esse

1040 1853 1131 1881 locum
1148 1854 1194 1881 ubi
1207 1860 1318 1890 propter
1336 1855 1430 1883 Dinam
1447 1857 1494 1884 lilii
1512 1857 1575 1885 Levi
1596 1862 1623 1885 et
1639 1859 1749 1886 Simeon
1765 1860 1827 1886 irati

1040 1905 1160 1928 atrocem
1177 1901 1248 1929 hanc
1262 1902 1364 1930 eaedem
1379 1902 1510 1930 fecerant.

1078 1994 1158 2021 Vens.
1183 1994 1227 2022 Η.
1251 1995 1346 2028 Qualis
1371 2001 1414 2024 est
1441 2003 1511 2031 aqua
1536 1998 1630 2025 vivens
1654 2005 1736 2032 quam
1763 1998 1829 2026 dicit

1043 2038 1169 2066 Christus
1183 2039 1333 2067 Praestare?
1348 2041 1501 2075 puriﬁcatio
1523 2050 1582 2076 qua”!
1607 2051 1640 2070 ex
1654 2044 1713 2078 ipso
1726 2048 1777 2077 est,
1801 2050 1829 2072 et

1039 2084 1160 2111 levamen
1178 2085 1249 2120 quod
1264 2091 1305 2113 est
1319 2094 1351 2113 ex
1369 2086 1432 2114 ﬁde.

1075 2130 1156 2158 Vens.
1173 2131 1219 2158 ΞΟ.
1232 2131 1327 2159 Patres
1341 2133 1425 2160 nostri
1436 2134 1461 2160 in
1473 2140 1558 2161 monte
1570 2136 1620 2162 ista
1637 2131 1825 2168 «duraverunt,

1038 2176 1071 2203 de
1090 2176 1227 2204 Abraham
1242 2177 1325 2212 dicit;
1347 2179 1448 2206 etenim
1478 2180 1532 2208 illic
1549 2181 1636 2208 fertur
1651 2182 1724 2210 hunc
1737 2184 1823 2211 tilium

1037 2222 1178 2250 obtulisse.

1541 2271 1590 2298 Vos
1619 2272 1740 2301 adoratis
1756 2275 1826 2309 quod

1040 2313 1166 2341 nescitis?
1178 2313 1248 2346 Quia
1261 2315 1454 2349 particularent
1475 2321 1502 2343 et
1517 2317 1631 2344 localem
1650 2317 1733 2346 Deum
1747 2325 1826 2354 puta-

1040 2361 1106 2386 haut
1121 2367 1191 2386 esse.
1207 2359 1244 2386 lla
1259 2360 1332 2387 enim
1349 2360 1441 2388 Persis
1456 2362 1594 2390 mittentes
1621 2365 1825 2399 nuntiaverant,
1873 2389 1876 2395 .

1040 2403 1123 2431 Deum
1140 2404 1193 2431 loci
1216 2405 1277 2432 illos
1297 2405 1465 2440 depopulari.
1493 2407 1636 2441 Quomodo
1659 2410 1747 2438 dicit:
1767 2411 1826 2440 No:

1040 2450 1182 2478 adoramus
1198 2451 1266 2486 quod
1283 2452 1564 2482 scimusPSecundum
1581 2457 1704 2484 mulieris
1719 2458 1827 2492 opinio-

1040 2505 1102 2524 nem
1126 2498 1258 2533 loquitur,
1280 2506 1341 2534 quae
1366 2500 1484 2528 habebat
1504 2509 1565 2528 eum
1589 2503 1750 2537 prophetam
1778 2503 1826 2530 Ju-

1041 2543 1141 2570 daeuni.

1077 2588 1155 2616 Vens.
1179 2589 1223 2617 23.
1248 2590 1327 2618 Tales
1340 2591 1412 2618 enim
1427 2591 1508 2619 Pater
1526 2594 1626 2627 quaerit
1642 2595 1687 2629 qui
1706 2595 1824 2623 adorent

1039 2642 1112 2667 eum,
1127 2635 1173 2670 qui
1187 2635 1246 2663 loco
1262 2644 1315 2664 non
1333 2637 1480 2666 terminent
1493 2646 1570 2666 suam
1589 2641 1786 2668 adoratiunem.

1074 2679 1158 2708 Vsus.
1173 2681 1217 2709 24.
1233 2682 1352 2717 Spiritus
1367 2688 1409 2710 est
1425 2683 1495 2712 Deus
1509 2685 1702 2720 incorporalis,
1721 2686 1822 2721 inquit.

1038 2731 1065 2754 et
1082 2727 1155 2754 illius
1170 2728 1294 2755 adoratio
1309 2729 1489 2763 incorporalis
1503 2730 1584 2757 etiam
1607 2739 1668 2759 esse
1683 2732 1774 2763 debet.
1797 2737 1825 2760 et

1038 2781 1069 2800 ex
1091 2774 1254 2808 incorporali
1273 2779 1364 2802 nostra
1381 2780 1457 2809 parte
1471 2776 1556 2802 exire.

1075 2819 1158 2847 Vens.
1175 2820 1221 2848 25.
1240 2820 1316 2848 Unde
1331 2821 1497 2849 Samaritani
1516 2823 1734 2857 expectationem
1750 2824 1818 2853 Mes-

1039 2867 1085 2893 size
1107 2866 1254 2899 habebant.
1279 2867 1324 2902 qui
1342 2875 1439 2902 nempe
1467 2868 1585 2904 Moysem
1609 2870 1697 2898 solum
1718 2876 1746 2899 et
1768 2879 1822 2899 non

1037 2913 1186 2948 prophetas
1203 2913 1400 2942 admittebant?
1412 2914 1433 2941 E
1449 2915 1539 2943 verbis
1553 2915 1637 2944 incol)
1653 2925 1661 2944 :
1677 2914 1737 2943 Non
1751 2917 1823 2951 aufe-
