2075 3157
259 193 327 225 1235

625 192 818 222 OPUSCULA
841 191 1156 223 SCRIPTURISTICA
1178 193 1351 224 lNCEBTE
1372 193 1526 223 IETATIS.

1809 192 1878 224 1336

258 253 330 276 retur
341 252 471 284 sceptrum
485 247 517 274 de
529 247 602 274 Iuda
618 253 642 274 et
653 247 708 274 dua:
723 247 754 274 de
769 247 866 281 femore
880 247 949 280 ejus,
959 247 1038 274 donec

1092 248 1190 283 ἅρχων
1205 249 1238 281 ἐξ
1263 249 1362 278 Ἰούδα
1380 249 1429 276 καὶ
1453 249 1619 283 ἡγούμενος
1639 248 1674 275 ἐκ
1697 248 1757 275 τῶν
1775 249 1881 283 μηρῶν·

256 296 343 322 uniat
369 295 414 330 qui
433 295 574 321 mittendus
588 299 625 320 est
648 301 658 325 ;
684 298 712 320 et
738 292 846 329 Moyses
872 294 930 328 ipse
948 294 1038 321 dicit:

259 341 421 376 Prophetam
436 340 507 367 vobis
528 339 666 367 suscitabit
692 339 831 366 Dominus.

294 387 375 414 Vens.
398 386 443 413 27.
468 386 499 412 Et
526 385 730 412 admirabantur
756 386 820 420 quia
843 393 903 412 cum
931 385 1040 413 muliere

255 431 420 466 loquebatur.
438 431 506 464 Quid
531 430 756 457 admirabantur?
776 430 946 461 Modestiam,
963 438 1039 457 sum-

255 483 327 501 mam
346 475 540 507 humilitatem,
559 475 622 509 quia
644 475 816 510 paupercula:
834 475 953 506 mulieri,
975 483 1038 502 cum

255 518 328 546 Deus
341 525 425 551 esset.
440 519 615 554 loquebatur.

291 564 372 592 Vsus.
384 565 429 593 29.
445 565 543 596 Venite,
556 565 638 592 videte
657 565 775 600 nunquid
787 566 841 599 ipse
854 570 892 591 est
906 564 1038 592 Christus.

254 609 310 638 Cur
326 611 402 644 dicit,
431 611 585 645 Nunquid:
604 610 663 638 Non
684 611 743 638 vult
759 611 820 639 illos
834 618 882 646 per
900 611 1040 645 propriam

254 663 332 683 suam
349 656 542 684 iudicationem
557 657 702 690 adducere,
716 657 763 684 sed
784 657 932 692 participes
946 656 1040 684 facere

254 702 330 736 cupit
341 702 462 736 ejusdem
478 703 627 736 opinionis.

290 744 372 773 Vens.
389 746 432 772 5i.
449 746 587 781 Rogabant
601 752 690 775 autem
704 756 762 774 eum
776 748 901 781 discipuli
914 755 923 774 :
942 748 1038 781 Rabbi,

255 792 397 819 manduca.
424 792 514 820 Patria
528 801 624 820 eorum
638 794 738 829 lingua,
750 792 852 829 Rogare
862 815 869 827 ,
881 795 1038 827 Exhortari,

255 838 399 873 signiﬁcat.

291 884 370 912 Vens.
389 885 434 912 55.
460 884 554 912 Nonne
569 894 612 912 vos
633 886 723 914 dicitis
738 888 807 921 quod
825 888 911 915 adhuc
925 892 1040 923 quatuor

1093 295 1197 327 αὐτοῦ,
1216 295 1272 328 ἕως
1292 295 1330 321 ἂν
1342 295 1416 328 ἔλθῃ
1430 290 1455 327 ᾧ
1468 294 1632 320 ἀπόκειται·
1648 292 1697 320 καὶ
1720 292 1801 324 αὐτὸς
1813 294 1879 320 Μωι

1095 342 1155 376 σῆς·
1169 340 1329 374 Προφήτην
1344 339 1416 374 ὑμῖν
1430 339 1597 372 ἀναστήσει
1617 339 1736 373 Κύριος.

1129 384 1182 412 Kal
1195 385 1371 419 ἐθαύμασαν
1394 384 1439 411 ὅτι
1461 385 1536 419 μετὰ
1561 384 1704 418 γυναικὸς
1717 384 1832 411 ἐλάλει.
1847 385 1880 411 TE

1094 430 1266 464 ἐθαύμαζον;
1287 430 1323 456 Τὸ
1339 430 1453 464 ἄτυφον,
1476 429 1506 456 τὸ
1525 429 1583 463 μεθ1
1607 429 1764 464 ὑπερϐολῆς
1778 437 1874 455 ταπει-

1093 477 1149 508 νὸν,
1165 477 1206 503 ὅτι
1224 476 1342 511 πενιχρᾷ
1352 475 1400 502 καὶ
1412 475 1589 511 Σαμαρείτιδι
1604 474 1741 508 διελέγετο
1749 474 1816 507 Θεδς
1829 474 1878 502 ὢν.

1130 568 1228 599 Δεῦτε,
1245 567 1322 594 Itis-rs
1343 567 1414 601 μήτι
1429 565 1518 599 οὗτός
1539 566 1625 593 ἐστιν
1646 568 1662 593 ό
1676 567 1814 599 Χριστός.
1831 567 1881 594 Διὰ

1094 613 1121 640 τί
1136 613 1209 646 λέγει
1225 613 1268 644 τὸ,
1281 613 1373 647 Μήτι;
1390 613 1447 639 Οὐκ
1477 613 1510 639 ἐκ
1526 612 1576 648 τῆς
1592 612 1694 643 οἰκείας
1714 612 1794 639 αὑτὸν
1812 612 1880 639 ἀπο·
1929 626 1932 630 ι

1095 660 1204 694 φάσεως
1218 660 1434 695 παρεισαγαγεῖν
1459 658 1621 694 βουλομένη,
1639 658 1708 685 ἀλλὰ
1723 658 1769 685 καὶ
1781 658 1879 690 αὐτοὺς

1094 706 1145 741 τῆς
1160 705 1288 740 τοιαύτης
1305 705 1397 740 ψήφου
1420 705 1533 740 ποιῆσαι
1550 705 1704 735 κοινωνοὺς.
1719 704 1880 738 βουλομένη.

1127 752 1173 783 Τὸ,
1195 751 1329 785 Ἠρώτων
1336 750 1370 777 δὲ
1379 752 1406 777 oi
1412 750 1540 785 μαθηταὶ
1547 750 1601 777 τὸν
1609 751 1748 784 Χριστόν·
1769 749 1880 778 Ῥαϐϐὶ.

1094 798 1180 833 φάγε.
1191 797 1230 833 Τῇ
1249 796 1374 832 ἐγχωρίῳ
1389 796 1479 822 αὐτῶν
1500 797 1576 831 φωνῇ
1592 795 1633 829 τὸ,
1649 793 1768 829 Ἐρωτῶ,
1787 795 1881 830 Παρα-

1093 843 1180 875 καλῶ,
1194 843 1333 878 σημαίνει.

1124 890 1186 924 οὐχ
1207 888 1290 923 ὑμεῖς
1304 888 1409 922 λέγετε
1433 888 1478 914 ὅτι
1507 887 1692 922 rupti/mror
1708 887 1785 919 ἐστι,
1800 886 1849 912 καὶ
1863 887 1880 913 ὁ

255 936 355 955 menses
375 933 435 955 sunt
448 933 476 955 ut
500 930 591 956 messis
610 931 717 958 veniat?
730 930 866 966 Regiones
887 932 996 967 quidem
1014 937 1038 960 et

1092 934 1232 969 θερισμὸς
1251 934 1389 968 ἕρχεται;
1416 933 1516 968 Χώρας
1543 933 1594 968 μὲν
1619 933 1668 959 καὶ
1693 932 1823 968 θερισμὸν
1848 932 1880 958 τὺ

255 981 370 1002 messem
393 979 473 1002 vocat
486 976 687 1004 multitudinem
702 978 857 1005 animarum
881 983 1038 1013 paratarum

254 1021 288 1046 ad
314 1021 499 1055 recipiendam
524 1023 758 1056 prazdicationem.
781 1023 883 1052 Oculos
912 1024 957 1052 bic
974 1025 1041 1052 dicit

255 1066 354 1094 mentis
364 1071 391 1094 et
404 1067 547 1101 corporis;
564 1076 627 1096 nam
641 1069 771 1097 videbant
786 1070 869 1098 etiam
885 1070 1040 1099 multitudi-

254 1119 315 1140 nem
332 1112 566 1142 Samaritanorum
582 1104 760 1142 venientium.

292 1156 373 1185 Vens.
399 1158 444 1185 56.
462 1158 514 1191 Qui
536 1159 620 1191 metit,
643 1159 743 1193 inquit,
766 1160 910 1187 mercedem
933 1161 1040 1194 accipit,

255 1208 279 1230 et
293 1209 432 1240 congregat
447 1205 564 1240 fructum
588 1206 615 1232 in
638 1206 720 1232 vitam
736 1210 878 1238 teternam;
895 1211 925 1233 ut
945 1212 973 1233 et
993 1207 1040 1241 qui

256 1251 383 1281 seminat,
408 1250 490 1279 simul
510 1252 627 1283 gaudeat
649 1257 676 1278 et
697 1251 743 1286 qui
763 1252 849 1278 metit.
873 1252 951 1284 Quod
973 1253 1041 1280 dicit

258 1296 312 1323 tale
325 1301 383 1324 est:
397 1296 539 1332 Propheta:
554 1297 767 1329 seminaverunt.
782 1298 828 1326 sed
846 1306 900 1325 non
916 1306 1039 1326 meswe-

255 1348 337 1377 runt;
358 1352 411 1372 non
425 1345 534 1379 quidem
550 1345 651 1380 gaudio
663 1345 815 1379 privantur,
834 1346 882 1374 sed
898 1347 1039 1374 vobiscum

255 1390 384 1424 gaudent,
408 1391 472 1419 licet
486 1392 629 1420 vobismm
647 1399 700 1419 non
721 1397 833 1420 metant.
859 1392 885 1419 Id
902 1401 967 1420 vero
983 1401 1038 1421 non

255 1436 389 1471 contingit
403 1437 429 1464 in
445 1438 642 1472 corporalibus.
666 1445 720 1465 non
737 1438 810 1465 enim
826 1438 953 1466 similiter
970 1447 1039 1474 gau-

254 1482 329 1513 dent.
342 1482 365 1510 si
379 1483 451 1510 alius
468 1483 645 1511 seminaverit
656 1488 682 1511 et
695 1484 766 1511 alius
784 1488 879 1512 mctat.

290 1526 373 1555 Vens.
389 1528 433 1554 44.
456 1527 646 1562 Capliarnaum
670 1536 723 1556 non
737 1529 890 1557 honorabat
905 1537 979 1560 eum.
997 1535 1041 1557 ut-

1092 982 1193 1017 πλῆθος
1204 981 1260 1008 τῶν
1273 980 1369 1016 ψυχῶν
1389 980 1464 1010 λέγει
1490 979 1544 1005 τῶν
1558 978 1677 1013 ἑτοίμων
1693 977 1761 1012 πρὸς
1782 977 1880 1004 67:060-

1091 1027 1142 1063 χήν
1155 1026 1203 1053 τοῦ
1217 1025 1404 1061 κηρύγματος·
1420 1023 1578 1059 ὀφθαλμοὺς
1592 1023 1620 1049 δὲ
1634 1022 1752 1049 ένταῦοα
1760 1023 1806 1048 καὶ
1816 1022 1880 1053 τοὺς

1091 1073 1141 1107 τῆς
1151 1071 1273 1102 διανοίας
1289 1072 1335 1097 καὶ
1348 1069 1396 1096 τοῦ
1413 1069 1540 1105 σώματος
1558 1069 1633 1102 λέγει
1644 1077 1651 1083 ·
1667 1067 1761 1104 ἐώρων
1786 1067 1880 1095 λοιπὸν

1090 1118 1121 1144 τὸ
1133 1117 1233 1152 πλῆθος
1244 1117 1299 1143 τῶν
1313 1115 1491 1151 Σαμαρειτῶν
1502 1116 1660 1150 ἐρχόμενον.

1131 1163 1158 1190 ’0
1168 1163 1221 1198 γὰρ
1230 1161 1359 1196 θερίζων,
1370 1162 1447 1195 φησι,
1455 1161 1566 1196 μισθὸν
1576 1159 1732 1195 λαμϐάνει,
1746 1158 1795 1186 καί
1805 1166 1878 1186 συν-

1091 1209 1155 1244 άγει
1171 1209 1287 1243 καρπὸν
1307 1210 1350 1241 εἰς
1367 1207 1444 1241 ζωὴν
1465 1207 1585 1234 αἰώνιον
1595 1215 1601 1221 ·
1618 1207 1661 1233 ἴνα
1673 1207 1721 1232 καὶ
1735 1207 1748 1232 ὁ
1762 1206 1880 1241 σπείρων

1091 1256 1159 1291 ὁμοῦ
1173 1256 1256 1291 χαίρῃ
1273 1255 1321 1282 καὶ
1337 1255 1351 1280 ὁ
1364 1252 1490 1288 θερίζων.
1507 1253 1539 1279 Ὀ
1559 1251 1633 1286 λέγει
1647 1251 1769 1278 τοιοῦτόν
1799 1253 1856 1278 ἐστι
1870 1260 1876 1266 ·

1092 1301 1246 1336 Προφῆται,
1265 1300 1359 1335 φησὶν,
1382 1298 1524 1334 ἔσπειραν,
1542 1297 1599 1324 ἀλλ’
1614 1299 1664 1325 οὒκ
1685 1298 1812 1333 ὲοέρισαν
1827 1307 1834 1314 ·
1848 1298 1880 1324 οὐ

1093 1347 1147 1382 μὴν
1162 1346 1364 1382 ἀπεστέρηνται
1379 1345 1488 1380 ἡδονῆς,
1502 1344 1571 1371 ἀλλὰ
1584 1344 1633 1370 σὺν
1649 1345 1715 1379 ἡμῖν
1726 1345 1878 1380 χαίρουσιν,

1091 1393 1115 1419 εί
1135 1392 1182 1418 καὶ
1207 1392 1244 1427 μὴ
1271 1392 1319 1418 σὺν
1339 1392 1407 1426 ἡμῖν
1427 1389 1578 1425 θερίζουσι.
1609 1390 1695 1416 Τοῦτο
1712 1390 1740 1416 δὲ
1759 1391 1789 1416 οὐ
1809 1398 1879 1424 συμ-

1092 1438 1180 1464 ϐαίνει
1201 1437 1231 1463 ἐν
1251 1438 1308 1468 τοῖς
1323 1436 1463 1470 αἰσθητοῖς
1477 1444 1483 1451 ·
1507 1436 1556 1470 οὐχ
1572 1435 1641 1470 ὁμοῦ
1657 1435 1711 1470 γὰρ
1726 1435 1878 1470 χαίρουσιν,

1091 1483 1139 1510 ἐὰν
1152 1482 1231 1514 ἄλλος
1243 1482 1343 1517 σπείρῃ
1355 1482 1403 1508 καὶ
1417 1480 1497 1512 ἄλλος
1514 1480 1620 1517 θερίσῃ.

1127 1529 1190 1555 ’Ότι
1205 1529 1222 1563 ἡ
1244 1527 1433 1563 Καπερναοὺμ
1453 1527 1503 1553 οὐκ
1522 1527 1604 1561 ἐτίμα
1622 1526 1703 1553 αὐτὸν
1719 1525 1818 1562 πατρὶς
1830 1525 1878 1552 αὑ-

254 1576 317 1606 poto
331 1573 391 1606 ejus
406 1572 506 1608 patria.
531 1573 707 1601 Consuetudo
729 1574 803 1601 enim
821 1575 1038 1609 contemptibiles

1092 1572 1138 1600 τοῦ
1156 1572 1223 1599 οὖσα
1237 1580 1243 1587 ·
1258 1573 1274 1607 ἡ
1290 1571 1345 1608 γὰρ
1366 1570 1494 1604 συνήθεια
1513 1569 1770 1605 εὐκαταφρονήτους
1792 1569 1879 1594 ποιεῖν

254 1619 323 1646 solet
335 1618 435 1646 facere.
453 1617 618 1647 Samaritani
634 1624 661 1647 et
677 1619 783 1647 Galilaei
795 1625 822 1646 et
838 1619 970 1648 Nazareni
983 1628 1041 1648 cre-

254 1664 323 1690 dunt
345 1664 378 1691 ad
403 1663 592 1692 confusionem
619 1663 776 1692 Judaeorum
795 1665 942 1693 dicentium
961 1665 1038 1693 illum

255 1709 462 1736 Sumuritanum
478 1718 550 1742 esse;
572 1714 599 1737 et
626 1710 725 1737 iterum
739 1719 746 1737 :
763 1709 787 1736 E
803 1710 939 1737 Nazaretlt
956 1715 1040 1746 potest

253 1754 357 1789 aliquid
372 1755 433 1781 boni
448 1756 523 1783 use?

290 1799 372 1827 Vens.
390 1800 434 1827 46.
451 1801 504 1827 (Zur
521 1806 635 1828 vocatur
649 1801 782 1835 regulus?
795 1801 836 1828 vel
856 1801 929 1836 qttod
941 1809 956 1829 e
966 1802 1040 1837 regia

254 1844 339 1878 stirpe
356 1849 434 1871 ortus
448 1849 517 1877 erat,
533 1845 574 1872 vel
589 1849 648 1872 erat
659 1853 756 1874 nomen
771 1847 907 1880 quoddam
921 1843 1040 1882 dignitac

255 1891 298 1916 t‘s.
314 1889 429 1922 Quidam
448 1890 530 1925 igitur
544 1891 669 1918 eumdem
688 1899 748 1920 esse
762 1897 856 1926 putant
870 1900 903 1920 ac
924 1893 970 1920 ille
993 1893 1040 1928 qui

254 1935 325 1969 apud
340 1935 494 1963 Matthamm
514 1937 661 1964 invenitur.
677 1937 758 1965 Pater
769 1943 860 1965 autem
880 1939 955 1966 illum
972 1938 1040 1966 alte-

254 1988 314 2007 rum
333 1988 406 2010 esse.
421 1988 474 2008 non
491 1981 526 2008 ob
538 1981 698 2016 dignitatem
713 1987 828 2015 tantum.
846 1983 892 2011 sed
906 1983 941 2010 ob
958 1983 1037 2011 tidem

253 2034 373 2062 quoque.
390 2026 457 2054 Nam
475 2027 519 2054 hic
539 2022 681 2056 Christum
701 2029 794 2056 venire
816 2030 952 2057 volentem
978 2038 1036 2057 ma-

254 2080 319 2099 nere
343 2073 433 2108 Cupit;
459 2074 509 2100 iste
537 2081 603 2101 vero
627 2074 654 2101 in
681 2074 791 2102 domum
816 2075 934 2102 inducit.
962 2075 1039 2103 Unus

252 2118 362 2152 quidem
376 2119 443 2146 dicit
457 2127 464 2146 :
482 2118 543 2146 Non
554 2128 613 2146 sum
628 2119 742 2155 dignus:
759 2121 829 2148 alter
845 2128 910 2147 vero
920 2121 1038 2154 excitat;

252 2165 334 2192 unius
348 2164 422 2192 illius
435 2165 577 2200 languore,
594 2165 707 2193 alterius
722 2165 798 2194 febre
815 2166 966 2194 laborabat.

1091 1620 1197 1647 εἴωθεν.
1213 1619 1275 1645 Ὅτι
1291 1619 1337 1644 καὶ
1350 1618 1519 1653 Σαμαρεῖται
1536 1616 1583 1644 καὶ
1599 1616 1752 1651 Ναζηραίοι
1764 1616 1810 1642 καὶ
1826 1616 1895 1641 Fat--

1091 1665 1189 1691 λιλαῑοι
1209 1663 1382 1690 πιστεύουσιν
1402 1664 1443 1694 είς
1464 1661 1595 1697 αἰσχύνην
1614 1661 1750 1688 Ἰουδαίων
1763 1661 1816 1687 τῶν
1833 1661 1878 1686 λε-
1914 1665 1918 1668 ”

1090 1710 1192 1744 γόντων
1212 1710 1304 1740 αὐτὸν,
1316 1707 1480 1742 Σαμαρεῖτα
1492 1715 1500 1724 ⁵
1515 1707 1562 1734 καὶ
1576 1707 1668 1734 πάλιν·
1690 1706 1740 1734 Ἐκ
1749 1705 1880 1740 Ναζαρὲθ

1090 1755 1216 1784 δύναται
1227 1764 1255 1782 τι
1267 1755 1363 1781 καλόν
1372 1752 1464 1784 sirm;

1125 1801 1175 1828 Διὰ
1185 1801 1212 1826 τι
1225 1800 1302 1827 καλεῖ
1315 1799 1469 1835 βασιλικὸν;
1483 1799 1563 1825 Ἤτοι
1573 1797 1627 1824 ἀπὸ
1639 1796 1784 1832 βασιλικῆς
1797 1805 1879 1823 κατα-

1091 1847 1206 1882 γόμενον
1221 1846 1328 1882 σειρᾶς,
1345 1845 1402 1872 εἴτε
1417 1844 1526 1880 ἀξίωμά
1544 1845 1616 1870 ἐστιν
1630 1844 1719 1878 ἀρχῆς
1739 1842 1810 1869 οὕτω
1827 1851 1878 1868 κα-

1091 1893 1232 1928 λούμενον.
1246 1892 1325 1924 Τινὲς
1338 1891 1388 1926 μὲν
1403 1891 1450 1918 οὖν
1465 1890 1547 1918 αὑτὸν
1561 1890 1665 1916 ἐκεῖνον
1679 1888 1819 1924 νομίζουσι
1831 1888 1878 1914 τὸν

1091 1940 1166 1975 παρὰ
1187 1939 1226 1975 τῷ
1252 1938 1402 1973 Ματθαίῳ·
1428 1937 1565 1964 δείκνυται
1585 1936 1614 1963 δὲ
1635 1936 1730 1971 ἔτερος
1751 1935 1789 1961 ὢν
1810 1935 1876 1970 παρ’

1091 1987 1205 2017 ἐκεῖνον.
1218 1984 1269 2012 οὐκ
1280 1983 1335 2010 ὰπὸ
1349 1983 1395 2010 τοῦ
1412 1982 1567 2018 ἀξιώματος
1584 1981 1674 2019 μόνον,
1687 1981 1756 2008 ἀλλὰ
1768 1981 1816 2008 καὶ
1825 1981 1880 2007 ἀπὸ

1090 2033 1140 2067 τῆς
1158 2031 1288 2063 πίστεως.
1308 2030 1429 2061 Ἐκεῖνος
1446 2030 1495 2064 μὲν
1512 2030 1566 2064 γὰρ
1583 2028 1631 2055 καὶ
1656 2027 1819 2063 βουλόμενον
1834 2027 1881 2053 τὸν

1091 2077 1209 2113 Χριστὸν
1221 2075 1319 2108 ἐλθεῖν,
1335 2074 1408 2107 ἀξιοῖ
1422 2074 1516 2109 μένειν
1530 2081 1536 2088 ·
1549 2071 1626 2105 οὗτος
1639 2073 1667 2100 δὲ
1679 2075 1719 2104 εἰς
1731 2073 1779 2108 τὴν
1790 2073 1880 2099 οἰκίαν

1092 2123 1184 2149 ἕλκεν
1202 2122 1330 2152 κάκεῖνος
1343 2121 1403 2156 μέν,
1426 2121 1486 2147 Οὐκ
1499 2120 1558 2154 εἰμὶ
1576 2120 1671 2152 ἄξιος,
1691 2119 1782 2154 λέγει·
1799 2119 1880 2150 αὐτὸς

1091 2169 1120 2196 δὲ
1144 2168 1192 2195 καὶ
1216 2167 1393 2202 κατεπείγειο
1416 2167 1545 2194 κάκείνου
1571 2166 1621 2202 μὲν
1635 2167 1649 2193 ὁ
1671 2168 1737 2197 παῖς
1763 2165 1880 2201 παρέσει

1092 2214 1246 2249 κατείχετο,
1266 2213 1362 2240 τούτου
1377 2213 1405 2240 δὲ
1422 2213 1542 2248 πυρετῷ.

288 2263 370 2294 Vens.
382 2263 427 2291 50.
444 2264 499 2292 Cur
513 2264 580 2292 dicit
603 2264 639 2291 illi
656 2273 663 2291 :
684 2264 765 2297 Vade,
777 2265 849 2300 [ilius
871 2269 932 2292 tuus
957 2266 1038 2293 sitsit?

1135 2260 1186 2286 Διὰ
1203 2260 1231 2286 τί
1258 2260 1333 2295 λέγει
1349 2259 1423 2294 αὐτῷ
1435 2268 1442 2275 ·
1469 2259 1612 2294 Πορεύου.
1628 2260 1644 2285 ὀ
1657 2259 1722 2292 υἱός
1742 2267 1802 2286 σου
1829 2258 1880 2292 (ﬁ;

251 2314 281 2335 nt
294 2309 419 2337 ostendat
434 2310 472 2336 illi
488 2310 560 2344 quod
580 2310 620 2337 vel
636 2311 735 2338 absens
748 2316 842 2344 sanat;
859 2312 956 2339 debilis
966 2313 1038 2339 enim

251 2359 311 2381 erat
325 2363 386 2382 cum
403 2355 504 2382 dicitur
516 2366 523 2383 ι
535 2357 677 2390 Descende,
693 2357 812 2390 Domine,
825 2363 966 2393 antequam
981 2367 1038 2386 mo-

251 2400 339 2426 riatur
349 2400 421 2434 [ilius
434 2409 516 2428 meus.

288 2445 368 2473 Vens.
393 2445 437 2473 55.
461 2445 519 2473 Non
538 2446 707 2481 simpliciter.
716 2447 876 2481 Secundum,
887 2449 1038 2483 proposuit,

250 2493 297 2520 sed
310 2493 430 2520 ostendit
441 2494 525 2528 quod,
540 2493 612 2522 iacto
623 2494 745 2521 secundo
759 2494 846 2529 signo,
859 2502 913 2521 non
927 2500 1039 2530 propter

250 2537 481 2565 samaritanorum
498 2538 581 2565 altam
605 2538 776 2566 mansionem
792 2539 905 2567 deerant
920 2540 967 2575 qui
983 2548 1037 2568 non

250 2591 334 2611 uuutn
346 2584 454 2618 signum
469 2585 602 2613 viderant.

558 2658 672 2686 CAPUT
690 2658 722 2686 V.

285 2727 368 2756 Vens.
388 2729 412 2755 Ι.
432 2728 505 2755 Diem
518 2727 616 2755 festum
630 2728 666 2755 ibi
683 2727 858 2755 Pentecostes
870 2728 947 2755 dicit.
961 2727 1039 2755 Sole-

249 2773 296 2799 bat
309 2779 401 2800 antem
428 2773 454 2800 in
476 2772 554 2800 iesuis
578 2773 762 2806 commorari;
786 2777 817 2799 ιιι
832 2773 989 2800 ostenderet
1008 2781 1039 2801 se

249 2825 310 2844 cum
334 2819 386 2846 illis
404 2818 502 2845 festum
523 2818 678 2850 celebrare;
698 2818 749 2845 hoc
763 2825 826 2844 vero
843 2823 952 2852 propter
965 2818 1037 2845 ιιιιιΙ-

250 2865 404 2902 titudinem,
415 2872 476 2890 nam
489 2864 608 2891 maxime
622 2864 647 2890 in
658 2863 701 2890 liis
710 2863 806 2890 diebus
816 2863 968 2891 medioeres
979 2871 1035 2890 ιιιιι-

247 2910 290 2942 ει»
305 2909 515 2936 concurrebant.

1095 2305 1154 2332 Ἵνα
1169 2305 1244 2341 δείξῃ
1258 2305 1333 2340 αὐτῷ
1351 2305 1392 2332 ὅτι
1412 2305 1460 2331 καὶ
1480 2304 1559 2330 ἀπὼν
1575 2303 1722 2337 θεραπεύει
1739 2311 1746 2318 ·
1763 2303 1880 2336 ἀσθενὴς

1093 2353 1147 2388 γὰρ
1167 2350 1201 2388 ἦν
1220 2354 1249 2379 ὲν
1268 2353 1307 2387 τῷ
1326 2352 1428 2386 λέγειν.
1449 2352 1489 2378 ὅτι
1512 2350 1670 2384 Κατάὄηθι,
1687 2350 1787 2384 Κύριε,
1808 2350 1882 2383 πρὶν

1093 2397 1257 2425 ἀποθανεῖν
1275 2396 1327 2424 τὸν
1343 2398 1410 2424 Υιόν
1421 2405 1492 2431 μου.

1129 2444 1188 2470 Ὂτι
1202 2443 1250 2477 οὐχ
1265 2442 1359 2473 ἁπλῶς
1373 2442 1413 2473 τδ,
1433 2442 1588 2475 Δεύτερον,
1602 2440 1782 2476 προσέθηκεν,
1800 2439 1879 2469 ἀλλὰ,

1092 2490 1209 2522 δεικνὺς,
1232 2490 1274 2516 ὅτι
1290 2489 1337 2515 καὶ
1357 2487 1485 2523 δευτέρου
1506 2488 1624 2523 σημείου
1645 2487 1805 2522 γενομένου,
1820 2487 1882 2513 οὐδὲ

1093 2537 1160 2571 πρὸς
1177 2536 1208 2562 τδ
1221 2535 1287 2570 ὕψος
1302 2534 1357 2561 τῶν
1376 2534 1555 2569 Σαμαρειτῶν
1570 2533 1692 2568 ἔφθασαν
1710 2534 1765 2560 τῶν
1775 2533 1836 2560 οὐδὲ
1851 2533 1882 2559 ἓν

1093 2583 1205 2617 σημεῖον
1218 2582 1389 2616 ἑωρακότων.

1394 2655 1518 2682 ΚΕΦΑΛ.
1539 2655 1576 2682 Ε’.

1133 2723 1245 2758 Ἑορτὴν
1273 2723 1390 2750 ἐνταῦθα
1408 2723 1457 2756 τὴν
1492 2722 1684 2756 Πεντηκοστήν
1708 2730 1786 2757 φησι.
1812 2722 1882 2748 Συν-

1093 2768 1163 2804 εχῶς
1182 2769 1210 2795 δὲ
1239 2770 1268 2795 ὲν
1290 2769 1351 2799 ταῖς
1373 2769 1480 2803 ἑορταῖς
1503 2768 1705 2803 ἐπιχωριάζει·
1730 2767 1810 2793 τοῦτο
1833 2767 1883 2802 μὲν

1093 2815 1137 2842 ἵνα
1161 2815 1236 2851 δείξῃ
1263 2814 1321 2849 μετ’
1340 2815 1430 2841 αὐτῶν
1451 2814 1614 2849 ἑορτάζειν·
1638 2813 1717 2840 τοῦτο
1739 2813 1767 2839 δὲ
1784 2813 1828 2839 διὰ
1851 2814 1883 2839 τὸ

1094 2863 1213 2896 πλῆθος·
1235 2862 1352 2896 μάλιστα
1377 2861 1432 2895 γὰρ
1457 2863 1485 2887 ἐν
1510 2861 1622 2892 ταύταις
1642 2862 1699 2892 ταῖς
1719 2860 1835 2895 ἡμέραις
1857 2860 1880 2887 ul

1092 2909 1269 2944 α’ρελέατεροι
1287 2908 1457 2943 συνέτρεχον.
