2075 3157
196 192 207 222 1
214 192 264 226 337

726 197 886 228 SCHOLIA
908 197 1056 228 VETERA
1079 197 1120 229 IN
1139 198 1326 229 JOANNEM.

1759 199 1828 232 1233

231 247 294 274 ’Ὁτι
308 247 338 274 τδ
353 249 381 274 ὲν
395 249 428 284 τῇ
447 249 600 286 προϐατικῇ
616 251 794 289 κολυμϐήθρᾳ
809 253 983 288 τελούμενον,

1075 253 1155 280 Vens.
1171 253 1198 279 Ξ.
1213 253 1290 286 Quod
1314 253 1340 280 in
1355 253 1494 288 probatica
1506 254 1611 288 piscina
1626 255 1827 290 complebatur,

195 294 278 326 τύπος
294 292 327 330 ἦν
342 295 389 322 τοῦ
405 295 603 331 βαπτίσματος.

232 340 294 366 ’Ότι
308 340 356 372 οὓς
374 341 474 377 ἀπῄτει
496 342 590 369 πίστιν
611 344 642 370 οὺ
667 344 718 380 πρὸ
743 345 799 371 τῶν
823 345 983 381 θαυμάτων,

195 384 264 410 ἀλλὰ
293 386 364 421 μετὰ
385 387 416 413 τὸ
445 387 509 414 ἰδεῖν
539 389 622 415 αὑτὸν
650 390 778 426 θαύματα
814 393 985 428 πεποιηκότα

195 431 304 467 ἀπῄτει.

230 475 300 513 Ἧρε
312 478 340 506 δὲ
353 479 399 506 τὸν
412 481 509 508 ἑαυτοῦ
523 481 687 517 κράϐαττον,
700 484 795 519 ἐπειδὴ
803 476 861 520 ἅμα
871 485 982 520 ἢκουσε,

196 524 346 556 πιστεύσας
361 526 476 562 ἠγέρθη.
495 527 544 553 Διὰ
561 528 586 554 τί
608 529 658 555 οὐκ
674 529 812 564 ἐρωτῶσιν
832 530 924 563 αὐτόν,
937 530 986 563 Τίς

196 571 270 597 ἐστιν
285 572 298 597 ό
320 572 438 607 ποιήσας
466 572 529 608 ὑγιῆ
545 582 552 606 ;
568 573 636 607 ἀλλ’,
658 575 684 601 ’0
704 576 796 603 εἰπών
808 584 857 604 σοι
870 585 876 592 ·
892 575 986 611 Ἀρον

195 616 249 642 τὸν
264 617 431 651 κρᾱϐὅατόν
442 627 516 652 σου;
533 620 601 647 Ἀπὸ
615 621 716 657 πολλῆς
731 624 914 658 κακουργίας’
930 625 986 652 ἄνω

196 663 250 698 γὰρ
273 664 321 691 καὶ
342 665 419 692 κάτω
442 665 492 701 τὴν
516 667 649 695 δοκοῦσαν
672 669 830 705 παράϐασιν
846 671 886 703 εἰς
903 672 986 707 μέσον

195 707 263 744 ἦγον
283 710 330 737 τοῦ
345 712 496 741 Σαϐϐάτου.

231 757 280 782 Διὰ
297 757 322 783 τί
337 757 462 790 ἐξένευσε
475 760 593 795 ποιήσας
609 761 639 788 τὸ
654 761 762 797 θαῦμα,
775 763 835 790 Ἵνα
854 764 891 799 μὴ
905 764 986 791 πλέον

196 802 394 838 παρασκευάσῃ
409 804 509 837 αὐτοὺς
530 806 665 841 ὲκκαῆναι
677 815 684 822 ο
696 805 750 834 οἶδε
780 809 836 843 γὰρ
853 810 899 836 καὶ
925 809 987 844 ὄψις

198 847 268 883 μόνη
288 848 334 876 τοῦ
359 849 591 887 διαφθονουμένου
610 853 641 880 οὐ
669 855 768 890 μικρὸν
797 855 854 886 τοῖς
872 855 987 890 βασκαί-

195 901 287 920 νουσιν
297 894 399 922 ἐνιέναι
410 896 559 932 σπινθῆρα.

230 941 280 966 Διὰ
293 940 318 966 τί
333 941 416 976 λέγει·
435 925 610 979 Ἰδε,“ὑγιὴς
622 946 758 980 γέγονας,
769 947 877 982 μηκέτι
896 948 987 983 ἁμάρ-
1003 925 1025 956 Β

197 993 284 1018 mre;
307 985 385 1024 ’Ἅμα
410 987 462 1022 μὲν
481 989 522 1015 ὅτι
544 989 573 1021 ἐξ
597 990 741 1026 ἁμαρτιῶν
762 992 859 1028 ἐτέχθη
878 993 918 1028 τῷ
936 994 986 1020 ἀν-

197 1031 300 1066 θρώπῳ
322 1032 353 1059 τδ
377 1033 503 1069 νόσημα·
530 1035 626 1062 ἔπειτα
648 1037 677 1063 δὲ
699 1037 743 1064 ἵνα
768 1038 900 1074 μάθωμεν
917 1040 985 1075 ώςή

197 1076 376 1113 ἁτελεύτητος
400 1079 521 1113 κόλασις,
545 1082 595 1109 οὐκ
611 1082 667 1117 ἔχει
683 1085 907 1112 ἀποκατάστασιν
920 1094 927 1102 ν
940 1082 987 1112 οὗ·

196 1131 242 1154 τος
262 1124 316 1160 γὰρ
331 1125 505 1162 ἁμαρτήσας,
523 1128 622 1163 μικροῦ
642 1129 697 1156 δεῖν
712 1130 776 1165 ὃλην
791 1131 862 1167 ζωὴν
880 1131 986 1167 ἀνθρώ-

196 1177 248 1196 που
270 1171 426 1204 ἐκολάζετο.
443 1173 511 1200 Οὐδὲ
531 1174 587 1210 γὰρ
601 1176 631 1201 ὲν
647 1177 734 1212 χρόνῳ
750 1177 784 1203 τὰ
796 1177 988 1214 ἁμαρτήματα

197 1215 332 1252 κρίνεται,
353 1218 410 1244 ἀλλ’
426 1219 455 1245 ὲν
480 1220 548 1256 αὐτῇ
564 1222 597 1257 τῇ
619 1221 700 1254 φύσει
715 1222 769 1249 τῶν
785 1223 987 1259 πεπλημμελη-

199 1263 288 1298 μένων
301 1272 308 1279 ⁸
326 1265 372 1290 καὶ
391 1265 470 1292 τοῦτο
489 1267 518 1293 δὲ
537 1269 721 1304 μανθάνομεν,
732 1269 773 1297 ὅτι
796 1270 848 1297 κᾶν
865 1270 988 1306 χαλεπὴν

196 1309 287 1344 δῶμεν
308 1310 378 1346 ὑπὲρ
393 1312 536 1347 ἁμαρτιῶν
560 1314 650 1350 δίκην,
671 1313 730 1342 εἶτα
752 1317 808 1346 τοῖς
832 1317 924 1349 αὐτοῖς
940 1326 989 1343 πε-

198 1357 365 1391 ριπέσωμεν,
382 1359 562 1395 χαλεπώτερα
582 1361 673 1396 πολλῷ
693 1363 846 1397 πεισόμεθα
864 1364 966 1398 μᾶλλον
979 1373 986 1379 ·

196 1402 235 1434 ὠς
259 1403 420 1440 ἀναίσθητος
451 1406 506 1442 γὰρ
531 1408 576 1434 καὶ
605 1410 815 1445 καταφρονητὴς
842 1411 988 1442 κολάζεται

197 1449 268 1476 τότε.
291 1451 347 1477 Καὶ
365 1451 410 1478 διὰ
426 1452 453 1478 τί
473 1454 504 1480 οὐ
523 1454 623 1486 πάντες
647 1452 698 1482 ὧδε
715 1456 906 1488 παιδεύονται;
925 1458 988 1484 ’Ὁτι

199 1496 372 1532 μακροτέρας
388 1498 494 1525 δέονται
512 1500 660 1533 κολάσεως,
680 1501 696 1537 ἢ
713 1502 784 1529 κατὰ
802 1503 898 1538 χρόνον
913 1505 988 1539 ζωῆς

197 1539 372 1577 ἀνθρωπίνης
384 1551 390 1557 ·
414 1544 461 1570 καὶ
479 1544 521 1571 ὅτι
543 1545 622 1572 τοῦτό
640 1547 709 1580 ἐστι,
730 1546 854 1581 λέγοντος
873 1548 989 1577 ἄκουσον

197 1586 319 1614 Παύλου·
335 1590 508 1624 Κρινόμενοι
522 1591 556 1618 δὲ
570 1591 629 1619 ὑπὸ
649 1594 761 1628 Κυρίου
778 1594 987 1630 παιδευόμεθα,
1001 1605 1023 1637 C

197 1633 247 1660 Ira
263 1635 306 1669 μὴ
330 1635 392 1663 σὺν
418 1636 458 1669 τῷ
480 1639 583 1672 κόσμῳ
616 1641 848 1676 κατακριθῶμεν.
869 1642 930 1669 Ὅτι
953 1644 988 1671 τά

197 1680 339 1715 νοσήματα
353 1682 369 1717 ἢ
390 1682 425 1709 δι’
439 1683 587 1719 ἁμαρτίας,
606 1685 702 1722 ὥσπερ
717 1687 764 1714 καὶ
777 1688 807 1714 ὲν
829 1689 888 1720 ταῖς
902 1688 986 1715 Βασι-

197 1726 282 1759 λείαις
297 1728 405 1763 ὁρῶμέν
416 1738 477 1756 τινα
496 1730 631 1766 ποδαλγία
644 1733 847 1768 κατασχεθέντα
861 1743 868 1750 ·
888 1735 936 1762 κα)⁸
953 1735 987 1762 δι’

197 1773 374 1808 εὐδοκίμησιν
391 1776 430 1807 ὡς
448 1776 495 1802 ἐπὶ
514 1776 563 1803 τοῦ
584 1777 644 1804 ἰώϐ
658 1786 665 1794 ⁸
685 1779 792 1814 γίνεται
807 1781 855 1808 καὶ
872 1780 926 1808 ἀπὸ
939 1782 988 1817 ῥᾳ-

197 1818 296 1854 Θυμίας
308 1822 354 1847 καὶ
369 1822 423 1849 ἀπὸ
435 1824 667 1860 γαστριμαργίας.

233 1865 294 1893 Ὀτι
319 1867 360 1902 τὸ,
396 1869 428 1895 '0
455 1871 556 1904 Πατήρ
581 1879 638 1904 μου
657 1871 713 1905 ἕως
732 1872 798 1907 ἄρτι
825 1873 985 1908 ἐργάζεται,

196 1911 278 1947 κάγὼ
286 1913 452 1948 ἐργάζομαι,
464 1915 495 1942 τδ
506 1916 650 1950 ὁμιλούσιον
662 1916 782 1944 δείκνυσι
795 1926 802 1933 ·
817 1919 865 1945 καὶ
878 1920 986 1954 ἀνάγων

196 1959 296 1989 αὐτοὺς
318 1959 371 1988 ινα.
385 1960 559 1995 προσέχωσιν
579 1962 654 1997 αὺτῷ
673 1962 711 1993 ὡς
731 1963 791 1998 Θεῴ
803 1971 811 1978 '
828 1965 871 1991 ὅτι
887 1966 904 1999 ή
921 1974 986 2002 προ-

196 2005 310 2040 νοητικὴ
329 2005 445 2041 δύναμις
464 2007 510 2032 καὶ
534 2007 563 2033 ἐν
580 2007 713 2042 Σαϐϐάτῳ
727 2008 803 2035 ἐστί·
829 2010 871 2044 ῥεῖ
890 2010 946 2046 γὰρ
956 2011 987 2037 τὸ

197 2051 270 2088 ὕδωρ
285 2052 333 2078 καὶ
347 2051 619 2088 σπερμαίνειπάντα,
639 2054 684 2080 καὶ
701 2053 779 2086 αὔξει
795 2055 844 2082 καὶ
859 2056 985 2084 κινεῖται.

231 2098 279 2131 Τὸ,
290 2100 331 2126 οὐ
342 2098 468 2126 δύναται
483 2100 500 2126 d
515 2099 581 2132 Υἱὸς
592 2099 642 2134 ἀφ’
654 2099 763 2127 ἑαυτοῦ
774 2100 872 2128 ποιεῖν
884 2101 986 2134 οὐδὲν,

195 2146 257 2174 ἀντὶ
267 2145 421 2178 τοῦ,”Ανευ
434 2144 487 2173 τοῦ
497 2146 611 2179 Πατρός
622 2154 629 2161 ·
642 2146 737 2181 ήγουν,
749 2147 825 2179 οὒδὲν
834 2146 984 2182 ἀλλότριον,

195 2193 272 2221 οὐδὲν
279 2192 364 2226 ξένον.
373 2193 404 2220 Et
412 2193 466 2227 γάρ
477 2192 514 2227 μὴ
521 2192 712 2225 τοῦτόὲστιτὸ,
720 2193 752 2219 '0
759 2194 860 2228 Πατήρ
866 2203 925 2229 μου
931 2195 988 2229 ἕως

195 2241 259 2274 ἄρτι
265 2240 424 2275 ἐργάζεται,
434 2238 515 2273 κάγὼ
522 2239 555 2272 ἐρ
560 2238 689 2272 γάζὶψαι,
696 2239 922 2274 ἐναντιωθήσεται
929 2241 988 2268 τού-

1038 299 1123 333 ligura
1139 304 1197 326 erat
1212 299 1352 334 baptiSmi.

1071 343 1151 372 Vens.
1172 346 1199 372 li.
1215 345 1273 372 Non
1295 346 1373 372 [idem
1394 347 1483 374 aheis
1509 348 1631 383 exigebat
1658 353 1721 375 ante
1746 348 1828 374 mira-

1037 391 1120 424 cula,
1156 391 1203 419 scd
1239 398 1384 427 postquam
1413 393 1489 421 illiilli
1518 395 1649 422 miracula
1682 394 1828 422 facientem

1037 437 1170 471 viderant,
1183 438 1317 471 exigebat.

1074 483 1155 511 Vsus.
1177 487 1203 512 9.
1224 485 1297 512 Tulit
1312 487 1454 521 grabatum
1471 495 1562 517 suum.
1580 496 1642 515 cum
1656 488 1738 515 simul
1752 487 1829 515 audi-

1037 529 1085 562 vit,
1102 529 1218 557 credens
1230 531 1359 558 surrexit.
1379 531 1434 558 Cur
1454 540 1507 559 non
1532 533 1607 560 illum
1636 533 1804 567 intrrrngunl
1822 542 1828 560 :

1037 574 1104 607 Quis
1117 579 1158 602 est
1174 575 1218 610 qui
1233 574 1297 602 fecit
1320 580 1346 603 te
1360 583 1457 604 sanum
1471 597 1478 609 ,
1497 577 1549 610 Qui
1576 577 1644 604 dixit
1675 577 1744 604 tibi:
1758 577 1830 605 Tulle

1037 619 1177 654 grabatum
1193 620 1290 647 tuum?
1302 618 1342 647 0b
1358 629 1483 656 magnam
1502 622 1634 649 malitiatn
1647 631 1655 655 ;
1666 630 1733 659 nam.
1744 623 1830 649 indis~

1037 665 1202 692 criminatim
1235 667 1481 701 transgressionem
1504 675 1585 703 quam
1618 668 1734 695 libuerat
1759 668 1829 695 intra

1039 710 1187 739 Sabhatum
1209 712 1398 740 admittebant.

1076 757 1157 784 Vsus.
1178 758 1221 785 15.
1246 758 1304 785 Cur.
1325 759 1473 786 declinavit
1501 765 1647 794 postquam
1667 759 1830 786 miraculum

1038 802 1171 830 fecisset?
1184 803 1225 830 Ne
1245 803 1332 839 magis
1349 803 1392 831 his
1408 804 1541 838 pmbcret
1561 804 1735 832 excitationis
1753 812 1832 832 occa-

1038 850 1155 876 sionem.
1172 848 1281 876 Sciebat
1293 849 1365 876 enim
1383 850 1470 877 visum
1487 851 1574 877 solum
1591 850 1651 885 ejus
1669 859 1749 886 quem
1763 851 1831 878 ode-

1039 895 1094 922 rint
1111 903 1165 922 non
1181 903 1292 930 parvam
1310 896 1408 924 invidis
1422 897 1567 924 scintillam
1586 898 1708 933 injicere.

1074 940 1158 969 Vnus.
1175 942 1219 969 H.
1235 941 1290 970 Cur
1304 942 1369 970 dicit
1387 952 1394 970 :
1415 942 1489 975 Ecce,
1504 952 1586 971 sanus
1609 944 1695 978 factus
1723 952 1759 977 es,
1776 944 1833 972 noli

1037 988 1264 1022 peccore?Simul
1292 989 1415 1024 quidem,
1443 990 1507 1024 quia
1536 997 1551 1017 e
1578 991 1698 1025 peccatis
1725 991 1831 1018 homini

1039 1035 1152 1063 morbus
1171 1039 1248 1063 ortus
1261 1040 1320 1070 est;
1334 1036 1433 1064 deinde
1448 1041 1550 1070 autem,
1567 1041 1598 1064 ut
1612 1037 1753 1065 discamus
1768 1045 1832 1072 sup-

1038 1078 1150 1113 plicium
1176 1084 1309 1108 ueternum
1326 1087 1381 1107 non
1408 1079 1509 1108 habere
1533 1081 1754 1109 redhibitioncm.
1779 1081 1832 1109 Iste

1038 1124 1111 1151 enim
1130 1125 1194 1160 quia
1215 1130 1386 1160 peccaverat,
1404 1125 1460 1153 fere
1482 1130 1566 1154 lotam
1588 1127 1708 1154 hominis
1728 1135 1775 1162 per
1790 1127 1832 1153 vi-

1039 1175 1093 1196 tam
1111 1171 1286 1205 puniebatur.
1301 1171 1361 1199 Non
1382 1172 1454 1199 ciiin!
1472 1181 1504 1200 ex
1520 1177 1642 1208 tempore
1662 1178 1772 1208 peccata
1791 1174 1832 1208 ju-

1039 1215 1176 1250 dicantur,
1199 1217 1246 1245 sed
1274 1225 1308 1244 ex
1326 1222 1423 1246 natura
1450 1219 1507 1253 ipsa
1535 1219 1713 1247 olfensarum.
1743 1221 1776 1248 Et
1806 1221 1832 1248 id

1039 1261 1174 1290 discimus
1188 1263 1250 1297 quia
1264 1263 1326 1290 licet
1343 1271 1468 1299 asperam
1486 1266 1581 1292 demus
1596 1266 1629 1293 de
1647 1271 1760 1301 peccato
1775 1275 1833 1301 pm-

1041 1315 1116 1341 nam,
1132 1309 1154 1336 si
1169 1308 1268 1336 deinde
1285 1309 1312 1336 in
1339 1310 1435 1338 eadem
1459 1311 1624 1344 incidamus,
1645 1313 1731 1340 multo
1754 1321 1833 1340 acet"

1040 1353 1117 1382 biora
1137 1354 1194 1383 fore
1219 1357 1384 1384 credendum
1401 1362 1452 1385 est.
1476 1358 1511 1386 Ut
1528 1359 1696 1386 inscnsibilis
1717 1365 1743 1386 et
1767 1368 1833 1387 con-

1040 1404 1157 1435 temptor
1174 1405 1239 1430 tunc
1253 1403 1365 1437 punitur
1384 1412 1391 1430 :
1405 1408 1432 1431 et
1446 1412 1495 1431 cur
1512 1413 1566 1431 non
1582 1413 1677 1432 omnes
1696 1405 1730 1432 ibi
1745 1407 1831 1433 corri-

1040 1447 1250 1482 piuntur?qnia
1281 1448 1403 1484 longiore
1429 1450 1548 1484 indigent
1576 1458 1656 1485 poma
1679 1459 1760 1486 quam
1783 1460 1832 1485 pro

1040 1496 1165 1527 tempore
1186 1494 1314 1522 humana:
1331 1496 1412 1528 vitae;
1432 1502 1457 1523 et
1473 1497 1545 1531 quod
1564 1498 1604 1525 sic
1622 1506 1655 1525 se
1673 1506 1716 1526 res
1735 1499 1831 1527 habent

1041 1539 1102 1565 audi
1118 1538 1231 1567 Paulum
1249 1541 1402 1575 dicentem;
1416 1541 1538 1570 Judicati
1550 1538 1566 1570 α
1585 1544 1698 1572 Domino
1718 1546 1832 1580 corripi-

1041 1592 1110 1618 mur,
1128 1594 1160 1613 ne
1175 1594 1235 1613 cum
1260 1586 1308 1614 hoc
1328 1588 1427 1615 mundo
1447 1589 1613 1618 damuemur.
1629 1591 1716 1619 Morbi
1739 1593 1833 1619 incur—

1040 1635 1104 1658 runt
1121 1631 1156 1658 oh
1181 1638 1332 1666 peccatum,
1354 1639 1383 1661 ut
1401 1635 1427 1662 in
1447 1635 1556 1670 palatiis
1572 1637 1697 1666 videmus
1713 1639 1831 1674 aliquem

1038 1678 1158 1714 podagra
1183 1679 1366 1714 labarantem,
1390 1687 1417 1709 et
1444 1683 1480 1709 ob
1503 1683 1602 1711 bonam
1620 1685 1732 1717 famam.
1751 1690 1782 1713 ut
1805 1687 1831 1714 iu

1038 1723 1089 1751 Job
1104 1725 1244 1760 videmus;
1260 1726 1388 1755 oriuntur
1406 1728 1488 1756 etiam
1504 1737 1519 1757 e
1532 1730 1640 1765 pigritia
1652 1736 1679 1758 ct
1687 1730 1762 1767 gula.

1075 1864 1157 1893 Vens.
1177 1865 1219 1893 Π.
1240 1865 1324 1894 Pater
1347 1875 1420 1895 meus
1448 1876 1530 1902 usque
1555 1871 1633 1897 modo
1657 1877 1783 1906 operatur
1808 1878 1834 1901 et

1037 1919 1084 1946 ego
1099 1919 1209 1946 operor,
1230 1914 1547 1943 consubstantialitatem
1572 1918 1712 1951 ostendit;
1733 1923 1762 1947 et
1785 1927 1834 1948 eos

1038 1957 1143 1985 inducit
1164 1958 1198 1985 ah
1213 1958 1393 1987 obediendum
1410 1960 1448 1987 illi
1463 1965 1492 1988 ut
1512 1961 1580 1994 Deo;
1598 1963 1662 1997 quia
1675 1963 1829 1993 Providen-

1038 2003 1083 2030 tia:
1096 2003 1185 2030 virtus
1197 2008 1224 2031 et
1235 2004 1262 2031 in
1279 2004 1398 2033 Sabhato
1412 2006 1536 2041 exsistit;
1557 2007 1616 2035 ﬂuit
1629 2010 1700 2037 enim
1712 2018 1793 2046 aqua,
1807 2015 1835 2039 et

1039 2048 1131 2075 omnia
1150 2049 1330 2082 seminantur,
1345 2056 1475 2079 crescunt
1488 2056 1515 2080 et
1528 2059 1682 2082 moventur.

1076 2094 1158 2122 Vsus.
1178 2095 1220 2123 l9.
1233 2095 1295 2123 Non
1309 2101 1393 2130 potest
1409 2097 1497 2126 Filius
1510 2107 1527 2126 α
1538 2107 1565 2126 se
1580 2100 1666 2134 [arere
1676 2102 1832 2138 quidquam,

1039 2149 1088 2176 pro
1102 2142 1165 2170 Sine
1176 2141 1311 2175 Potre;id
1326 2147 1368 2171 est
1384 2143 1451 2171 nihil
1469 2144 1600 2178 alienum,
1618 2147 1685 2175 nihil
1699 2155 1833 2178 exterum.

1040 2189 1069 2216 Si
1086 2189 1158 2216 cuitu
1172 2189 1243 2216 istud
1259 2197 1312 2216 non
1330 2189 1401 2218 idem
1422 2195 1466 2218 est
1479 2199 1512 2218 ac
1529 2199 1538 2218 :
1556 2191 1639 2220 Pater
1659 2201 1731 2221 metu
1753 2203 1835 2230 usque

1040 2237 1118 2261 modo
1133 2240 1258 2269 operatur
1273 2241 1298 2263 et
1323 2245 1370 2272 ego
1386 2245 1491 2272 operor,
1514 2240 1726 2267 contradictoria
1746 2241 1836 2269 forent

195 2296 234 2322 τῳ
245 2287 276 2314 τὸ
284 2287 412 2323 ρητόνηἊ
423 2285 489 2320 γὰρ,
497 2285 589 2319 φησὶν,
600 2286 616 2312 ὁ
623 2285 724 2319 Πατὴρ
733 2285 822 2318 ποιεῖ,
833 2286 927 2314 ταῦτα
940 2287 988 2314 καὶ

1043 2281 1100 2309 haec
1115 2282 1198 2309 verba
1216 2282 1286 2310 inter
1301 2291 1342 2312 se.
1361 2283 1427 2316 Qua:
1443 2285 1524 2316 enim,
1536 2286 1585 2318 ait,
1596 2285 1676 2314 Pater
1687 2287 1764 2322 facit.
1777 2288 1834 2316 [nec

196 2336 213 2362 ὁ
228 2334 294 2366 Υἱὸς
302 2333 410 2368 ὁμοίως
418 2331 506 2359 ποιεῖ·
523 2330 656 2357 καὶτοῦτο
668 2331 696 2358 δὲ
705 2332 786 2358 πάλιν
799 2332 830 2358 τὸ
843 2333 988 2367 ὁμοούσιον

197 2380 284 2414 κυροῖ.
318 2378 374 2406 Καὶ
399 2378 464 2412 μετ’
492 2377 603 2411 ὀλίγαι
625 2377 672 2410 Τὸ,
700 2380 742 2406 Οὐ
773 2378 910 2412 δύναται,
937 2380 988 2406 οὐκ

195 2425 349 2457 ἀσθενείας,
365 2424 434 2451 ἀλλὰ
449 2424 499 2460 τῆς
516 2424 603 2457 ἄκρας
618 2423 687 2460 πρὸς
698 2425 744 2452 τὸν
761 2425 872 2460 Πατέρα
887 2434 986 2452 ταυτο-

195 2473 278 2507 φυῒας
299 2479 344 2506 μοι
360 2470 507 2501 πίστωσις·
530 2469 562 2496 τὸ
581 2470 635 2504 γὰρ
658 2470 791 2497 ἀδύνατον
813 2471 856 2505 ἐφ’
874 2471 939 2498 Υίοῦ
955 2472 986 2498 οὺ

194 2519 225 2546 τὸ
234 2517 427 2552 ἁνεγχώρητον
440 2515 577 2543 δείκνυσιν
585 2523 591 2531 ⁸
603 2516 640 2547 ὠς
651 2516 682 2542 τὺ
691 2516 823 2543 ἀδύνατον
833 2516 987 2549 ψεύσασθαι

195 2566 272 2595 Θεὸν,
287 2565 337 2592 οὐκ
352 2564 505 2594 ἀσθενείας,
522 2563 581 2590 ἀλλ’
596 2564 685 2598 ἄκρας
697 2563 839 2599 δυνάμεως
862 2564 986 2596 ἔνδειξις.

195 2612 302 2648 Σφόδρα
322 2611 377 2646 γάρ
395 2613 424 2637 ὲν
441 2610 481 2646 τῷ
502 2611 646 2646 ἀληθεύειν
669 2611 768 2646 πολλὴν
785 2611 854 2645 ἔχων
876 2610 926 2645 τὴν
940 2610 987 2637 δύ-

195 2669 287 2694 ναμιν,
311 2659 362 2686 οὐκ
381 2659 415 2685 ἂν
435 2659 482 2685 ὑπ’
503 2658 646 2690 ἀσθενείας
666 2659 842 2694 κατενεχθείη
869 2659 938 2693 πρὸς
957 2658 988 2685 τὸ

193 2707 289 2742 ψεῦδος
301 2715 308 2722 ·
326 2706 412 2737 οὕτως
432 2706 472 2738 τὸ,
502 2707 543 2732 οὺ
561 2705 686 2732 δύναται
700 2706 714 2732 ὁ
729 2707 795 2739 Υιὴς
810 2706 862 2740 ἀφ’
877 2705 987 2733 ἑαυτοῦ

195 2754 292 2781 ποιεῖν
302 2753 404 2786 οὐδὲν,
418 2752 609 2788 ἀνεγχώρητόν
624 2761 691 2788 φησι
707 2752 751 2779 τὸν
772 2752 836 2779 Υῐὸν
850 2753 930 2788 διῃρη
936 2753 987 2786 μέ-

195 2808 245 2835 νην
257 2799 304 2825 τοῦ
323 2800 430 2835 Πατρὸς
446 2799 519 2834 ἔχειν
540 2799 690 2834 ἐνέργειαν.
707 2799 744 2825 Οὐ
762 2799 816 2833 γὰρ
830 2799 943 2826 δυνατὸν
955 2799 986 2826 τὺ

196 2845 320 2880 γέννημα
351 2845 414 2880 δίχα
443 2845 491 2872 τοῦ
526 2845 708 2880 γεννήσαντος
738 2845 766 2870 τὶ
798 2845 903 2870 ποιεῖν·
936 2845 986 2871 οὐκ

195 2889 314 2924 ἐγχωρεῖ
325 2890 356 2916 τὸ
369 2890 542 2925 ἀπαύγασμα
556 2891 617 2925 δίχα
629 2889 674 2916 τοῦ
691 2890 796 2924 Homo;
811 2889 968 2916 ἀνατέλλειν
978 2898 984 2905 ·

196 2935 246 2964 οὐκ
268 2936 357 2964 ἔνεστι
373 2937 416 2964 τὸν
439 2937 534 2964 κλάδον
555 2938 616 2972 δίχα
637 2937 687 2972 τῆς
704 2937 781 2972 ῥίζης
803 2937 898 2973 φὲικιν
916 2946 985 2974 καρ-

1042 2332 1066 2354 et
1082 2327 1169 2355 Filius
1181 2329 1307 2356 similiter
1324 2331 1388 2364 facit
1402 2339 1413 2358 :
1428 2331 1489 2358 etid
1503 2339 1600 2360 rursus
1612 2334 1834 2364 consubstantia-

1043 2374 1144 2401 litatem
1157 2375 1257 2410 arguit.
1274 2375 1307 2402 Et
1316 2377 1395 2410 paulo
1411 2382 1480 2411 post.
1496 2376 1559 2405 Non
1573 2383 1670 2413 potest,
1689 2388 1835 2416 argumen-

1043 2425 1100 2448 tum
1117 2426 1159 2449 cst
1170 2430 1222 2449 non
1236 2422 1414 2454 inﬁrmitatis,
1427 2424 1474 2451 sed
1488 2432 1605 2454 summa:
1619 2425 1690 2453 Patri
1704 2427 1835 2455 similitu-

1042 2467 1126 2494 dinis.
1151 2467 1219 2495 Nam
1247 2468 1456 2503 itnpossibilitas
1483 2471 1510 2497 in
1535 2471 1591 2498 tilio
1619 2480 1674 2499 non
1708 2473 1833 2502 illicitum

1042 2514 1187 2549 signitical,
1203 2520 1232 2543 ut
1250 2515 1458 2550 impossibilitas
1477 2519 1625 2546 incutiendi
1642 2520 1668 2546 in
1692 2519 1746 2546 Deo
1765 2520 1836 2547 indi-

1043 2562 1115 2588 cium
1131 2566 1173 2589 est
1196 2570 1249 2590 non
1273 2563 1452 2596 inﬁrmitatis,
1477 2565 1523 2592 sed
1542 2573 1657 2592 summa:
1678 2566 1833 2600 potestatis.

1042 2608 1110 2635 Nam
1133 2616 1259 2643 magnam
1275 2611 1394 2637 maxime
1413 2611 1446 2638 ad
1464 2611 1607 2638 dicendam
1624 2612 1767 2639 veritatem
1784 2613 1834 2640 Im-

1042 2655 1111 2682 hcns
1129 2655 1291 2690 potentiam,
1315 2664 1368 2684 non
1395 2656 1555 2685 inﬁrmitate
1577 2657 1697 2685 ferretur
1710 2666 1831 2694 unquam

1042 2702 1075 2729 ad
1095 2703 1289 2736 mendacium;
1308 2703 1344 2730 ita
1362 2711 1424 2730 cum
1439 2711 1490 2730 non
1506 2709 1590 2738 potest
1611 2703 1701 2732 Filius
1713 2713 1730 2732 α
1743 2713 1771 2732 ιι
1789 2706 1834 2740 {a-

1042 2756 1100 2775 cere
1126 2749 1280 2784 quidquam,
1303 2748 1428 2776 illicitum
1452 2749 1550 2776 dicitur
1568 2757 1629 2777 esse
1661 2751 1717 2777 tilio
1741 2757 1770 2779 ut
1787 2751 1835 2779 ha-

1041 2796 1104 2823 beat
1131 2795 1288 2823 distinctam
1313 2803 1328 2823 a
1345 2796 1431 2831 [patre
1453 2796 1653 2830 operationem.
1679 2797 1738 2825 Non
1759 2799 1834 2826 enim

1042 2843 1171 2878 possibile
1191 2847 1232 2871 est
1261 2843 1384 2879 genitum
1400 2848 1477 2871 extra
1506 2845 1655 2878 genitorem
1683 2844 1834 2880 quidquam

1042 2890 1142 2923 facere,
1157 2898 1212 2917 non
1225 2889 1288 2917 licet
1303 2889 1475 2924 splendorem
1489 2893 1566 2918 cura
1578 2894 1682 2924 patrem
1697 2891 1834 2920 emittere.

1041 2945 1096 2964 non
1122 2937 1184 2965 licet
1208 2941 1335 2964 truncum
1351 2935 1562 2965 extraladicem
1588 2936 1707 2965 fructum
1722 2937 1829 2968 facere;
