  <div class='ocr_page' id='page_1' title='image "/cluster/home/n/w/nwhite01/storage/ocr_20150623/106/njp.32101077772901/702.png"; bbox 0 0 2076 3158; ppageno 0'>
   <div class='ocr_carea' id='block_1_1' title="bbox 189 161 258 194">
    <p class='ocr_par' dir='ltr' id='par_1_1' title="bbox 189 161 258 194">
     <span class='ocr_line' id='line_1_1' title="bbox 189 161 258 194; baseline 0 0"><span class='ocrx_word' id='word_1_1' title='bbox 189 161 258 194; x_wconf 71' lang='grc'><strong>1289</strong></span> 
     </span>
    </p>
   </div>
   <div class='ocr_carea' id='block_1_2' title="bbox 698 161 1291 193">
    <p class='ocr_par' dir='ltr' id='par_1_2' title="bbox 698 161 1291 193">
     <span class='ocr_line' id='line_1_2' title="bbox 698 161 1291 193; baseline 0.003 -2"><span class='ocrx_word' id='word_1_2' title='bbox 698 161 858 193; x_wconf 73' lang='lat' dir='ltr'><strong>SCHOLIA</strong></span> <span class='ocrx_word' id='word_1_3' title='bbox 876 161 1024 193; x_wconf 79' lang='lat' dir='ltr'><strong>VETERA</strong></span> <span class='ocrx_word' id='word_1_4' title='bbox 1045 161 1085 192; x_wconf 86' lang='lat' dir='ltr'><strong>IN</strong></span> <span class='ocrx_word' id='word_1_5' title='bbox 1105 161 1291 193; x_wconf 79' lang='lat' dir='ltr'><strong>IOANNEM.</strong></span> 
     </span>
    </p>
   </div>
   <div class='ocr_carea' id='block_1_3' title="bbox 1737 166 1807 199">
    <p class='ocr_par' dir='ltr' id='par_1_3' title="bbox 1737 166 1807 199">
     <span class='ocr_line' id='line_1_3' title="bbox 1737 166 1807 199; baseline 0 -1"><span class='ocrx_word' id='word_1_6' title='bbox 1737 166 1807 199; x_wconf 64' lang='lat'><strong>1290</strong></span> 
     </span>
    </p>
   </div>
   <div class='ocr_carea' id='block_1_4' title="bbox 185 217 973 260">
    <p class='ocr_par' dir='ltr' id='par_1_4' title="bbox 185 217 969 255">
     <span class='ocr_line' id='line_1_4' title="bbox 185 217 969 255; baseline -0.003 -9"><span class='ocrx_word' id='word_1_7' title='bbox 185 219 272 251; x_wconf 81' lang='grc' dir='ltr'>ἄλλως</span> <span class='ocrx_word' id='word_1_8' title='bbox 287 218 378 246; x_wconf 78' lang='grc' dir='ltr'>δὲκαὶ</span> <span class='ocrx_word' id='word_1_9' title='bbox 403 217 504 255; x_wconf 71' lang='grc' dir='ltr'>τρανὴν</span> <span class='ocrx_word' id='word_1_10' title='bbox 526 218 574 245; x_wconf 70' lang='grc' dir='ltr'>καὶ</span> <span class='ocrx_word' id='word_1_11' title='bbox 601 218 705 253; x_wconf 78' lang='grc' dir='ltr'>ἥμερον</span> <span class='ocrx_word' id='word_1_12' title='bbox 726 217 789 252; x_wconf 73' lang='grc' dir='ltr'>ὄψιν</span> <span class='ocrx_word' id='word_1_13' title='bbox 809 218 899 250; x_wconf 81' lang='grc' dir='ltr'>αὐτοῖς</span> <span class='ocrx_word' id='word_1_14' title='bbox 918 219 969 245; x_wconf 82' lang='grc' dir='ltr'><strong>ἐπ-</strong></span> 
     </span>
    </p>
   </div>
   <div class='ocr_carea' id='block_1_5' title="bbox 1025 217 1807 260">
    <p class='ocr_par' dir='ltr' id='par_1_5' title="bbox 1025 218 1807 260">
     <span class='ocr_line' id='line_1_5' title="bbox 1025 218 1807 260; baseline 0.008 -14"><span class='ocrx_word' id='word_1_15' title='bbox 1025 218 1101 246; x_wconf 81' lang='lat' dir='ltr'><strong>aliter</strong></span> <span class='ocrx_word' id='word_1_16' title='bbox 1113 223 1215 252; x_wconf 87' lang='lat' dir='ltr'><strong>autem.</strong></span> <span class='ocrx_word' id='word_1_17' title='bbox 1227 223 1253 247; x_wconf 90' lang='lat' dir='ltr'><strong>et</strong></span> <span class='ocrx_word' id='word_1_18' title='bbox 1263 219 1403 249; x_wconf 90' lang='lat' dir='ltr'><strong>evidenter</strong></span> <span class='ocrx_word' id='word_1_19' title='bbox 1417 226 1444 250; x_wconf 89' lang='lat' dir='ltr'><strong>ct</strong></span> <span class='ocrx_word' id='word_1_20' title='bbox 1460 222 1539 250; x_wconf 78' lang='lat' dir='ltr'><strong>facile</strong></span> <span class='ocrx_word' id='word_1_21' title='bbox 1561 223 1614 251; x_wconf 87' lang='lat' dir='ltr'><strong>illis</strong></span> <span class='ocrx_word' id='word_1_22' title='bbox 1634 224 1807 260; x_wconf 82' lang='lat' dir='ltr'><strong>conspicien-</strong></span> 
     </span>
    </p>
   </div>
   <div class='ocr_carea' id='block_1_6' title="bbox 186 264 316 297">
    <p class='ocr_par' dir='ltr' id='par_1_6' title="bbox 186 264 316 297">
     <span class='ocr_line' id='line_1_6' title="bbox 186 264 316 297; baseline -0.008 -6"><span class='ocrx_word' id='word_1_23' title='bbox 186 264 316 297; x_wconf 79' lang='grc' dir='ltr'>εδείξατο.</span> 
     </span>
    </p>
   </div>
   <div class='ocr_carea' id='block_1_7' title="bbox 221 308 972 346">
    <p class='ocr_par' dir='ltr' id='par_1_7' title="bbox 221 308 972 346">
     <span class='ocr_line' id='line_1_7' title="bbox 221 308 972 346; baseline 0 -10"><span class='ocrx_word' id='word_1_24' title='bbox 221 310 269 342; x_wconf 78' lang='grc' dir='ltr'><strong>Τὸ,</strong></span> <span class='ocrx_word' id='word_1_25' title='bbox 282 310 385 342; x_wconf 83' lang='grc' dir='ltr'><strong>Καθὼς</strong></span> <span class='ocrx_word' id='word_1_26' title='bbox 395 308 570 336; x_wconf 73' lang='grc' dir='ltr'>ἀπέσταλκὲ</span> <span class='ocrx_word' id='word_1_27' title='bbox 576 317 615 343; x_wconf 82' lang='grc' dir='ltr'><strong>με</strong></span> <span class='ocrx_word' id='word_1_28' title='bbox 625 310 641 335; x_wconf 85' lang='grc' dir='ltr'><em>ὁ</em></span> <span class='ocrx_word' id='word_1_29' title='bbox 651 308 762 344; x_wconf 79' lang='grc' dir='ltr'>Πατὴρ,</span> <span class='ocrx_word' id='word_1_30' title='bbox 775 309 857 346; x_wconf 62' lang='grc' dir='ltr'><strong>κάγὼ</strong></span> <span class='ocrx_word' id='word_1_31' title='bbox 868 309 972 344; x_wconf 80' lang='grc' dir='ltr'><em>πέμπω</em></span> 
     </span>
    </p>
   </div>
   <div class='ocr_carea' id='block_1_8' title="bbox 186 354 760 391">
    <p class='ocr_par' dir='ltr' id='par_1_8' title="bbox 186 354 760 391">
     <span class='ocr_line' id='line_1_8' title="bbox 186 354 760 391; baseline -0.003 -8"><span class='ocrx_word' id='word_1_32' title='bbox 186 354 276 391; x_wconf 73' lang='grc' dir='ltr'>ὑμᾶς,</span> <span class='ocrx_word' id='word_1_33' title='bbox 294 355 344 391; x_wconf 83' lang='grc' dir='ltr'>τὴν</span> <span class='ocrx_word' id='word_1_34' title='bbox 360 354 497 390; x_wconf 78' lang='grc' dir='ltr'><strong>ἰσοτιμίαν</strong></span> <span class='ocrx_word' id='word_1_35' title='bbox 510 354 645 381; x_wconf 87' lang='grc' dir='ltr'>δείκνυσιν</span> <span class='ocrx_word' id='word_1_36' title='bbox 659 355 760 387; x_wconf 73' lang='grc' dir='ltr'>αὐτοῖς.</span> 
     </span>
    </p>
   </div>
   <div class='ocr_carea' id='block_1_9' title="bbox 221 400 973 436">
    <p class='ocr_par' dir='ltr' id='par_1_9' title="bbox 221 400 973 436">
     <span class='ocr_line' id='line_1_9' title="bbox 221 400 973 436; baseline 0 -8"><span class='ocrx_word' id='word_1_37' title='bbox 221 400 269 432; x_wconf 84' lang='grc' dir='ltr'>Τὸ,</span> <span class='ocrx_word' id='word_1_38' title='bbox 284 400 395 428; x_wconf 79' lang='grc' dir='ltr'>Λάϐετε</span> <span class='ocrx_word' id='word_1_39' title='bbox 407 400 528 435; x_wconf 80' lang='grc' dir='ltr'><strong>Πνεῦμα</strong></span> <span class='ocrx_word' id='word_1_40' title='bbox 541 400 637 436; x_wconf 71' lang='grc' dir='ltr'>ἅγιον,</span> <span class='ocrx_word' id='word_1_41' title='bbox 650 401 709 432; x_wconf 84' lang='grc' dir='ltr'>πῶς</span> <span class='ocrx_word' id='word_1_42' title='bbox 724 402 834 435; x_wconf 75' lang='grc' dir='ltr'><strong>νοεῖται,</strong></span> <span class='ocrx_word' id='word_1_43' title='bbox 850 403 973 433; x_wconf 73' lang='grc' dir='ltr'>εἰπόντος</span> 
     </span>
    </p>
   </div>
   <div class='ocr_carea' id='block_1_10' title="bbox 187 446 973 481">
    <p class='ocr_par' dir='ltr' id='par_1_10' title="bbox 187 446 973 481">
     <span class='ocr_line' id='line_1_10' title="bbox 187 446 973 481; baseline 0.003 -8"><span class='ocrx_word' id='word_1_44' title='bbox 187 446 281 480; x_wconf 77' lang='grc' dir='ltr'>αὑτοῦ,</span> <span class='ocrx_word' id='word_1_45' title='bbox 303 447 371 473; x_wconf 83' lang='grc' dir='ltr'><strong>Ἐὰν</strong></span> <span class='ocrx_word' id='word_1_46' title='bbox 379 446 422 481; x_wconf 84' lang='grc' dir='ltr'>μὴ</span> <span class='ocrx_word' id='word_1_47' title='bbox 435 446 493 481; x_wconf 71' lang='grc' dir='ltr'><strong>ἐγὼ</strong></span> <span class='ocrx_word' id='word_1_48' title='bbox 506 446 638 479; x_wconf 79' lang='grc' dir='ltr'><strong>ἀπέλθω,</strong></span> <span class='ocrx_word' id='word_1_49' title='bbox 651 448 687 474; x_wconf 88' lang='grc' dir='ltr'>οὺ</span> <span class='ocrx_word' id='word_1_50' title='bbox 698 446 742 481; x_wconf 85' lang='grc' dir='ltr'>μὴ</span> <span class='ocrx_word' id='word_1_51' title='bbox 753 447 826 481; x_wconf 74' lang='grc' dir='ltr'><strong>ἔλθῃ</strong></span> <span class='ocrx_word' id='word_1_52' title='bbox 841 447 954 481; x_wconf 80' lang='grc' dir='ltr'>ἐκεῖνος</span> <span class='ocrx_word' id='word_1_53' title='bbox 964 456 973 480; x_wconf 86' lang='grc'><strong><em>;</em></strong></span> 
     </span>
    </p>
   </div>
   <div class='ocr_carea' id='block_1_11' title="bbox 189 492 974 528">
    <p class='ocr_par' dir='ltr' id='par_1_11' title="bbox 189 492 974 528">
     <span class='ocr_line' id='line_1_11' title="bbox 189 492 974 528; baseline -0.001 -8"><span class='ocrx_word' id='word_1_54' title='bbox 189 492 268 524; x_wconf 82' lang='grc' dir='ltr'>Τινές</span> <span class='ocrx_word' id='word_1_55' title='bbox 284 500 367 527; x_wconf 87' lang='grc' dir='ltr'>φασιν</span> <span class='ocrx_word' id='word_1_56' title='bbox 392 493 433 519; x_wconf 82' lang='grc' dir='ltr'>ὅτι</span> <span class='ocrx_word' id='word_1_57' title='bbox 448 492 480 518; x_wconf 83' lang='grc' dir='ltr'>οὐ</span> <span class='ocrx_word' id='word_1_58' title='bbox 499 493 530 518; x_wconf 85' lang='grc' dir='ltr'><strong>τὺ</strong></span> <span class='ocrx_word' id='word_1_59' title='bbox 545 493 658 527; x_wconf 80' lang='grc' dir='ltr'><strong>Πνεῦμα</strong></span> <span class='ocrx_word' id='word_1_60' title='bbox 671 492 781 525; x_wconf 71' lang='grc' dir='ltr'>ἔδωκεν,</span> <span class='ocrx_word' id='word_1_61' title='bbox 799 493 856 520; x_wconf 80' lang='grc' dir='ltr'>ἀλλ’</span> <span class='ocrx_word' id='word_1_62' title='bbox 878 494 974 528; x_wconf 83' lang='grc' dir='ltr'>ἐπιτη-</span> 
     </span>
    </p>
   </div>
   <div class='ocr_carea' id='block_1_12' title="bbox 187 538 973 573">
    <p class='ocr_par' dir='ltr' id='par_1_12' title="bbox 187 538 973 573">
     <span class='ocr_line' id='line_1_12' title="bbox 187 538 973 573; baseline 0 -8"><span class='ocrx_word' id='word_1_63' title='bbox 187 538 276 570; x_wconf 84' lang='grc' dir='ltr'><strong>δείους</strong></span> <span class='ocrx_word' id='word_1_64' title='bbox 295 538 395 570; x_wconf 82' lang='grc' dir='ltr'>αὑτοὺς</span> <span class='ocrx_word' id='word_1_65' title='bbox 408 538 453 565; x_wconf 83' lang='grc' dir='ltr'><strong>διὰ</strong></span> <span class='ocrx_word' id='word_1_66' title='bbox 476 538 525 565; x_wconf 82' lang='grc' dir='ltr'><strong>τοῦ</strong></span> <span class='ocrx_word' id='word_1_67' title='bbox 547 539 745 573; x_wconf 84' lang='grc' dir='ltr'>ἐμφυσήματος</span> <span class='ocrx_word' id='word_1_68' title='bbox 761 539 973 570; x_wconf 75' lang='grc' dir='ltr'><strong>κατεσκεύασεν,</strong></span> 
     </span>
    </p>
   </div>
   <div class='ocr_carea' id='block_1_13' title="bbox 189 584 973 620">
    <p class='ocr_par' dir='ltr' id='par_1_13' title="bbox 189 584 973 620">
     <span class='ocr_line' id='line_1_13' title="bbox 189 584 973 620; baseline 0 -9"><span class='ocrx_word' id='word_1_69' title='bbox 189 585 205 620; x_wconf 86' lang='grc' dir='ltr'><strong>ἦ</strong></span> <span class='ocrx_word' id='word_1_70' title='bbox 217 585 257 611; x_wconf 85' lang='grc' dir='ltr'><strong>δτι</strong></span> <span class='ocrx_word' id='word_1_71' title='bbox 268 584 340 612; x_wconf 85' lang='grc' dir='ltr'>κατὰ</span> <span class='ocrx_word' id='word_1_72' title='bbox 353 585 561 620; x_wconf 81' lang='grc' dir='ltr'><strong>ἁμαρτημάτων</strong></span> <span class='ocrx_word' id='word_1_73' title='bbox 571 584 678 617; x_wconf 77' lang='grc' dir='ltr'><strong>ἐξουσία</strong></span> <span class='ocrx_word' id='word_1_74' title='bbox 688 584 765 619; x_wconf 86' lang='grc' dir='ltr'>ἐδόθη</span> <span class='ocrx_word' id='word_1_75' title='bbox 775 585 866 616; x_wconf 81' lang='grc' dir='ltr'>αὐτοῖς</span> <span class='ocrx_word' id='word_1_76' title='bbox 880 585 973 611; x_wconf 73' lang='grc' dir='ltr'>τοῦτο·</span> 
     </span>
    </p>
   </div>
   <div class='ocr_carea' id='block_1_14' title="bbox 189 629 974 665">
    <p class='ocr_par' dir='ltr' id='par_1_14' title="bbox 189 629 974 665">
     <span class='ocr_line' id='line_1_14' title="bbox 189 629 974 665; baseline 0 -9"><span class='ocrx_word' id='word_1_77' title='bbox 189 630 303 665; x_wconf 78' lang='grc' dir='ltr'>ὕστερον</span> <span class='ocrx_word' id='word_1_78' title='bbox 325 630 354 657; x_wconf 77' lang='grc' dir='ltr'>δὲ</span> <span class='ocrx_word' id='word_1_79' title='bbox 368 630 412 656; x_wconf 78' lang='grc' dir='ltr'><strong>διὰ</strong></span> <span class='ocrx_word' id='word_1_80' title='bbox 436 629 483 656; x_wconf 78' lang='grc' dir='ltr'>τοῦ</span> <span class='ocrx_word' id='word_1_81' title='bbox 509 630 669 665; x_wconf 81' lang='grc' dir='ltr'>Πνεῦματος</span> <span class='ocrx_word' id='word_1_82' title='bbox 690 631 738 657; x_wconf 78' lang='grc' dir='ltr'>καὶ</span> <span class='ocrx_word' id='word_1_83' title='bbox 763 630 797 656; x_wconf 84' lang='grc' dir='ltr'>τὰ</span> <span class='ocrx_word' id='word_1_84' title='bbox 821 631 943 665; x_wconf 81' lang='grc' dir='ltr'>μείζονα,</span> <span class='ocrx_word' id='word_1_85' title='bbox 960 631 974 657; x_wconf 82' lang='grc' dir='ltr'><strong>ὃ</strong></span> 
     </span>
    </p>
   </div>
   <div class='ocr_carea' id='block_1_15' title="bbox 188 675 974 712">
    <p class='ocr_par' dir='ltr' id='par_1_15' title="bbox 188 675 974 712">
     <span class='ocr_line' id='line_1_15' title="bbox 188 675 974 712; baseline 0.004 -11"><span class='ocrx_word' id='word_1_86' title='bbox 188 676 248 702; x_wconf 81' lang='grc' dir='ltr'>ἐστι</span> <span class='ocrx_word' id='word_1_87' title='bbox 267 675 395 711; x_wconf 87' lang='grc' dir='ltr'>θαύματα</span> <span class='ocrx_word' id='word_1_88' title='bbox 406 683 413 690; x_wconf 89' lang='grc'><strong>·</strong></span> <span class='ocrx_word' id='word_1_89' title='bbox 430 675 504 710; x_wconf 83' lang='grc' dir='ltr'>λέγει</span> <span class='ocrx_word' id='word_1_90' title='bbox 519 676 585 712; x_wconf 88' lang='grc' dir='ltr'>γὰρ,</span> <span class='ocrx_word' id='word_1_91' title='bbox 611 677 652 703; x_wconf 85' lang='grc' dir='ltr'>ὃτι</span> <span class='ocrx_word' id='word_1_92' title='bbox 681 677 750 703; x_wconf 84' lang='grc' dir='ltr'><strong>Τότε</strong></span> <span class='ocrx_word' id='word_1_93' title='bbox 760 676 898 711; x_wconf 73' lang='grc' dir='ltr'>λήψεσθε</span> <span class='ocrx_word' id='word_1_94' title='bbox 923 677 974 704; x_wconf 76' lang='grc' dir='ltr'><strong>δύ-</strong></span> 
     </span>
    </p>
   </div>
   <div class='ocr_carea' id='block_1_16' title="bbox 187 729 929 756">
    <p class='ocr_par' dir='ltr' id='par_1_16' title="bbox 187 729 929 756">
     <span class='ocr_line' id='line_1_16' title="bbox 187 729 929 756; baseline 0.012 -9"><span class='ocrx_word' id='word_1_95' title='bbox 187 729 287 754; x_wconf 82' lang='grc' dir='ltr'>ναμιν.</span> <span class='ocrx_word' id='word_1_96' title='bbox 926 754 929 756; x_wconf 90' lang='grc'>.</span> 
     </span>
    </p>
   </div>
   <div class='ocr_carea' id='block_1_17' title="bbox 223 766 974 802">
    <p class='ocr_par' dir='ltr' id='par_1_17' title="bbox 223 766 974 802">
     <span class='ocr_line' id='line_1_17' title="bbox 223 766 974 802; baseline 0.001 -9"><span class='ocrx_word' id='word_1_97' title='bbox 223 767 287 798; x_wconf 85' lang='grc' dir='ltr'><strong>Πῶς</strong></span> <span class='ocrx_word' id='word_1_98' title='bbox 305 767 413 794; x_wconf 86' lang='grc' dir='ltr'>πάντων</span> <span class='ocrx_word' id='word_1_99' title='bbox 432 766 611 802; x_wconf 79' lang='grc' dir='ltr'><strong>συνηγμένων</strong></span> <span class='ocrx_word' id='word_1_100' title='bbox 621 767 635 793; x_wconf 86' lang='grc' dir='ltr'><strong><em>ὸ</em></strong></span> <span class='ocrx_word' id='word_1_101' title='bbox 651 766 752 801; x_wconf 76' lang='grc' dir='ltr'>Θωμᾶς</span> <span class='ocrx_word' id='word_1_102' title='bbox 767 767 974 802; x_wconf 81' lang='grc' dir='ltr'>ἀπελιμπάνετο</span> 
     </span>
    </p>
   </div>
   <div class='ocr_carea' id='block_1_18' title="bbox 187 811 974 849">
    <p class='ocr_par' dir='ltr' id='par_1_18' title="bbox 187 811 974 849">
     <span class='ocr_line' id='line_1_18' title="bbox 187 811 974 849; baseline 0 -9"><span class='ocrx_word' id='word_1_103' title='bbox 187 813 269 849; x_wconf 82' lang='grc' dir='ltr'>μόνος</span> <span class='ocrx_word' id='word_1_104' title='bbox 279 821 287 846; x_wconf 78' lang='grc' dir='ltr'><strong>ς</strong></span> <span class='ocrx_word' id='word_1_105' title='bbox 298 813 379 845; x_wconf 76' lang='grc' dir='ltr'>Είκὺς</span> <span class='ocrx_word' id='word_1_106' title='bbox 387 811 422 848; x_wconf 86' lang='grc' dir='ltr'>ἦν</span> <span class='ocrx_word' id='word_1_107' title='bbox 432 814 486 840; x_wconf 79' lang='grc' dir='ltr'><strong>ἀπὸ</strong></span> <span class='ocrx_word' id='word_1_108' title='bbox 497 813 547 847; x_wconf 85' lang='grc' dir='ltr'>τῆς</span> <span class='ocrx_word' id='word_1_109' title='bbox 562 813 712 848; x_wconf 79' lang='grc' dir='ltr'>διασπορᾶς</span> <span class='ocrx_word' id='word_1_110' title='bbox 727 812 778 848; x_wconf 82' lang='grc' dir='ltr'>τῆς</span> <span class='ocrx_word' id='word_1_111' title='bbox 796 813 847 849; x_wconf 67' lang='grc' dir='ltr'>ἢδη</span> <span class='ocrx_word' id='word_1_112' title='bbox 863 814 974 848; x_wconf 81' lang='grc' dir='ltr'>γενομέ-</span> 
     </span>
    </p>
   </div>
   <div class='ocr_carea' id='block_1_19' title="bbox 187 858 648 894">
    <p class='ocr_par' dir='ltr' id='par_1_19' title="bbox 187 858 648 894">
     <span class='ocr_line' id='line_1_19' title="bbox 187 858 648 894; baseline -0.004 -8"><span class='ocrx_word' id='word_1_113' title='bbox 187 867 237 894; x_wconf 88' lang='grc' dir='ltr'><strong>νης</strong></span> <span class='ocrx_word' id='word_1_114' title='bbox 256 859 369 894; x_wconf 82' lang='grc' dir='ltr'><strong>μηδέπω</strong></span> <span class='ocrx_word' id='word_1_115' title='bbox 386 858 468 885; x_wconf 76' lang='grc' dir='ltr'>αὐτὸν</span> <span class='ocrx_word' id='word_1_116' title='bbox 480 858 648 884; x_wconf 81' lang='grc' dir='ltr'>ἐπανελθεῖν.</span> 
     </span>
    </p>
   </div>
   <div class='ocr_carea' id='block_1_20' title="bbox 1023 264 1228 292">
    <p class='ocr_par' dir='ltr' id='par_1_20' title="bbox 1023 264 1228 292">
     <span class='ocr_line' id='line_1_20' title="bbox 1023 264 1228 292; baseline 0.005 -1"><span class='ocrx_word' id='word_1_117' title='bbox 1023 264 1087 291; x_wconf 73' lang='lat' dir='ltr'><strong>dum</strong></span> <span class='ocrx_word' id='word_1_118' title='bbox 1099 272 1129 292; x_wconf 89' lang='lat' dir='ltr'><strong>se</strong></span> <span class='ocrx_word' id='word_1_119' title='bbox 1143 265 1228 292; x_wconf 90' lang='lat' dir='ltr'><strong>dedit.</strong></span> 
     </span>
    </p>
   </div>
   <div class='ocr_carea' id='block_1_21' title="bbox 1060 309 1807 348">
    <p class='ocr_par' dir='ltr' id='par_1_21' title="bbox 1060 309 1807 348">
     <span class='ocr_line' id='line_1_21' title="bbox 1060 309 1807 348; baseline 0.007 -11"><span class='ocrx_word' id='word_1_120' title='bbox 1060 309 1194 338; x_wconf 75' lang='lat' dir='ltr'><strong>Vnas.2l.</strong></span> <span class='ocrx_word' id='word_1_121' title='bbox 1213 310 1288 338; x_wconf 83' lang='lat' dir='ltr'><strong>Sicut</strong></span> <span class='ocrx_word' id='word_1_122' title='bbox 1304 311 1375 338; x_wconf 76' lang='lat' dir='ltr'><strong>misit</strong></span> <span class='ocrx_word' id='word_1_123' title='bbox 1389 320 1429 339; x_wconf 89' lang='lat' dir='ltr'><strong>me</strong></span> <span class='ocrx_word' id='word_1_124' title='bbox 1446 311 1537 344; x_wconf 81' lang='lat' dir='ltr'><strong>Pater,</strong></span> <span class='ocrx_word' id='word_1_125' title='bbox 1551 317 1576 339; x_wconf 79' lang='lat' dir='ltr'><strong>et</strong></span> <span class='ocrx_word' id='word_1_126' title='bbox 1591 321 1651 348; x_wconf 82' lang='lat' dir='ltr'><strong>ergo</strong></span> <span class='ocrx_word' id='word_1_127' title='bbox 1668 314 1743 342; x_wconf 85' lang='lat' dir='ltr'><strong>mitto</strong></span> <span class='ocrx_word' id='word_1_128' title='bbox 1752 322 1807 346; x_wconf 72' lang='lat' dir='ltr'><strong>vos,</strong></span> 
     </span>
    </p>
   </div>
   <div class='ocr_carea' id='block_1_22' title="bbox 1023 356 1564 390">
    <p class='ocr_par' dir='ltr' id='par_1_22' title="bbox 1023 356 1564 390">
     <span class='ocr_line' id='line_1_22' title="bbox 1023 356 1564 390; baseline 0.006 -8"><span class='ocrx_word' id='word_1_129' title='bbox 1023 356 1202 390; x_wconf 70' lang='lat' dir='ltr'><strong>mqnalitatem</strong></span> <span class='ocrx_word' id='word_1_130' title='bbox 1215 364 1277 384; x_wconf 89' lang='lat' dir='ltr'><strong>cum</strong></span> <span class='ocrx_word' id='word_1_131' title='bbox 1289 356 1370 384; x_wconf 88' lang='lat' dir='ltr'><strong>Patre</strong></span> <span class='ocrx_word' id='word_1_132' title='bbox 1380 358 1420 385; x_wconf 90' lang='lat' dir='ltr'><strong>eis</strong></span> <span class='ocrx_word' id='word_1_133' title='bbox 1435 358 1564 385; x_wconf 79' lang='lat' dir='ltr'><strong>ostendit.</strong></span> 
     </span>
    </p>
   </div>
   <div class='ocr_carea' id='block_1_23' title="bbox 1060 402 1810 442">
    <p class='ocr_par' dir='ltr' id='par_1_23' title="bbox 1060 402 1810 442">
     <span class='ocr_line' id='line_1_23' title="bbox 1060 402 1810 442; baseline 0.007 -13"><span class='ocrx_word' id='word_1_134' title='bbox 1060 402 1143 430; x_wconf 75' lang='lat' dir='ltr'><strong>Vens.</strong></span> <span class='ocrx_word' id='word_1_135' title='bbox 1158 403 1204 429; x_wconf 74' lang='grc'>22.</span> <span class='ocrx_word' id='word_1_136' title='bbox 1221 403 1337 438; x_wconf 80' lang='lat' dir='ltr'><strong>Accipite</strong></span> <span class='ocrx_word' id='word_1_137' title='bbox 1360 403 1491 438; x_wconf 73' lang='lat' dir='ltr'><strong>Spiritum</strong></span> <span class='ocrx_word' id='word_1_138' title='bbox 1516 410 1648 438; x_wconf 71' lang='lat' dir='ltr'><strong>sanctum,</strong></span> <span class='ocrx_word' id='word_1_139' title='bbox 1671 407 1810 442; x_wconf 88' lang='lat' dir='ltr'><strong>quomodo</strong></span> 
     </span>
    </p>
   </div>
   <div class='ocr_carea' id='block_1_24' title="bbox 1024 447 1809 484">
    <p class='ocr_par' dir='ltr' id='par_1_24' title="bbox 1024 447 1809 484">
     <span class='ocr_line' id='line_1_24' title="bbox 1024 447 1809 484; baseline 0.008 -10"><span class='ocrx_word' id='word_1_140' title='bbox 1024 447 1194 482; x_wconf 78' lang='lat' dir='ltr'><strong>intelligitur,</strong></span> <span class='ocrx_word' id='word_1_141' title='bbox 1208 456 1270 476; x_wconf 89' lang='lat' dir='ltr'><strong>cum</strong></span> <span class='ocrx_word' id='word_1_142' title='bbox 1293 449 1401 482; x_wconf 80' lang='lat' dir='ltr'><strong>dixerit,</strong></span> <span class='ocrx_word' id='word_1_143' title='bbox 1420 449 1450 477; x_wconf 87' lang='lat' dir='ltr'><strong>Si</strong></span> <span class='ocrx_word' id='word_1_144' title='bbox 1463 458 1513 477; x_wconf 86' lang='lat' dir='ltr'><strong>non</strong></span> <span class='ocrx_word' id='word_1_145' title='bbox 1533 451 1638 484; x_wconf 78' lang='lat' dir='ltr'><strong>abiero,</strong></span> <span class='ocrx_word' id='word_1_146' title='bbox 1652 460 1703 479; x_wconf 77' lang='lat' dir='ltr'><strong>non</strong></span> <span class='ocrx_word' id='word_1_147' title='bbox 1727 453 1809 480; x_wconf 80' lang='lat' dir='ltr'><strong>reniet</strong></span> 
     </span>
    </p>
   </div>
   <div class='ocr_carea' id='block_1_25' title="bbox 1023 492 1808 530">
    <p class='ocr_par' dir='ltr' id='par_1_25' title="bbox 1023 492 1808 530">
     <span class='ocr_line' id='line_1_25' title="bbox 1023 492 1808 530; baseline 0.008 -11"><span class='ocrx_word' id='word_1_148' title='bbox 1023 492 1088 520; x_wconf 82' lang='lat' dir='ltr'><strong>ille?</strong></span> <span class='ocrx_word' id='word_1_149' title='bbox 1104 492 1220 525; x_wconf 78' lang='lat' dir='ltr'><strong>Quidam</strong></span> <span class='ocrx_word' id='word_1_150' title='bbox 1240 493 1337 521; x_wconf 89' lang='lat' dir='ltr'><strong>dicunt</strong></span> <span class='ocrx_word' id='word_1_151' title='bbox 1352 494 1425 530; x_wconf 87' lang='lat' dir='ltr'><strong>quod</strong></span> <span class='ocrx_word' id='word_1_152' title='bbox 1442 494 1573 530; x_wconf 91' lang='lat' dir='ltr'><strong>Spiritum</strong></span> <span class='ocrx_word' id='word_1_153' title='bbox 1595 504 1647 524; x_wconf 90' lang='lat' dir='ltr'><strong>non</strong></span> <span class='ocrx_word' id='word_1_154' title='bbox 1663 497 1748 530; x_wconf 85' lang='lat' dir='ltr'><strong>dedit,</strong></span> <span class='ocrx_word' id='word_1_155' title='bbox 1762 499 1808 525; x_wconf 85' lang='lat' dir='ltr'><strong>sed</strong></span> 
     </span>
    </p>
   </div>
   <div class='ocr_carea' id='block_1_26' title="bbox 1024 538 1809 578">
    <p class='ocr_par' dir='ltr' id='par_1_26' title="bbox 1024 538 1809 578">
     <span class='ocr_line' id='line_1_26' title="bbox 1024 538 1809 578; baseline 0.009 -14"><span class='ocrx_word' id='word_1_156' title='bbox 1024 542 1135 572; x_wconf 87' lang='lat' dir='ltr'><strong>paratos</strong></span> <span class='ocrx_word' id='word_1_157' title='bbox 1154 538 1215 565; x_wconf 80' lang='lat' dir='ltr'><strong>illos</strong></span> <span class='ocrx_word' id='word_1_158' title='bbox 1224 546 1272 573; x_wconf 90' lang='lat' dir='ltr'><strong>per</strong></span> <span class='ocrx_word' id='word_1_159' title='bbox 1282 541 1376 574; x_wconf 67' lang='lat' dir='ltr'><strong>gratiae</strong></span> <span class='ocrx_word' id='word_1_160' title='bbox 1392 540 1552 568; x_wconf 82' lang='lat' dir='ltr'><strong>eﬂ‘usionem</strong></span> <span class='ocrx_word' id='word_1_161' title='bbox 1566 541 1665 575; x_wconf 72' lang='lat' dir='ltr'><strong>eﬂ‘ecit,</strong></span> <span class='ocrx_word' id='word_1_162' title='bbox 1683 543 1724 570; x_wconf 90' lang='lat' dir='ltr'><strong>vel</strong></span> <span class='ocrx_word' id='word_1_163' title='bbox 1735 545 1809 578; x_wconf 86' lang='lat' dir='ltr'><strong>quod</strong></span> 
     </span>
    </p>
   </div>
   <div class='ocr_carea' id='block_1_27' title="bbox 1024 586 1810 625">
    <p class='ocr_par' dir='ltr' id='par_1_27' title="bbox 1024 586 1810 625">
     <span class='ocr_line' id='line_1_27' title="bbox 1024 586 1810 625; baseline 0.01 -15"><span class='ocrx_word' id='word_1_164' title='bbox 1024 587 1119 610; x_wconf 85' lang='lat' dir='ltr'><strong>contra</strong></span> <span class='ocrx_word' id='word_1_165' title='bbox 1145 589 1256 619; x_wconf 83' lang='lat' dir='ltr'><strong>peccata</strong></span> <span class='ocrx_word' id='word_1_166' title='bbox 1285 590 1407 620; x_wconf 85' lang='lat' dir='ltr'><strong>potestas</strong></span> <span class='ocrx_word' id='word_1_167' title='bbox 1436 586 1490 614; x_wconf 84' lang='lat' dir='ltr'><strong>illis</strong></span> <span class='ocrx_word' id='word_1_168' title='bbox 1505 587 1567 614; x_wconf 80' lang='lat' dir='ltr'><strong>data</strong></span> <span class='ocrx_word' id='word_1_169' title='bbox 1584 593 1624 616; x_wconf 86' lang='lat' dir='ltr'><strong>est</strong></span> <span class='ocrx_word' id='word_1_170' title='bbox 1643 589 1692 622; x_wconf 85' lang='lat' dir='ltr'><strong>ibi,</strong></span> <span class='ocrx_word' id='word_1_171' title='bbox 1715 595 1810 625; x_wconf 86' lang='lat' dir='ltr'><strong>postea</strong></span> 
     </span>
    </p>
   </div>
   <div class='ocr_carea' id='block_1_28' title="bbox 1025 630 1810 667">
    <p class='ocr_par' dir='ltr' id='par_1_28' title="bbox 1025 630 1810 667">
     <span class='ocr_line' id='line_1_28' title="bbox 1025 630 1810 667; baseline 0.009 -11"><span class='ocrx_word' id='word_1_172' title='bbox 1025 634 1115 657; x_wconf 86' lang='lat' dir='ltr'><strong>autem</strong></span> <span class='ocrx_word' id='word_1_173' title='bbox 1129 638 1177 665; x_wconf 79' lang='lat' dir='ltr'><strong>per</strong></span> <span class='ocrx_word' id='word_1_174' title='bbox 1195 630 1324 665; x_wconf 74' lang='lat' dir='ltr'><strong>Spiritum</strong></span> <span class='ocrx_word' id='word_1_175' title='bbox 1343 636 1370 659; x_wconf 88' lang='lat' dir='ltr'><strong>et</strong></span> <span class='ocrx_word' id='word_1_176' title='bbox 1386 632 1488 667; x_wconf 84' lang='lat' dir='ltr'><strong>majora</strong></span> <span class='ocrx_word' id='word_1_177' title='bbox 1505 634 1568 661; x_wconf 77' lang='lat' dir='ltr'><strong>data</strong></span> <span class='ocrx_word' id='word_1_178' title='bbox 1580 639 1654 666; x_wconf 88' lang='lat' dir='ltr'><strong>sunt,</strong></span> <span class='ocrx_word' id='word_1_179' title='bbox 1667 635 1740 663; x_wconf 82' lang='lat' dir='ltr'><strong>velut</strong></span> <span class='ocrx_word' id='word_1_180' title='bbox 1757 636 1810 663; x_wconf 93' lang='lat' dir='ltr'><strong>mi-</strong></span> 
     </span>
    </p>
   </div>
   <div class='ocr_carea' id='block_1_29' title="bbox 1025 675 1722 713">
    <p class='ocr_par' dir='ltr' id='par_1_29' title="bbox 1025 675 1722 713">
     <span class='ocr_line' id='line_1_29' title="bbox 1025 675 1722 713; baseline 0.009 -11"><span class='ocrx_word' id='word_1_181' title='bbox 1025 675 1117 702; x_wconf 85' lang='lat' dir='ltr'><strong>racula</strong></span> <span class='ocrx_word' id='word_1_182' title='bbox 1133 683 1140 708; x_wconf 88' lang='lat'><strong>;</strong></span> <span class='ocrx_word' id='word_1_183' title='bbox 1159 675 1224 704; x_wconf 90' lang='lat' dir='ltr'><strong>dicit</strong></span> <span class='ocrx_word' id='word_1_184' title='bbox 1241 677 1312 704; x_wconf 91' lang='lat' dir='ltr'><strong>enim</strong></span> <span class='ocrx_word' id='word_1_185' title='bbox 1331 686 1337 704; x_wconf 91' lang='lat'>:</span> <span class='ocrx_word' id='word_1_186' title='bbox 1356 676 1428 704; x_wconf 84' lang='lat' dir='ltr'><strong>Tum:</strong></span> <span class='ocrx_word' id='word_1_187' title='bbox 1443 679 1576 713; x_wconf 70' lang='lat' dir='ltr'><strong>accipietis</strong></span> <span class='ocrx_word' id='word_1_188' title='bbox 1589 680 1722 709; x_wconf 78' lang='lat' dir='ltr'><strong>virtutem.</strong></span> 
     </span>
    </p>
   </div>
   <div class='ocr_carea' id='block_1_30' title="bbox 1061 765 1812 806">
    <p class='ocr_par' dir='ltr' id='par_1_30' title="bbox 1061 765 1812 806">
     <span class='ocr_line' id='line_1_30' title="bbox 1061 765 1812 806; baseline 0.011 -14"><span class='ocrx_word' id='word_1_189' title='bbox 1061 765 1199 794; x_wconf 53' lang='lat' dir='ltr'><strong>Vensﬂt.</strong></span> <span class='ocrx_word' id='word_1_190' title='bbox 1214 766 1355 800; x_wconf 81' lang='lat' dir='ltr'><strong>Quomodo</strong></span> <span class='ocrx_word' id='word_1_191' title='bbox 1368 769 1496 796; x_wconf 90' lang='lat' dir='ltr'><strong>omnibus</strong></span> <span class='ocrx_word' id='word_1_192' title='bbox 1505 771 1677 806; x_wconf 77' lang='lat' dir='ltr'><strong>congregatis</strong></span> <span class='ocrx_word' id='word_1_193' title='bbox 1692 771 1812 800; x_wconf 83' lang='lat' dir='ltr'><strong>Thomas</strong></span> 
     </span>
    </p>
   </div>
   <div class='ocr_carea' id='block_1_31' title="bbox 1025 811 1812 851">
    <p class='ocr_par' dir='ltr' id='par_1_31' title="bbox 1025 811 1812 851">
     <span class='ocr_line' id='line_1_31' title="bbox 1025 811 1812 851; baseline 0.009 -13"><span class='ocrx_word' id='word_1_194' title='bbox 1025 811 1119 839; x_wconf 83' lang='lat' dir='ltr'><strong>aberat</strong></span> <span class='ocrx_word' id='word_1_195' title='bbox 1133 812 1224 847; x_wconf 63' lang='lat' dir='ltr'><strong>solus?</strong></span> <span class='ocrx_word' id='word_1_196' title='bbox 1237 813 1389 841; x_wconf 86' lang='lat' dir='ltr'><strong>Verisimile</strong></span> <span class='ocrx_word' id='word_1_197' title='bbox 1397 819 1455 841; x_wconf 89' lang='lat' dir='ltr'><strong>erat</strong></span> <span class='ocrx_word' id='word_1_198' title='bbox 1467 821 1482 841; x_wconf 89' lang='lat' dir='ltr'><strong>a</strong></span> <span class='ocrx_word' id='word_1_199' title='bbox 1493 814 1663 849; x_wconf 83' lang='lat' dir='ltr'><strong>dispersione</strong></span> <span class='ocrx_word' id='word_1_200' title='bbox 1674 816 1730 851; x_wconf 87' lang='lat' dir='ltr'><strong>jam</strong></span> <span class='ocrx_word' id='word_1_201' title='bbox 1742 817 1812 845; x_wconf 81' lang='lat' dir='ltr'><strong>facta</strong></span> 
     </span>
    </p>
   </div>
   <div class='ocr_carea' id='block_1_32' title="bbox 1026 858 1380 886">
    <p class='ocr_par' dir='ltr' id='par_1_32' title="bbox 1026 858 1380 886">
     <span class='ocr_line' id='line_1_32' title="bbox 1026 858 1380 886; baseline 0.006 -2"><span class='ocrx_word' id='word_1_202' title='bbox 1026 858 1146 885; x_wconf 83' lang='lat' dir='ltr'><strong>nondum</strong></span> <span class='ocrx_word' id='word_1_203' title='bbox 1162 858 1238 885; x_wconf 86' lang='lat' dir='ltr'><strong>illum</strong></span> <span class='ocrx_word' id='word_1_204' title='bbox 1256 858 1380 886; x_wconf 82' lang='lat' dir='ltr'><strong>rediisse.</strong></span> 
     </span>
    </p>
   </div>
   <div class='ocr_carea' id='block_1_33' title="bbox 221 892 973 940">
    <p class='ocr_par' dir='ltr' id='par_1_33' title="bbox 221 892 971 939">
     <span class='ocr_line' id='line_1_33' title="bbox 221 892 971 939; baseline -0.001 -9"><span class='ocrx_word' id='word_1_205' title='bbox 221 892 270 930; x_wconf 75' lang='grc' dir='ltr'><strong>Διᾷ</strong></span> <span class='ocrx_word' id='word_1_206' title='bbox 279 892 306 930; x_wconf 78' lang='grc' dir='ltr'><strong>τί</strong></span> <span class='ocrx_word' id='word_1_207' title='bbox 317 903 376 939; x_wconf 83' lang='grc' dir='ltr'>μεθ’</span> <span class='ocrx_word' id='word_1_208' title='bbox 387 903 495 939; x_wconf 78' lang='grc' dir='ltr'>ἡμέρας</span> <span class='ocrx_word' id='word_1_209' title='bbox 505 902 578 930; x_wconf 82' lang='grc' dir='ltr'>ὀκτὼ</span> <span class='ocrx_word' id='word_1_210' title='bbox 590 903 642 938; x_wconf 80' lang='grc' dir='ltr'>ὁρᾷ</span> <span class='ocrx_word' id='word_1_211' title='bbox 652 902 744 937; x_wconf 81' lang='grc' dir='ltr'>αὐτὸν,</span> <span class='ocrx_word' id='word_1_212' title='bbox 755 903 803 930; x_wconf 70' lang='grc' dir='ltr'>καὶ</span> <span class='ocrx_word' id='word_1_213' title='bbox 813 903 863 930; x_wconf 76' lang='grc' dir='ltr'>οὐκ</span> <span class='ocrx_word' id='word_1_214' title='bbox 873 903 971 936; x_wconf 73' lang='grc' dir='ltr'>εὐθύςς</span> 
     </span>
    </p>
   </div>
   <div class='ocr_carea' id='block_1_34' title="bbox 1025 892 1811 940">
    <p class='ocr_par' dir='ltr' id='par_1_34' title="bbox 1057 903 1811 940">
     <span class='ocr_line' id='line_1_34' title="bbox 1057 903 1811 940; baseline 0.007 -9"><span class='ocrx_word' id='word_1_215' title='bbox 1057 903 1143 932; x_wconf 75' lang='lat' dir='ltr'><strong>Vens.</strong></span> <span class='ocrx_word' id='word_1_216' title='bbox 1160 904 1205 932; x_wconf 73' lang='lat'><strong>26.</strong></span> <span class='ocrx_word' id='word_1_217' title='bbox 1221 904 1277 932; x_wconf 89' lang='lat' dir='ltr'><strong>Cur</strong></span> <span class='ocrx_word' id='word_1_218' title='bbox 1301 909 1362 940; x_wconf 89' lang='lat' dir='ltr'><strong>post</strong></span> <span class='ocrx_word' id='word_1_219' title='bbox 1376 905 1435 933; x_wconf 90' lang='lat' dir='ltr'><strong>dies</strong></span> <span class='ocrx_word' id='word_1_220' title='bbox 1452 910 1513 932; x_wconf 84' lang='lat' dir='ltr'><strong>octo</strong></span> <span class='ocrx_word' id='word_1_221' title='bbox 1532 906 1603 934; x_wconf 83' lang='lat' dir='ltr'><strong>videt</strong></span> <span class='ocrx_word' id='word_1_222' title='bbox 1631 915 1692 935; x_wconf 85' lang='lat' dir='ltr'><strong>cum</strong></span> <span class='ocrx_word' id='word_1_223' title='bbox 1714 913 1742 936; x_wconf 87' lang='lat' dir='ltr'><strong>et</strong></span> <span class='ocrx_word' id='word_1_224' title='bbox 1758 916 1811 937; x_wconf 92' lang='lat' dir='ltr'><strong>non</strong></span> 
     </span>
    </p>
   </div>
   <div class='ocr_carea' id='block_1_35' title="bbox 186 949 973 985">
    <p class='ocr_par' dir='ltr' id='par_1_35' title="bbox 186 949 973 985">
     <span class='ocr_line' id='line_1_35' title="bbox 186 949 973 985; baseline -0.003 -8"><span class='ocrx_word' id='word_1_225' title='bbox 186 951 282 982; x_wconf 84' lang='grc' dir='ltr'>Ὅπως</span> <span class='ocrx_word' id='word_1_226' title='bbox 300 949 412 985; x_wconf 78' lang='grc' dir='ltr'><strong>διδαχθῇ</strong></span> <span class='ocrx_word' id='word_1_227' title='bbox 433 949 476 976; x_wconf 87' lang='grc' dir='ltr'><strong>διὰ</strong></span> <span class='ocrx_word' id='word_1_228' title='bbox 490 949 544 976; x_wconf 78' lang='grc' dir='ltr'>τῶν</span> <span class='ocrx_word' id='word_1_229' title='bbox 564 949 719 976; x_wconf 78' lang='grc' dir='ltr'><strong>ἀποστόλων</strong></span> <span class='ocrx_word' id='word_1_230' title='bbox 745 949 793 976; x_wconf 83' lang='grc' dir='ltr'>καὶ</span> <span class='ocrx_word' id='word_1_231' title='bbox 810 949 973 985; x_wconf 81' lang='grc' dir='ltr'><strong>θερμότερος</strong></span> 
     </span>
    </p>
   </div>
   <div class='ocr_carea' id='block_1_36' title="bbox 185 996 308 1032">
    <p class='ocr_par' dir='ltr' id='par_1_36' title="bbox 185 996 308 1032">
     <span class='ocr_line' id='line_1_36' title="bbox 185 996 308 1032; baseline 0 -10"><span class='ocrx_word' id='word_1_232' title='bbox 185 996 308 1032; x_wconf 79' lang='grc' dir='ltr'>γένηται.</span> 
     </span>
    </p>
   </div>
   <div class='ocr_carea' id='block_1_37' title="bbox 220 1041 971 1078">
    <p class='ocr_par' dir='ltr' id='par_1_37' title="bbox 220 1041 971 1078">
     <span class='ocr_line' id='line_1_37' title="bbox 220 1041 971 1078; baseline -0.003 -8"><span class='ocrx_word' id='word_1_233' title='bbox 220 1043 283 1074; x_wconf 85' lang='grc' dir='ltr'>Πῶς</span> <span class='ocrx_word' id='word_1_234' title='bbox 300 1041 440 1077; x_wconf 78' lang='grc' dir='ltr'>ἄφθαρτον</span> <span class='ocrx_word' id='word_1_235' title='bbox 456 1042 536 1076; x_wconf 81' lang='grc' dir='ltr'>σῶμα</span> <span class='ocrx_word' id='word_1_236' title='bbox 553 1041 649 1074; x_wconf 76' lang='grc' dir='ltr'>ἁπτὸν,</span> <span class='ocrx_word' id='word_1_237' title='bbox 661 1041 769 1076; x_wconf 84' lang='grc' dir='ltr'>ἐγένετο</span> <span class='ocrx_word' id='word_1_238' title='bbox 790 1041 873 1077; x_wconf 78' lang='grc' dir='ltr'>θνητῇ</span> <span class='ocrx_word' id='word_1_239' title='bbox 890 1042 971 1078; x_wconf 61' lang='grc' dir='ltr'>χειρῖ,</span> 
     </span>
    </p>
   </div>
   <div class='ocr_carea' id='block_1_38' title="bbox 185 1087 974 1122">
    <p class='ocr_par' dir='ltr' id='par_1_38' title="bbox 185 1087 974 1122">
     <span class='ocr_line' id='line_1_38' title="bbox 185 1087 974 1122; baseline -0.001 -7"><span class='ocrx_word' id='word_1_240' title='bbox 185 1089 233 1116; x_wconf 77' lang='grc' dir='ltr'>καὶ</span> <span class='ocrx_word' id='word_1_241' title='bbox 247 1089 311 1120; x_wconf 74' lang='grc' dir='ltr'>τοὺς</span> <span class='ocrx_word' id='word_1_242' title='bbox 328 1087 430 1119; x_wconf 79' lang='grc' dir='ltr'><strong>τύπους</strong></span> <span class='ocrx_word' id='word_1_243' title='bbox 447 1088 587 1114; x_wconf 76' lang='grc' dir='ltr'>ἐδείκνυτο</span> <span class='ocrx_word' id='word_1_244' title='bbox 609 1087 698 1122; x_wconf 82' lang='grc' dir='ltr'>ἐχειν;</span> <span class='ocrx_word' id='word_1_245' title='bbox 716 1087 801 1114; x_wconf 80' lang='grc' dir='ltr'>Τοῦτο</span> <span class='ocrx_word' id='word_1_246' title='bbox 814 1088 911 1114; x_wconf 81' lang='grc' dir='ltr'>λεπτὸν</span> <span class='ocrx_word' id='word_1_247' title='bbox 927 1089 974 1115; x_wconf 77' lang='grc' dir='ltr'>καὶ</span> 
     </span>
    </p>
   </div>
   <div class='ocr_carea' id='block_1_39' title="bbox 184 1131 973 1168">
    <p class='ocr_par' dir='ltr' id='par_1_39' title="bbox 184 1131 973 1168">
     <span class='ocr_line' id='line_1_39' title="bbox 184 1131 973 1168; baseline 0.003 -10"><span class='ocrx_word' id='word_1_248' title='bbox 184 1131 303 1166; x_wconf 85' lang='grc' dir='ltr'>κοῦφον,</span> <span class='ocrx_word' id='word_1_249' title='bbox 317 1132 355 1163; x_wconf 83' lang='grc' dir='ltr'>ὡς</span> <span class='ocrx_word' id='word_1_250' title='bbox 380 1131 583 1167; x_wconf 79' lang='grc' dir='ltr'><strong>κεκλεισμένων</strong></span> <span class='ocrx_word' id='word_1_251' title='bbox 602 1131 711 1166; x_wconf 76' lang='grc' dir='ltr'>εἰσῆλθε</span> <span class='ocrx_word' id='word_1_252' title='bbox 729 1131 784 1158; x_wconf 84' lang='grc' dir='ltr'>τῶν</span> <span class='ocrx_word' id='word_1_253' title='bbox 810 1131 911 1168; x_wconf 85' lang='grc' dir='ltr'>θυρῶν,</span> <span class='ocrx_word' id='word_1_254' title='bbox 929 1132 973 1160; x_wconf 83' lang='grc' dir='ltr'><strong>ἴνα</strong></span> 
     </span>
    </p>
   </div>
   <div class='ocr_carea' id='block_1_40' title="bbox 185 1177 972 1213">
    <p class='ocr_par' dir='ltr' id='par_1_40' title="bbox 185 1177 972 1213">
     <span class='ocr_line' id='line_1_40' title="bbox 185 1177 972 1213; baseline 0.001 -9"><span class='ocrx_word' id='word_1_255' title='bbox 185 1177 317 1213; x_wconf 81' lang='grc' dir='ltr'><strong>πιστευθῇ</strong></span> <span class='ocrx_word' id='word_1_256' title='bbox 330 1178 347 1213; x_wconf 83' lang='grc' dir='ltr'>ἡ</span> <span class='ocrx_word' id='word_1_257' title='bbox 357 1178 516 1210; x_wconf 82' lang='grc' dir='ltr'>ἀνάστασις,</span> <span class='ocrx_word' id='word_1_258' title='bbox 534 1177 623 1205; x_wconf 83' lang='grc' dir='ltr'>ταῦτα</span> <span class='ocrx_word' id='word_1_259' title='bbox 632 1177 770 1204; x_wconf 80' lang='grc' dir='ltr'>δείκνυται</span> <span class='ocrx_word' id='word_1_260' title='bbox 781 1185 788 1192; x_wconf 91' lang='grc'>·</span> <span class='ocrx_word' id='word_1_261' title='bbox 807 1178 855 1205; x_wconf 79' lang='grc' dir='ltr'><strong>καὶ</strong></span> <span class='ocrx_word' id='word_1_262' title='bbox 869 1178 972 1213; x_wconf 85' lang='grc' dir='ltr'>τρώγει</span> 
     </span>
    </p>
   </div>
   <div class='ocr_carea' id='block_1_41' title="bbox 183 1222 460 1250">
    <p class='ocr_par' dir='ltr' id='par_1_41' title="bbox 183 1222 460 1250">
     <span class='ocr_line' id='line_1_41' title="bbox 183 1222 460 1250; baseline -0.004 0"><span class='ocrx_word' id='word_1_263' title='bbox 183 1223 214 1250; x_wconf 74' lang='grc' dir='ltr'>δὲ</span> <span class='ocrx_word' id='word_1_264' title='bbox 230 1223 275 1250; x_wconf 81' lang='grc' dir='ltr'>διὰ</span> <span class='ocrx_word' id='word_1_265' title='bbox 289 1222 370 1249; x_wconf 88' lang='grc' dir='ltr'>τοῦτο</span> <span class='ocrx_word' id='word_1_266' title='bbox 383 1223 460 1250; x_wconf 79' lang='grc' dir='ltr'>αὐτὸ.</span> 
     </span>
    </p>
   </div>
   <div class='ocr_carea' id='block_1_42' title="bbox 217 1268 973 1305">
    <p class='ocr_par' dir='ltr' id='par_1_42' title="bbox 217 1268 973 1305">
     <span class='ocr_line' id='line_1_42' title="bbox 217 1268 973 1305; baseline 0.004 -11"><span class='ocrx_word' id='word_1_267' title='bbox 217 1268 285 1303; x_wconf 74' lang='grc' dir='ltr'>Περὶ</span> <span class='ocrx_word' id='word_1_268' title='bbox 296 1268 381 1295; x_wconf 83' lang='grc' dir='ltr'>ποίων</span> <span class='ocrx_word' id='word_1_269' title='bbox 397 1268 521 1304; x_wconf 78' lang='grc' dir='ltr'>σημείων</span> <span class='ocrx_word' id='word_1_270' title='bbox 529 1269 604 1304; x_wconf 83' lang='grc' dir='ltr'>λέγει</span> <span class='ocrx_word' id='word_1_271' title='bbox 614 1270 628 1296; x_wconf 81' lang='grc' dir='ltr'>ὁ</span> <span class='ocrx_word' id='word_1_272' title='bbox 642 1269 853 1305; x_wconf 80' lang='grc' dir='ltr'>εὐαγγελιστής’</span> <span class='ocrx_word' id='word_1_273' title='bbox 870 1271 973 1297; x_wconf 80' lang='grc' dir='ltr'>Πολλὰ</span> 
     </span>
    </p>
   </div>
   <div class='ocr_carea' id='block_1_43' title="bbox 181 1311 973 1349">
    <p class='ocr_par' dir='ltr' id='par_1_43' title="bbox 181 1311 973 1349">
     <span class='ocr_line' id='line_1_43' title="bbox 181 1311 973 1349; baseline 0.003 -9"><span class='ocrx_word' id='word_1_274' title='bbox 181 1313 241 1348; x_wconf 74' lang='grc' dir='ltr'><strong>μὲν</strong></span> <span class='ocrx_word' id='word_1_275' title='bbox 260 1311 317 1341; x_wconf 76' lang='grc' dir='ltr'><strong>οὖν</strong></span> <span class='ocrx_word' id='word_1_276' title='bbox 330 1313 380 1341; x_wconf 72' lang='grc' dir='ltr'>καὶ</span> <span class='ocrx_word' id='word_1_277' title='bbox 405 1313 484 1341; x_wconf 72' lang='grc' dir='ltr'>ἄλλα</span> <span class='ocrx_word' id='word_1_278' title='bbox 505 1314 614 1349; x_wconf 79' lang='grc' dir='ltr'>σημεῖα</span> <span class='ocrx_word' id='word_1_279' title='bbox 633 1314 779 1348; x_wconf 78' lang='grc' dir='ltr'>ἐποίησεν</span> <span class='ocrx_word' id='word_1_280' title='bbox 794 1316 811 1342; x_wconf 85' lang='lat' dir='ltr'><strong>d</strong></span> <span class='ocrx_word' id='word_1_281' title='bbox 831 1314 973 1349; x_wconf 80' lang='grc' dir='ltr'>Ἰησοῦς;</span> 
     </span>
    </p>
   </div>
   <div class='ocr_carea' id='block_1_44' title="bbox 191 1360 972 1397">
    <p class='ocr_par' dir='ltr' id='par_1_44' title="bbox 191 1360 972 1397">
     <span class='ocr_line' id='line_1_44' title="bbox 191 1360 972 1397; baseline 0.003 -11"><span class='ocrx_word' id='word_1_282' title='bbox 191 1360 270 1395; x_wconf 78' lang='grc' dir='ltr'>Ἐμοὶ</span> <span class='ocrx_word' id='word_1_283' title='bbox 286 1360 361 1386; x_wconf 79' lang='grc' dir='ltr'>δοκεῖ</span> <span class='ocrx_word' id='word_1_284' title='bbox 372 1360 406 1386; x_wconf 83' lang='grc' dir='ltr'>τὰ</span> <span class='ocrx_word' id='word_1_285' title='bbox 425 1360 497 1395; x_wconf 78' lang='grc' dir='ltr'>μετὰ</span> <span class='ocrx_word' id='word_1_286' title='bbox 514 1360 564 1396; x_wconf 82' lang='grc' dir='ltr'>τὴν</span> <span class='ocrx_word' id='word_1_287' title='bbox 579 1360 729 1388; x_wconf 79' lang='grc' dir='ltr'>ἀνάστασιν</span> <span class='ocrx_word' id='word_1_288' title='bbox 739 1367 747 1376; x_wconf 78' lang='grc'>⁶</span> <span class='ocrx_word' id='word_1_289' title='bbox 765 1361 891 1397; x_wconf 70' lang='grc' dir='ltr'>ἐπιφέρει</span> <span class='ocrx_word' id='word_1_290' title='bbox 907 1361 972 1397; x_wconf 83' lang='grc' dir='ltr'>γὰρ,</span> 
     </span>
    </p>
   </div>
   <div class='ocr_carea' id='block_1_45' title="bbox 192 1404 972 1441">
    <p class='ocr_par' dir='ltr' id='par_1_45' title="bbox 192 1404 972 1441">
     <span class='ocr_line' id='line_1_45' title="bbox 192 1404 972 1441; baseline 0.001 -9"><span class='ocrx_word' id='word_1_291' title='bbox 192 1405 334 1432; x_wconf 79' lang='grc' dir='ltr'><strong>Ἐνώπιον</strong></span> <span class='ocrx_word' id='word_1_292' title='bbox 352 1404 413 1432; x_wconf 76' lang='grc' dir='ltr'><strong>τῶν</strong></span> <span class='ocrx_word' id='word_1_293' title='bbox 436 1405 579 1440; x_wconf 85' lang='grc' dir='ltr'>μαθητῶν</span> <span class='ocrx_word' id='word_1_294' title='bbox 603 1407 713 1439; x_wconf 81' lang='grc' dir='ltr'>αὐτοῦ,</span> <span class='ocrx_word' id='word_1_295' title='bbox 743 1405 800 1434; x_wconf 77' lang='grc' dir='ltr'>ἀλλ’</span> <span class='ocrx_word' id='word_1_296' title='bbox 818 1406 894 1441; x_wconf 76' lang='grc' dir='ltr'>οὐχὶ,</span> <span class='ocrx_word' id='word_1_297' title='bbox 912 1407 972 1433; x_wconf 85' lang='grc' dir='ltr'><strong>Τῶν</strong></span> 
     </span>
    </p>
   </div>
   <div class='ocr_carea' id='block_1_46' title="bbox 184 1451 971 1488">
    <p class='ocr_par' dir='ltr' id='par_1_46' title="bbox 184 1451 971 1488">
     <span class='ocr_line' id='line_1_46' title="bbox 184 1451 971 1488; baseline 0.001 -10"><span class='ocrx_word' id='word_1_298' title='bbox 184 1452 281 1487; x_wconf 72' lang='grc' dir='ltr'>ὄχλων.</span> <span class='ocrx_word' id='word_1_299' title='bbox 304 1451 367 1480; x_wconf 84' lang='grc' dir='ltr'>’Ὁτι</span> <span class='ocrx_word' id='word_1_300' title='bbox 380 1452 430 1479; x_wconf 77' lang='grc' dir='ltr'>οὐκ</span> <span class='ocrx_word' id='word_1_301' title='bbox 446 1452 571 1488; x_wconf 67' lang='grc' dir='ltr'>ἔγραψαν</span> <span class='ocrx_word' id='word_1_302' title='bbox 589 1453 698 1479; x_wconf 75' lang='grc' dir='ltr'>ἅπαντα</span> <span class='ocrx_word' id='word_1_303' title='bbox 718 1453 743 1480; x_wconf 88' lang='grc' dir='ltr'><strong>οί</strong></span> <span class='ocrx_word' id='word_1_304' title='bbox 767 1452 971 1487; x_wconf 74' lang='grc' dir='ltr'>εὐαγγελισταὶ,</span> 
     </span>
    </p>
   </div>
   <div class='ocr_carea' id='block_1_47' title="bbox 185 1497 973 1534">
    <p class='ocr_par' dir='ltr' id='par_1_47' title="bbox 185 1497 973 1534">
     <span class='ocr_line' id='line_1_47' title="bbox 185 1497 973 1534; baseline 0 -9"><span class='ocrx_word' id='word_1_305' title='bbox 185 1498 254 1525; x_wconf 80' lang='grc' dir='ltr'>ἀλλὰ</span> <span class='ocrx_word' id='word_1_306' title='bbox 268 1497 348 1530; x_wconf 83' lang='grc' dir='ltr'>ἄλλος</span> <span class='ocrx_word' id='word_1_307' title='bbox 357 1497 436 1529; x_wconf 74' lang='grc' dir='ltr'>ἀλλα.</span> <span class='ocrx_word' id='word_1_308' title='bbox 450 1498 598 1533; x_wconf 83' lang='grc' dir='ltr'>φεύγοντες</span> <span class='ocrx_word' id='word_1_309' title='bbox 606 1498 637 1525; x_wconf 81' lang='grc' dir='ltr'>τὸ</span> <span class='ocrx_word' id='word_1_310' title='bbox 651 1498 793 1534; x_wconf 79' lang='grc' dir='ltr'>φιλότιμον</span> <span class='ocrx_word' id='word_1_311' title='bbox 806 1499 853 1525; x_wconf 76' lang='grc' dir='ltr'>καὶ</span> <span class='ocrx_word' id='word_1_312' title='bbox 868 1499 973 1525; x_wconf 84' lang='grc' dir='ltr'>κενόδο-</span> 
     </span>
    </p>
   </div>
   <div class='ocr_carea' id='block_1_48' title="bbox 184 1543 972 1580">
    <p class='ocr_par' dir='ltr' id='par_1_48' title="bbox 184 1543 972 1580">
     <span class='ocr_line' id='line_1_48' title="bbox 184 1543 972 1580; baseline -0.001 -9"><span class='ocrx_word' id='word_1_313' title='bbox 184 1543 230 1577; x_wconf 78' lang='grc' dir='ltr'>ξον</span> <span class='ocrx_word' id='word_1_314' title='bbox 239 1553 246 1560; x_wconf 93' lang='grc'><strong>·</strong></span> <span class='ocrx_word' id='word_1_315' title='bbox 258 1544 320 1571; x_wconf 81' lang='grc' dir='ltr'>ὅσον</span> <span class='ocrx_word' id='word_1_316' title='bbox 333 1544 362 1571; x_wconf 86' lang='grc' dir='ltr'><strong>δέ</strong></span> <span class='ocrx_word' id='word_1_317' title='bbox 378 1544 458 1579; x_wconf 87' lang='grc' dir='ltr'>μόνον</span> <span class='ocrx_word' id='word_1_318' title='bbox 472 1544 541 1580; x_wconf 75' lang='grc' dir='ltr'>πρὸς</span> <span class='ocrx_word' id='word_1_319' title='bbox 551 1544 641 1571; x_wconf 85' lang='grc' dir='ltr'>πίστιν</span> <span class='ocrx_word' id='word_1_320' title='bbox 658 1544 791 1571; x_wconf 86' lang='grc' dir='ltr'>συντελεῖ·</span> <span class='ocrx_word' id='word_1_321' title='bbox 799 1543 839 1571; x_wconf 83' lang='grc' dir='ltr'>διὸ</span> <span class='ocrx_word' id='word_1_322' title='bbox 854 1544 902 1571; x_wconf 74' lang='grc' dir='ltr'>καὶ</span> <span class='ocrx_word' id='word_1_323' title='bbox 912 1545 972 1570; x_wconf 90' lang='grc' dir='ltr'>ἐπι-</span> 
     </span>
    </p>
   </div>
   <div class='ocr_carea' id='block_1_49' title="bbox 186 1589 898 1627">
    <p class='ocr_par' dir='ltr' id='par_1_49' title="bbox 186 1589 898 1627">
     <span class='ocr_line' id='line_1_49' title="bbox 186 1589 898 1627; baseline 0 -10"><span class='ocrx_word' id='word_1_324' title='bbox 186 1589 264 1627; x_wconf 69' lang='grc' dir='ltr'>φέρει</span> <span class='ocrx_word' id='word_1_325' title='bbox 275 1598 281 1605; x_wconf 94' lang='grc'><strong>·</strong></span> <span class='ocrx_word' id='word_1_326' title='bbox 295 1590 394 1619; x_wconf 79' lang='grc' dir='ltr'>Ταῦτα</span> <span class='ocrx_word' id='word_1_327' title='bbox 407 1590 441 1617; x_wconf 84' lang='grc' dir='ltr'>δὲ</span> <span class='ocrx_word' id='word_1_328' title='bbox 458 1590 629 1626; x_wconf 77' lang='grc' dir='ltr'>γέγραπται,</span> <span class='ocrx_word' id='word_1_329' title='bbox 642 1590 692 1618; x_wconf 82' lang='grc' dir='ltr'><strong>ἵνα</strong></span> <span class='ocrx_word' id='word_1_330' title='bbox 702 1591 898 1626; x_wconf 79' lang='grc' dir='ltr'>πιστεύσητε.</span> 
     </span>
    </p>
   </div>
   <div class='ocr_carea' id='block_1_50' title="bbox 470 1681 687 1710">
    <p class='ocr_par' dir='ltr' id='par_1_50' title="bbox 470 1681 687 1710">
     <span class='ocr_line' id='line_1_50' title="bbox 470 1681 687 1710; baseline 0.005 -1"><span class='ocrx_word' id='word_1_331' title='bbox 470 1683 597 1709; x_wconf 79' lang='grc' dir='ltr'><strong>ΚΕΦᾹΔ.</strong></span> <span class='ocrx_word' id='word_1_332' title='bbox 619 1681 687 1710; x_wconf 82' lang='lat' dir='ltr'><strong>KA&#39;.</strong></span> 
     </span>
    </p>
   </div>
   <div class='ocr_carea' id='block_1_51' title="bbox 222 1728 970 1766">
    <p class='ocr_par' dir='ltr' id='par_1_51' title="bbox 222 1728 970 1766">
     <span class='ocr_line' id='line_1_51' title="bbox 222 1728 970 1766; baseline -0.001 -10"><span class='ocrx_word' id='word_1_333' title='bbox 222 1728 284 1756; x_wconf 86' lang='grc' dir='ltr'>Ὀτι</span> <span class='ocrx_word' id='word_1_334' title='bbox 300 1729 370 1764; x_wconf 78' lang='grc' dir='ltr'>μετὰ</span> <span class='ocrx_word' id='word_1_335' title='bbox 396 1729 446 1766; x_wconf 81' lang='grc' dir='ltr'>τὴν</span> <span class='ocrx_word' id='word_1_336' title='bbox 469 1729 617 1756; x_wconf 77' lang='grc' dir='ltr'>ἀνάστασιν</span> <span class='ocrx_word' id='word_1_337' title='bbox 635 1729 685 1756; x_wconf 86' lang='grc' dir='ltr'>οὐκ</span> <span class='ocrx_word' id='word_1_338' title='bbox 713 1728 854 1762; x_wconf 81' lang='grc' dir='ltr'>ὲϐλέπετο,</span> <span class='ocrx_word' id='word_1_339' title='bbox 885 1729 910 1755; x_wconf 90' lang='grc' dir='ltr'>εἰ</span> <span class='ocrx_word' id='word_1_340' title='bbox 934 1729 970 1764; x_wconf 85' lang='grc' dir='ltr'>μὴ</span> 
     </span>
    </p>
   </div>
   <div class='ocr_carea' id='block_1_52' title="bbox 188 1774 971 1812">
    <p class='ocr_par' dir='ltr' id='par_1_52' title="bbox 188 1774 971 1812">
     <span class='ocr_line' id='line_1_52' title="bbox 188 1774 971 1812; baseline -0.001 -10"><span class='ocrx_word' id='word_1_341' title='bbox 188 1775 356 1812; x_wconf 57' lang='lat' dir='ltr'><strong>aurata-:51],</strong></span> <span class='ocrx_word' id='word_1_342' title='bbox 370 1776 414 1803; x_wconf 72' lang='grc' dir='ltr'>δοὰ</span> <span class='ocrx_word' id='word_1_343' title='bbox 433 1775 463 1803; x_wconf 87' lang='grc' dir='ltr'><strong>τδ</strong></span> <span class='ocrx_word' id='word_1_344' title='bbox 486 1775 579 1802; x_wconf 71' lang='grc' dir='ltr'>λοιπὸν</span> <span class='ocrx_word' id='word_1_345' title='bbox 602 1775 742 1811; x_wconf 81' lang='grc' dir='ltr'>ἄφθαρτον</span> <span class='ocrx_word' id='word_1_346' title='bbox 757 1774 824 1802; x_wconf 77' lang='grc' dir='ltr'>εἷναι</span> <span class='ocrx_word' id='word_1_347' title='bbox 844 1776 875 1802; x_wconf 80' lang='grc' dir='ltr'>τὸ</span> <span class='ocrx_word' id='word_1_348' title='bbox 892 1775 971 1810; x_wconf 85' lang='grc' dir='ltr'>σῶμα</span> 
     </span>
    </p>
   </div>
   <div class='ocr_carea' id='block_1_53' title="bbox 187 1822 397 1858">
    <p class='ocr_par' dir='ltr' id='par_1_53' title="bbox 187 1822 397 1858">
     <span class='ocr_line' id='line_1_53' title="bbox 187 1822 397 1858; baseline 0.01 -10"><span class='ocrx_word' id='word_1_349' title='bbox 187 1822 234 1848; x_wconf 77' lang='grc' dir='ltr'>καὶ</span> <span class='ocrx_word' id='word_1_350' title='bbox 251 1823 397 1858; x_wconf 77' lang='grc' dir='ltr'>ἀκήρατον.</span> 
     </span>
    </p>
   </div>
   <div class='ocr_carea' id='block_1_54' title="bbox 222 1868 972 1905">
    <p class='ocr_par' dir='ltr' id='par_1_54' title="bbox 222 1868 972 1905">
     <span class='ocr_line' id='line_1_54' title="bbox 222 1868 972 1905; baseline -0.004 -8"><span class='ocrx_word' id='word_1_351' title='bbox 222 1870 285 1897; x_wconf 82' lang='grc' dir='ltr'><strong>Ὅτι</strong></span> <span class='ocrx_word' id='word_1_352' title='bbox 303 1870 328 1897; x_wconf 79' lang='grc' dir='ltr'>οἱ</span> <span class='ocrx_word' id='word_1_353' title='bbox 350 1870 415 1905; x_wconf 65' lang='grc' dir='ltr'><strong>ἰπερὶ¹</strong></span> <span class='ocrx_word' id='word_1_354' title='bbox 436 1869 539 1905; x_wconf 80' lang='grc' dir='ltr'>Πέτρον</span> <span class='ocrx_word' id='word_1_355' title='bbox 562 1869 611 1896; x_wconf 78' lang='grc' dir='ltr'>καὶ</span> <span class='ocrx_word' id='word_1_356' title='bbox 639 1869 766 1904; x_wconf 70' lang='grc' dir='ltr'>Ἰωάννην</span> <span class='ocrx_word' id='word_1_357' title='bbox 793 1868 842 1904; x_wconf 85' lang='grc' dir='ltr'>τὴν</span> <span class='ocrx_word' id='word_1_358' title='bbox 867 1868 972 1894; x_wconf 78' lang='grc' dir='ltr'>οἰκείαν</span> 
     </span>
    </p>
   </div>
   <div class='ocr_carea' id='block_1_55' title="bbox 186 1915 972 1952">
    <p class='ocr_par' dir='ltr' id='par_1_55' title="bbox 186 1915 972 1952">
     <span class='ocr_line' id='line_1_55' title="bbox 186 1915 972 1952; baseline -0.005 -8"><span class='ocrx_word' id='word_1_359' title='bbox 186 1918 285 1952; x_wconf 78' lang='grc' dir='ltr'>τέχνην</span> <span class='ocrx_word' id='word_1_360' title='bbox 300 1917 447 1952; x_wconf 76' lang='grc' dir='ltr'>μετῄεσαν,</span> <span class='ocrx_word' id='word_1_361' title='bbox 462 1916 523 1942; x_wconf 74' lang='grc' dir='ltr'>ἐπεὶ</span> <span class='ocrx_word' id='word_1_362' title='bbox 547 1915 616 1950; x_wconf 80' lang='grc' dir='ltr'>μήτε</span> <span class='ocrx_word' id='word_1_363' title='bbox 636 1915 718 1946; x_wconf 76' lang='grc' dir='ltr'>αὐτὸς</span> <span class='ocrx_word' id='word_1_364' title='bbox 745 1915 862 1949; x_wconf 75' lang='grc' dir='ltr'>Χριστὸς</span> <span class='ocrx_word' id='word_1_365' title='bbox 880 1915 972 1945; x_wconf 77' lang='grc' dir='ltr'>αὐτοῖς</span> 
     </span>
    </p>
   </div>
   <div class='ocr_carea' id='block_1_56' title="bbox 189 1959 973 2000">
    <p class='ocr_par' dir='ltr' id='par_1_56' title="bbox 189 1959 973 2000">
     <span class='ocr_line' id='line_1_56' title="bbox 189 1959 973 2000; baseline -0.006 -10"><span class='ocrx_word' id='word_1_366' title='bbox 189 1964 283 2000; x_wconf 76' lang='grc' dir='ltr'>συνῆν,</span> <span class='ocrx_word' id='word_1_367' title='bbox 301 1964 371 1998; x_wconf 85' lang='grc' dir='ltr'>μήτε</span> <span class='ocrx_word' id='word_1_368' title='bbox 386 1962 416 1989; x_wconf 89' lang='grc' dir='ltr'><strong>τδ</strong></span> <span class='ocrx_word' id='word_1_369' title='bbox 431 1961 544 1997; x_wconf 84' lang='grc' dir='ltr'>Πνεῦμα</span> <span class='ocrx_word' id='word_1_370' title='bbox 556 1961 587 1988; x_wconf 82' lang='grc' dir='ltr'><strong>τὺ</strong></span> <span class='ocrx_word' id='word_1_371' title='bbox 601 1962 679 1995; x_wconf 70' lang='grc' dir='ltr'>ἅγιον</span> <span class='ocrx_word' id='word_1_372' title='bbox 700 1960 776 1987; x_wconf 80' lang='grc' dir='ltr'>δοθὲν</span> <span class='ocrx_word' id='word_1_373' title='bbox 789 1959 823 1996; x_wconf 80' lang='grc' dir='ltr'>ἦν</span> <span class='ocrx_word' id='word_1_374' title='bbox 833 1968 839 1975; x_wconf 93' lang='grc'><strong>·</strong></span> <span class='ocrx_word' id='word_1_375' title='bbox 859 1960 973 1991; x_wconf 83' lang='grc' dir='ltr'>ἐπιστὰς</span> 
     </span>
    </p>
   </div>
   <div class='ocr_carea' id='block_1_57' title="bbox 187 2005 972 2043">
    <p class='ocr_par' dir='ltr' id='par_1_57' title="bbox 187 2005 972 2043">
     <span class='ocr_line' id='line_1_57' title="bbox 187 2005 972 2043; baseline -0.008 -7"><span class='ocrx_word' id='word_1_376' title='bbox 187 2010 216 2036; x_wconf 77' lang='grc' dir='ltr'>δὲ</span> <span class='ocrx_word' id='word_1_377' title='bbox 233 2009 325 2040; x_wconf 83' lang='grc' dir='ltr'>αὺτοῖς</span> <span class='ocrx_word' id='word_1_378' title='bbox 343 2007 477 2043; x_wconf 77' lang='grc' dir='ltr'>κάμνουσι</span> <span class='ocrx_word' id='word_1_379' title='bbox 493 2006 559 2042; x_wconf 79' lang='grc' dir='ltr'>περὶ</span> <span class='ocrx_word' id='word_1_380' title='bbox 573 2007 623 2041; x_wconf 84' lang='grc' dir='ltr'>τὴν</span> <span class='ocrx_word' id='word_1_381' title='bbox 639 2005 726 2040; x_wconf 80' lang='grc' dir='ltr'>ἄγραν</span> <span class='ocrx_word' id='word_1_382' title='bbox 741 2005 831 2039; x_wconf 77' lang='grc' dir='ltr'>λέγει·</span> <span class='ocrx_word' id='word_1_383' title='bbox 855 2005 972 2034; x_wconf 77' lang='grc' dir='ltr'>Παιδία,</span> 
     </span>
    </p>
   </div>
   <div class='ocr_carea' id='block_1_58' title="bbox 185 2050 973 2092">
    <p class='ocr_par' dir='ltr' id='par_1_58' title="bbox 185 2050 973 2092">
     <span class='ocr_line' id='line_1_58' title="bbox 185 2050 973 2092; baseline -0.01 -9"><span class='ocrx_word' id='word_1_384' title='bbox 185 2056 228 2092; x_wconf 83' lang='grc' dir='ltr'>μή</span> <span class='ocrx_word' id='word_1_385' title='bbox 246 2064 274 2083; x_wconf 76' lang='grc' dir='ltr'><strong>τι</strong></span> <span class='ocrx_word' id='word_1_386' title='bbox 289 2054 479 2090; x_wconf 70' lang='grc' dir='ltr'><strong>προσφάγιον</strong></span> <span class='ocrx_word' id='word_1_387' title='bbox 493 2054 593 2088; x_wconf 78' lang='grc' dir='ltr'>ἐχετε;</span> <span class='ocrx_word' id='word_1_388' title='bbox 609 2051 696 2079; x_wconf 81' lang='grc' dir='ltr'>Τοῦτο</span> <span class='ocrx_word' id='word_1_389' title='bbox 710 2051 738 2078; x_wconf 81' lang='grc' dir='ltr'>δὲ</span> <span class='ocrx_word' id='word_1_390' title='bbox 751 2051 836 2085; x_wconf 80' lang='grc' dir='ltr'>λέγει,</span> <span class='ocrx_word' id='word_1_391' title='bbox 852 2051 889 2082; x_wconf 82' lang='grc' dir='ltr'>ὡς</span> <span class='ocrx_word' id='word_1_392' title='bbox 908 2050 973 2084; x_wconf 85' lang='grc' dir='ltr'>μέλ-</span> 
     </span>
    </p>
   </div>
   <div class='ocr_carea' id='block_1_59' title="bbox 189 2098 664 2136">
    <p class='ocr_par' dir='ltr' id='par_1_59' title="bbox 189 2098 664 2136">
     <span class='ocr_line' id='line_1_59' title="bbox 189 2098 664 2136; baseline -0.008 -7"><span class='ocrx_word' id='word_1_393' title='bbox 189 2103 242 2129; x_wconf 89' lang='grc' dir='ltr'>λων</span> <span class='ocrx_word' id='word_1_394' title='bbox 256 2111 283 2129; x_wconf 90' lang='grc' dir='ltr'><strong>τι</strong></span> <span class='ocrx_word' id='word_1_395' title='bbox 302 2101 461 2136; x_wconf 78' lang='grc' dir='ltr'>ὠνήσασθαι</span> <span class='ocrx_word' id='word_1_396' title='bbox 481 2099 547 2135; x_wconf 84' lang='grc' dir='ltr'>παρ’</span> <span class='ocrx_word' id='word_1_397' title='bbox 563 2098 664 2126; x_wconf 80' lang='grc' dir='ltr'>αὐτῶν.</span> 
     </span>
    </p>
   </div>
   <div class='ocr_carea' id='block_1_60' title="bbox 177 2139 989 2183">
    <p class='ocr_par' dir='ltr' id='par_1_60' title="bbox 177 2139 989 2183">
     <span class='ocr_line' id='line_1_60' title="bbox 177 2139 989 2183; baseline -0.007 -8"><span class='ocrx_word' id='word_1_398' title='bbox 177 2139 188 2149; x_wconf 69' lang='grc'><em>”</em></span> <span class='ocrx_word' id='word_1_399' title='bbox 224 2149 287 2175; x_wconf 85' lang='grc' dir='ltr'>’Ὀτι</span> <span class='ocrx_word' id='word_1_400' title='bbox 300 2147 350 2183; x_wconf 85' lang='grc' dir='ltr'>τὴν</span> <span class='ocrx_word' id='word_1_401' title='bbox 372 2146 524 2182; x_wconf 80' lang='grc' dir='ltr'>ἀνθρακιὰν</span> <span class='ocrx_word' id='word_1_402' title='bbox 542 2145 588 2172; x_wconf 78' lang='grc' dir='ltr'>καὶ</span> <span class='ocrx_word' id='word_1_403' title='bbox 612 2145 643 2172; x_wconf 85' lang='grc' dir='ltr'><strong>τδ</strong></span> <span class='ocrx_word' id='word_1_404' title='bbox 660 2145 833 2180; x_wconf 78' lang='grc' dir='ltr'>ἐπικείμενον</span> <span class='ocrx_word' id='word_1_405' title='bbox 850 2143 989 2179; x_wconf 69' lang='grc' dir='ltr'>ὀψάριον,-</span> 
     </span>
    </p>
   </div>
   <div class='ocr_carea' id='block_1_61' title="bbox 187 2190 974 2229">
    <p class='ocr_par' dir='ltr' id='par_1_61' title="bbox 187 2190 974 2229">
     <span class='ocr_line' id='line_1_61' title="bbox 187 2190 974 2229; baseline -0.009 -7"><span class='ocrx_word' id='word_1_406' title='bbox 187 2195 236 2222; x_wconf 67' lang='lat' dir='ltr'><strong>aut</strong></span> <span class='ocrx_word' id='word_1_407' title='bbox 247 2194 292 2221; x_wconf 73' lang='grc' dir='ltr'>τὸν</span> <span class='ocrx_word' id='word_1_408' title='bbox 309 2195 401 2229; x_wconf 75' lang='grc' dir='ltr'>ἄρτον,</span> <span class='ocrx_word' id='word_1_409' title='bbox 422 2193 472 2220; x_wconf 83' lang='grc' dir='ltr'>οὐκ</span> <span class='ocrx_word' id='word_1_410' title='bbox 493 2193 523 2225; x_wconf 82' lang='grc' dir='ltr'>ἐξ</span> <span class='ocrx_word' id='word_1_411' title='bbox 540 2191 723 2227; x_wconf 82' lang='grc' dir='ltr'>ὑποκειμένης</span> <span class='ocrx_word' id='word_1_412' title='bbox 741 2191 808 2227; x_wconf 75' lang='grc' dir='ltr'>ὕλης</span> <span class='ocrx_word' id='word_1_413' title='bbox 827 2190 974 2225; x_wconf 72' lang='grc' dir='ltr'>εἰργάσατο</span> 
     </span>
    </p>
   </div>
   <div class='ocr_carea' id='block_1_62' title="bbox 983 1581 1328 1627">
    <p class='ocr_par' dir='ltr' id='par_1_62' title="bbox 983 1581 1328 1627">
     <span class='ocr_line' id='line_1_62' title="bbox 983 1581 1328 1627; baseline 0.012 -11"><span class='ocrx_word' id='word_1_414' title='bbox 983 1581 1006 1612; x_wconf 84' lang='lat' dir='ltr'>C</span> <span class='ocrx_word' id='word_1_415' title='bbox 1022 1591 1089 1622; x_wconf 81' lang='lat' dir='ltr'><strong>ﬁcit.</strong></span> <span class='ocrx_word' id='word_1_416' title='bbox 1114 1591 1176 1619; x_wconf 92' lang='lat' dir='ltr'><strong>ideo</strong></span> <span class='ocrx_word' id='word_1_417' title='bbox 1196 1591 1296 1627; x_wconf 83' lang='lat' dir='ltr'><strong>adjecit</strong></span> <span class='ocrx_word' id='word_1_418' title='bbox 1321 1602 1328 1620; x_wconf 86' lang='lat'><strong><em>:</em></strong></span> 
     </span>
    </p>
   </div>
   <div class='ocr_carea' id='block_1_63' title="bbox 1024 949 1812 986">
    <p class='ocr_par' dir='ltr' id='par_1_63' title="bbox 1024 949 1812 986">
     <span class='ocr_line' id='line_1_63' title="bbox 1024 949 1812 986; baseline 0.006 -10"><span class='ocrx_word' id='word_1_419' title='bbox 1024 949 1140 977; x_wconf 80' lang='lat' dir='ltr'><strong>statim?</strong></span> <span class='ocrx_word' id='word_1_420' title='bbox 1169 949 1206 977; x_wconf 90' lang='lat' dir='ltr'><strong>Ut</strong></span> <span class='ocrx_word' id='word_1_421' title='bbox 1229 950 1360 978; x_wconf 75' lang='lat' dir='ltr'><strong>doceatur</strong></span> <span class='ocrx_word' id='word_1_422' title='bbox 1393 951 1428 978; x_wconf 88' lang='lat' dir='ltr'><strong>ab</strong></span> <span class='ocrx_word' id='word_1_423' title='bbox 1456 951 1588 986; x_wconf 79' lang='lat' dir='ltr'><strong>apostolis</strong></span> <span class='ocrx_word' id='word_1_424' title='bbox 1614 956 1641 979; x_wconf 84' lang='lat' dir='ltr'><strong>et</strong></span> <span class='ocrx_word' id='word_1_425' title='bbox 1672 953 1812 981; x_wconf 77' lang='lat' dir='ltr'><strong>ardentior</strong></span> 
     </span>
    </p>
   </div>
   <div class='ocr_carea' id='block_1_64' title="bbox 1024 995 1082 1023">
    <p class='ocr_par' dir='ltr' id='par_1_64' title="bbox 1024 995 1082 1023">
     <span class='ocr_line' id='line_1_64' title="bbox 1024 995 1082 1023; baseline 0.017 -1"><span class='ocrx_word' id='word_1_426' title='bbox 1024 995 1082 1023; x_wconf 81' lang='lat' dir='ltr'><strong>ﬁat.</strong></span> 
     </span>
    </p>
   </div>
   <div class='ocr_carea' id='block_1_65' title="bbox 1058 1041 1812 1081">
    <p class='ocr_par' dir='ltr' id='par_1_65' title="bbox 1058 1041 1812 1081">
     <span class='ocr_line' id='line_1_65' title="bbox 1058 1041 1812 1081; baseline 0.003 -12"><span class='ocrx_word' id='word_1_427' title='bbox 1058 1041 1141 1069; x_wconf 75' lang='lat' dir='ltr'><strong>Vens.</strong></span> <span class='ocrx_word' id='word_1_428' title='bbox 1155 1041 1200 1070; x_wconf 77' lang='lat'><strong>2&#39;7.</strong></span> <span class='ocrx_word' id='word_1_429' title='bbox 1216 1042 1361 1076; x_wconf 87' lang='lat' dir='ltr'><strong>Quomodo</strong></span> <span class='ocrx_word' id='word_1_430' title='bbox 1385 1043 1591 1079; x_wconf 86' lang='lat' dir='ltr'><strong>incorruptibile</strong></span> <span class='ocrx_word' id='word_1_431' title='bbox 1614 1052 1714 1080; x_wconf 87' lang='lat' dir='ltr'><strong>corpus</strong></span> <span class='ocrx_word' id='word_1_432' title='bbox 1738 1046 1812 1081; x_wconf 70' lang='lat' dir='ltr'><strong>tangi</strong></span> 
     </span>
    </p>
   </div>
   <div class='ocr_carea' id='block_1_66' title="bbox 1023 1088 1813 1125">
    <p class='ocr_par' dir='ltr' id='par_1_66' title="bbox 1023 1088 1813 1125">
     <span class='ocr_line' id='line_1_66' title="bbox 1023 1088 1813 1125; baseline 0.005 -11"><span class='ocrx_word' id='word_1_433' title='bbox 1023 1088 1112 1122; x_wconf 85' lang='lat' dir='ltr'><strong>potuit</strong></span> <span class='ocrx_word' id='word_1_434' title='bbox 1132 1089 1243 1115; x_wconf 84' lang='lat' dir='ltr'><strong>mortali</strong></span> <span class='ocrx_word' id='word_1_435' title='bbox 1260 1097 1353 1121; x_wconf 83' lang='lat' dir='ltr'><strong>manu,</strong></span> <span class='ocrx_word' id='word_1_436' title='bbox 1369 1093 1396 1117; x_wconf 92' lang='lat' dir='ltr'><strong>et</strong></span> <span class='ocrx_word' id='word_1_437' title='bbox 1410 1089 1539 1125; x_wconf 80' lang='lat' dir='ltr'><strong>stigmata</strong></span> <span class='ocrx_word' id='word_1_438' title='bbox 1555 1091 1673 1118; x_wconf 88' lang='lat' dir='ltr'><strong>ostendit</strong></span> <span class='ocrx_word' id='word_1_439' title='bbox 1691 1090 1791 1122; x_wconf 82' lang='lat' dir='ltr'><strong>habere</strong></span> <span class='ocrx_word' id='word_1_440' title='bbox 1802 1093 1813 1117; x_wconf 68' lang='grc' dir='ltr'><strong>’θ</strong></span> 
     </span>
    </p>
   </div>
   <div class='ocr_carea' id='block_1_67' title="bbox 1024 1133 1812 1172">
    <p class='ocr_par' dir='ltr' id='par_1_67' title="bbox 1024 1133 1812 1172">
     <span class='ocr_line' id='line_1_67' title="bbox 1024 1133 1812 1172; baseline 0.008 -13"><span class='ocrx_word' id='word_1_441' title='bbox 1024 1133 1091 1160; x_wconf 89' lang='lat' dir='ltr'><strong>Illud</strong></span> <span class='ocrx_word' id='word_1_442' title='bbox 1107 1133 1165 1162; x_wconf 89' lang='lat' dir='ltr'><strong>leve</strong></span> <span class='ocrx_word' id='word_1_443' title='bbox 1188 1139 1248 1162; x_wconf 86' lang='lat' dir='ltr'><strong>erat</strong></span> <span class='ocrx_word' id='word_1_444' title='bbox 1273 1139 1300 1162; x_wconf 91' lang='lat' dir='ltr'><strong>et</strong></span> <span class='ocrx_word' id='word_1_445' title='bbox 1321 1135 1419 1163; x_wconf 85' lang='lat' dir='ltr'><strong>subtile</strong></span> <span class='ocrx_word' id='word_1_446' title='bbox 1438 1144 1499 1163; x_wconf 87' lang='lat' dir='ltr'><strong>cmn</strong></span> <span class='ocrx_word' id='word_1_447' title='bbox 1519 1137 1620 1164; x_wconf 89' lang='lat' dir='ltr'><strong>clausis</strong></span> <span class='ocrx_word' id='word_1_448' title='bbox 1643 1137 1754 1164; x_wconf 75' lang='lat' dir='ltr'><strong>intravit</strong></span> <span class='ocrx_word' id='word_1_449' title='bbox 1772 1137 1812 1172; x_wconf 87' lang='lat' dir='ltr'><strong>ja-</strong></span> 
     </span>
    </p>
   </div>
   <div class='ocr_carea' id='block_1_68' title="bbox 1024 1179 1813 1216">
    <p class='ocr_par' dir='ltr' id='par_1_68' title="bbox 1024 1179 1813 1216">
     <span class='ocr_line' id='line_1_68' title="bbox 1024 1179 1813 1216; baseline 0.006 -10"><span class='ocrx_word' id='word_1_450' title='bbox 1024 1179 1100 1212; x_wconf 85' lang='lat' dir='ltr'><strong>nuis;</strong></span> <span class='ocrx_word' id='word_1_451' title='bbox 1117 1184 1146 1207; x_wconf 91' lang='lat' dir='ltr'><strong>ut</strong></span> <span class='ocrx_word' id='word_1_452' title='bbox 1174 1181 1331 1208; x_wconf 82' lang='lat' dir='ltr'><strong>crederetur</strong></span> <span class='ocrx_word' id='word_1_453' title='bbox 1346 1184 1511 1209; x_wconf 83' lang='lat' dir='ltr'><strong>resurrectio</strong></span> <span class='ocrx_word' id='word_1_454' title='bbox 1527 1182 1579 1210; x_wconf 87' lang='lat' dir='ltr'><strong>ista</strong></span> <span class='ocrx_word' id='word_1_455' title='bbox 1599 1183 1772 1216; x_wconf 75' lang='lat' dir='ltr'><strong>exhibentur,</strong></span> <span class='ocrx_word' id='word_1_456' title='bbox 1787 1189 1813 1210; x_wconf 87' lang='lat' dir='ltr'><strong>et</strong></span> 
     </span>
    </p>
   </div>
   <div class='ocr_carea' id='block_1_69' title="bbox 1024 1227 1570 1260">
    <p class='ocr_par' dir='ltr' id='par_1_69' title="bbox 1024 1227 1570 1260">
     <span class='ocr_line' id='line_1_69' title="bbox 1024 1227 1570 1260; baseline 0.005 -8"><span class='ocrx_word' id='word_1_457' title='bbox 1024 1232 1132 1260; x_wconf 89' lang='lat' dir='ltr'><strong>propter</strong></span> <span class='ocrx_word' id='word_1_458' title='bbox 1145 1227 1268 1254; x_wconf 88' lang='lat' dir='ltr'><strong>eamdem</strong></span> <span class='ocrx_word' id='word_1_459' title='bbox 1285 1234 1396 1255; x_wconf 83' lang='lat' dir='ltr'><strong>causam</strong></span> <span class='ocrx_word' id='word_1_460' title='bbox 1412 1228 1570 1256; x_wconf 83' lang='lat' dir='ltr'><strong>manducat.</strong></span> 
     </span>
    </p>
   </div>
   <div class='ocr_carea' id='block_1_70' title="bbox 1062 1268 1813 1309">
    <p class='ocr_par' dir='ltr' id='par_1_70' title="bbox 1062 1268 1813 1309">
     <span class='ocr_line' id='line_1_70' title="bbox 1062 1268 1813 1309; baseline 0.005 -12"><span class='ocrx_word' id='word_1_461' title='bbox 1062 1268 1202 1298; x_wconf 69' lang='lat' dir='ltr'><strong>Vens.30.</strong></span> <span class='ocrx_word' id='word_1_462' title='bbox 1241 1271 1279 1298; x_wconf 84' lang='lat' dir='ltr'><strong>De</strong></span> <span class='ocrx_word' id='word_1_463' title='bbox 1301 1272 1401 1307; x_wconf 88' lang='lat' dir='ltr'><strong>quibus</strong></span> <span class='ocrx_word' id='word_1_464' title='bbox 1424 1273 1509 1307; x_wconf 76' lang='lat' dir='ltr'><strong>signis</strong></span> <span class='ocrx_word' id='word_1_465' title='bbox 1531 1272 1598 1300; x_wconf 87' lang='lat' dir='ltr'><strong>dicit</strong></span> <span class='ocrx_word' id='word_1_466' title='bbox 1623 1273 1789 1309; x_wconf 81' lang='lat' dir='ltr'><strong>evangelista</strong></span> <span class='ocrx_word' id='word_1_467' title='bbox 1807 1283 1813 1301; x_wconf 94' lang='lat'>:</span> 
     </span>
    </p>
   </div>
   <div class='ocr_carea' id='block_1_71' title="bbox 1026 1311 1817 1353">
    <p class='ocr_par' dir='ltr' id='par_1_71' title="bbox 1026 1311 1817 1353">
     <span class='ocr_line' id='line_1_71' title="bbox 1026 1311 1817 1353; baseline 0.004 -10"><span class='ocrx_word' id='word_1_468' title='bbox 1026 1316 1111 1343; x_wconf 82' lang='lat' dir='ltr'><strong>Multa</strong></span> <span class='ocrx_word' id='word_1_469' title='bbox 1124 1311 1229 1351; x_wconf 74' lang='lat' dir='ltr'><strong>quidem</strong></span> <span class='ocrx_word' id='word_1_470' title='bbox 1239 1322 1263 1345; x_wconf 84' lang='lat' dir='ltr'><strong>et</strong></span> <span class='ocrx_word' id='word_1_471' title='bbox 1277 1317 1332 1344; x_wconf 87' lang='lat' dir='ltr'><strong>alia</strong></span> <span class='ocrx_word' id='word_1_472' title='bbox 1344 1318 1420 1353; x_wconf 80' lang='lat' dir='ltr'><strong>signa</strong></span> <span class='ocrx_word' id='word_1_473' title='bbox 1435 1319 1497 1353; x_wconf 78' lang='lat' dir='ltr'><strong>fecit</strong></span> <span class='ocrx_word' id='word_1_474' title='bbox 1514 1318 1612 1346; x_wconf 74' lang='lat' dir='ltr'><strong>Jews?</strong></span> <span class='ocrx_word' id='word_1_475' title='bbox 1630 1319 1696 1347; x_wconf 85' lang='lat' dir='ltr'><strong>Mihi</strong></span> <span class='ocrx_word' id='word_1_476' title='bbox 1709 1320 1817 1348; x_wconf 83' lang='lat' dir='ltr'><strong>videtur</strong></span> 
     </span>
    </p>
   </div>
   <div class='ocr_carea' id='block_1_72' title="bbox 1023 1364 1815 1400">
    <p class='ocr_par' dir='ltr' id='par_1_72' title="bbox 1023 1364 1815 1400">
     <span class='ocr_line' id='line_1_72' title="bbox 1023 1364 1815 1400; baseline 0.003 -10"><span class='ocrx_word' id='word_1_477' title='bbox 1023 1371 1083 1390; x_wconf 87' lang='lat' dir='ltr'><strong>esse</strong></span> <span class='ocrx_word' id='word_1_478' title='bbox 1099 1371 1160 1398; x_wconf 74' lang='lat' dir='ltr'><strong>qua:</strong></span> <span class='ocrx_word' id='word_1_479' title='bbox 1174 1368 1235 1398; x_wconf 86' lang='lat' dir='ltr'><strong>post</strong></span> <span class='ocrx_word' id='word_1_480' title='bbox 1249 1365 1476 1392; x_wconf 70' lang='lat' dir='ltr'><strong>resurrectionem</strong></span> <span class='ocrx_word' id='word_1_481' title='bbox 1492 1364 1575 1398; x_wconf 83' lang='lat' dir='ltr'><strong>fecit;</strong></span> <span class='ocrx_word' id='word_1_482' title='bbox 1598 1365 1708 1400; x_wconf 82' lang='lat' dir='ltr'><strong>subjieit</strong></span> <span class='ocrx_word' id='word_1_483' title='bbox 1729 1367 1815 1397; x_wconf 84' lang='lat' dir='ltr'><strong>enim.</strong></span> 
     </span>
    </p>
   </div>
   <div class='ocr_carea' id='block_1_73' title="bbox 1025 1408 1815 1444">
    <p class='ocr_par' dir='ltr' id='par_1_73' title="bbox 1025 1408 1815 1444">
     <span class='ocr_line' id='line_1_73' title="bbox 1025 1408 1815 1444; baseline 0.004 -9"><span class='ocrx_word' id='word_1_484' title='bbox 1025 1408 1058 1435; x_wconf 85' lang='lat' dir='ltr'><strong>In</strong></span> <span class='ocrx_word' id='word_1_485' title='bbox 1071 1414 1208 1444; x_wconf 66' lang='lat' dir='ltr'><strong>conspectu</strong></span> <span class='ocrx_word' id='word_1_486' title='bbox 1223 1409 1414 1444; x_wconf 78' lang='lat' dir='ltr'><strong>discipulorum</strong></span> <span class='ocrx_word' id='word_1_487' title='bbox 1429 1419 1537 1438; x_wconf 78' lang='lat' dir='ltr'><strong>suarum</strong></span> <span class='ocrx_word' id='word_1_488' title='bbox 1548 1430 1556 1442; x_wconf 89' lang='lat'><strong><em>,</em></strong></span> <span class='ocrx_word' id='word_1_489' title='bbox 1569 1411 1616 1438; x_wconf 79' lang='lat' dir='ltr'><strong>sed</strong></span> <span class='ocrx_word' id='word_1_490' title='bbox 1630 1419 1684 1439; x_wconf 91' lang='lat' dir='ltr'><strong>non</strong></span> <span class='ocrx_word' id='word_1_491' title='bbox 1705 1411 1731 1438; x_wconf 93' lang='lat' dir='ltr'><strong>in</strong></span> <span class='ocrx_word' id='word_1_492' title='bbox 1747 1419 1815 1438; x_wconf 86' lang='lat' dir='ltr'><strong>con-</strong></span> 
     </span>
    </p>
   </div>
   <div class='ocr_carea' id='block_1_74' title="bbox 1024 1453 1815 1490">
    <p class='ocr_par' dir='ltr' id='par_1_74' title="bbox 1024 1453 1815 1490">
     <span class='ocr_line' id='line_1_74' title="bbox 1024 1453 1815 1490; baseline 0.004 -10"><span class='ocrx_word' id='word_1_493' title='bbox 1024 1457 1118 1488; x_wconf 86' lang='lat' dir='ltr'><strong>spectu</strong></span> <span class='ocrx_word' id='word_1_494' title='bbox 1139 1453 1292 1481; x_wconf 85' lang='lat' dir='ltr'><strong>turbarum.</strong></span> <span class='ocrx_word' id='word_1_495' title='bbox 1322 1454 1380 1481; x_wconf 87' lang='lat' dir='ltr'><strong>Non</strong></span> <span class='ocrx_word' id='word_1_496' title='bbox 1403 1455 1572 1490; x_wconf 86' lang='lat' dir='ltr'><strong>scripserunt</strong></span> <span class='ocrx_word' id='word_1_497' title='bbox 1586 1455 1679 1482; x_wconf 83' lang='lat' dir='ltr'><strong>omnia</strong></span> <span class='ocrx_word' id='word_1_498' title='bbox 1698 1462 1815 1490; x_wconf 80' lang='lat' dir='ltr'><strong>evange-</strong></span> 
     </span>
    </p>
   </div>
   <div class='ocr_carea' id='block_1_75' title="bbox 1023 1499 1813 1536">
    <p class='ocr_par' dir='ltr' id='par_1_75' title="bbox 1023 1499 1813 1536">
     <span class='ocr_line' id='line_1_75' title="bbox 1023 1499 1813 1536; baseline 0.004 -11"><span class='ocrx_word' id='word_1_499' title='bbox 1023 1499 1102 1531; x_wconf 71' lang='lat' dir='ltr'><strong>listm.</strong></span> <span class='ocrx_word' id='word_1_500' title='bbox 1126 1499 1173 1526; x_wconf 83' lang='lat' dir='ltr'><strong>sed</strong></span> <span class='ocrx_word' id='word_1_501' title='bbox 1187 1499 1258 1527; x_wconf 86' lang='lat' dir='ltr'><strong>alius</strong></span> <span class='ocrx_word' id='word_1_502' title='bbox 1269 1499 1333 1533; x_wconf 86' lang='lat' dir='ltr'><strong>alia,</strong></span> <span class='ocrx_word' id='word_1_503' title='bbox 1358 1500 1492 1535; x_wconf 80' lang='lat' dir='ltr'><strong>fugientes</strong></span> <span class='ocrx_word' id='word_1_504' title='bbox 1507 1501 1662 1536; x_wconf 87' lang='lat' dir='ltr'><strong>superbiam</strong></span> <span class='ocrx_word' id='word_1_505' title='bbox 1677 1505 1704 1529; x_wconf 89' lang='lat' dir='ltr'><strong>et</strong></span> <span class='ocrx_word' id='word_1_506' title='bbox 1718 1508 1813 1529; x_wconf 76' lang='lat' dir='ltr'><strong>vanam</strong></span> 
     </span>
    </p>
   </div>
   <div class='ocr_carea' id='block_1_76' title="bbox 1024 1544 1818 1582">
    <p class='ocr_par' dir='ltr' id='par_1_76' title="bbox 1024 1544 1818 1582">
     <span class='ocr_line' id='line_1_76' title="bbox 1024 1544 1818 1582; baseline 0.004 -11"><span class='ocrx_word' id='word_1_507' title='bbox 1024 1544 1299 1580; x_wconf 61' lang='lat' dir='ltr'><strong>gloriammuantum</strong></span> <span class='ocrx_word' id='word_1_508' title='bbox 1311 1551 1402 1574; x_wconf 85' lang='lat' dir='ltr'><strong>autem</strong></span> <span class='ocrx_word' id='word_1_509' title='bbox 1418 1547 1592 1574; x_wconf 84' lang='lat' dir='ltr'><strong>solummodo</strong></span> <span class='ocrx_word' id='word_1_510' title='bbox 1607 1547 1640 1574; x_wconf 91' lang='lat' dir='ltr'><strong>ad</strong></span> <span class='ocrx_word' id='word_1_511' title='bbox 1658 1547 1736 1574; x_wconf 81' lang='lat' dir='ltr'><strong>ﬁdem</strong></span> <span class='ocrx_word' id='word_1_512' title='bbox 1753 1555 1818 1582; x_wconf 89' lang='lat' dir='ltr'><strong>pro-</strong></span> 
     </span>
    </p>
   </div>
   <div class='ocr_carea' id='block_1_77' title="bbox 1357 1592 1816 1628">
    <p class='ocr_par' dir='ltr' id='par_1_77' title="bbox 1357 1592 1816 1628">
     <span class='ocr_line' id='line_1_77' title="bbox 1357 1592 1816 1628; baseline 0.002 -9"><span class='ocrx_word' id='word_1_513' title='bbox 1357 1592 1422 1620; x_wconf 78' lang='lat' dir='ltr'><strong>ch</strong></span> <span class='ocrx_word' id='word_1_514' title='bbox 1446 1599 1534 1621; x_wconf 79' lang='lat' dir='ltr'><strong>autent</strong></span> <span class='ocrx_word' id='word_1_515' title='bbox 1561 1595 1659 1628; x_wconf 77' lang='lat' dir='ltr'><strong>scriptu</strong></span> <span class='ocrx_word' id='word_1_516' title='bbox 1691 1599 1762 1627; x_wconf 70' lang='lat' dir='ltr'><strong>sunt,</strong></span> <span class='ocrx_word' id='word_1_517' title='bbox 1787 1599 1816 1620; x_wconf 85' lang='lat' dir='ltr'><strong>ut</strong></span> 
     </span>
    </p>
   </div>
   <div class='ocr_carea' id='block_1_78' title="bbox 1022 1637 1147 1664">
    <p class='ocr_par' dir='ltr' id='par_1_78' title="bbox 1022 1637 1147 1664">
     <span class='ocr_line' id='line_1_78' title="bbox 1022 1637 1147 1664; baseline 0 -1"><span class='ocrx_word' id='word_1_518' title='bbox 1022 1637 1136 1664; x_wconf 73' lang='lat' dir='ltr'><strong>credulis</strong></span> <span class='ocrx_word' id='word_1_519' title='bbox 1141 1656 1147 1662; x_wconf 86' lang='lat'><strong>.</strong></span> 
     </span>
    </p>
   </div>
   <div class='ocr_carea' id='block_1_79' title="bbox 1303 1685 1528 1714">
    <p class='ocr_par' dir='ltr' id='par_1_79' title="bbox 1303 1685 1528 1714">
     <span class='ocr_line' id='line_1_79' title="bbox 1303 1685 1528 1714; baseline 0.004 -1"><span class='ocrx_word' id='word_1_520' title='bbox 1303 1685 1420 1713; x_wconf 79' lang='lat' dir='ltr'><strong>CAPUT</strong></span> <span class='ocrx_word' id='word_1_521' title='bbox 1456 1685 1528 1714; x_wconf 75' lang='lat' dir='ltr'><strong>XXI.</strong></span> 
     </span>
    </p>
   </div>
   <div class='ocr_carea' id='block_1_80' title="bbox 1060 1730 1817 1761">
    <p class='ocr_par' dir='ltr' id='par_1_80' title="bbox 1060 1730 1817 1761">
     <span class='ocr_line' id='line_1_80' title="bbox 1060 1730 1817 1761; baseline 0.005 -4"><span class='ocrx_word' id='word_1_522' title='bbox 1060 1730 1143 1758; x_wconf 70' lang='lat' dir='ltr'><strong>Vens.</strong></span> <span class='ocrx_word' id='word_1_523' title='bbox 1170 1732 1196 1758; x_wconf 83' lang='lat' dir='ltr'>L</span> <span class='ocrx_word' id='word_1_524' title='bbox 1225 1730 1291 1758; x_wconf 89' lang='lat' dir='ltr'><strong>Post</strong></span> <span class='ocrx_word' id='word_1_525' title='bbox 1320 1732 1549 1759; x_wconf 81' lang='lat' dir='ltr'><strong>resurrectiOnem</strong></span> <span class='ocrx_word' id='word_1_526' title='bbox 1576 1740 1629 1760; x_wconf 95' lang='lat' dir='ltr'><strong>non</strong></span> <span class='ocrx_word' id='word_1_527' title='bbox 1654 1734 1817 1761; x_wconf 84' lang='lat' dir='ltr'><strong>cernebatur</strong></span> 
     </span>
    </p>
   </div>
   <div class='ocr_carea' id='block_1_81' title="bbox 1025 1775 1818 1813">
    <p class='ocr_par' dir='ltr' id='par_1_81' title="bbox 1025 1775 1818 1813">
     <span class='ocr_line' id='line_1_81' title="bbox 1025 1775 1818 1813; baseline 0.006 -11"><span class='ocrx_word' id='word_1_528' title='bbox 1025 1779 1116 1802; x_wconf 88' lang='lat' dir='ltr'><strong>utrum</strong></span> <span class='ocrx_word' id='word_1_529' title='bbox 1133 1783 1188 1803; x_wconf 93' lang='lat' dir='ltr'><strong>non</strong></span> <span class='ocrx_word' id='word_1_530' title='bbox 1209 1783 1240 1804; x_wconf 88' lang='lat' dir='ltr'><strong>se</strong></span> <span class='ocrx_word' id='word_1_531' title='bbox 1253 1775 1361 1804; x_wconf 81' lang='lat' dir='ltr'><strong>facilem</strong></span> <span class='ocrx_word' id='word_1_532' title='bbox 1376 1777 1507 1811; x_wconf 72' lang='lat' dir='ltr'><strong>praeberet</strong></span> <span class='ocrx_word' id='word_1_533' title='bbox 1523 1777 1586 1812; x_wconf 90' lang='lat' dir='ltr'><strong>quia</strong></span> <span class='ocrx_word' id='word_1_534' title='bbox 1607 1778 1664 1813; x_wconf 88' lang='lat' dir='ltr'><strong>jam</strong></span> <span class='ocrx_word' id='word_1_535' title='bbox 1692 1779 1818 1807; x_wconf 67' lang='lat' dir='ltr'><strong>incorru-</strong></span> 
     </span>
    </p>
   </div>
   <div class='ocr_carea' id='block_1_82' title="bbox 1023 1822 1513 1858">
    <p class='ocr_par' dir='ltr' id='par_1_82' title="bbox 1023 1822 1513 1858">
     <span class='ocr_line' id='line_1_82' title="bbox 1023 1822 1513 1858; baseline 0.002 -9"><span class='ocrx_word' id='word_1_536' title='bbox 1023 1822 1118 1857; x_wconf 87' lang='lat' dir='ltr'><strong>ptibile</strong></span> <span class='ocrx_word' id='word_1_537' title='bbox 1135 1827 1194 1850; x_wconf 86' lang='lat' dir='ltr'><strong>erat</strong></span> <span class='ocrx_word' id='word_1_538' title='bbox 1206 1830 1306 1857; x_wconf 89' lang='lat' dir='ltr'><strong>corpus</strong></span> <span class='ocrx_word' id='word_1_539' title='bbox 1324 1827 1351 1850; x_wconf 92' lang='lat' dir='ltr'><strong>et</strong></span> <span class='ocrx_word' id='word_1_540' title='bbox 1365 1823 1513 1858; x_wconf 81' lang='lat' dir='ltr'><strong>integrum.</strong></span> 
     </span>
    </p>
   </div>
   <div class='ocr_carea' id='block_1_83' title="bbox 1062 1867 1819 1898">
    <p class='ocr_par' dir='ltr' id='par_1_83' title="bbox 1062 1867 1819 1898">
     <span class='ocr_line' id='line_1_83' title="bbox 1062 1867 1819 1898; baseline 0.004 -3"><span class='ocrx_word' id='word_1_541' title='bbox 1062 1867 1143 1896; x_wconf 69' lang='lat' dir='ltr'><strong>Vsus.</strong></span> <span class='ocrx_word' id='word_1_542' title='bbox 1160 1868 1186 1895; x_wconf 78' lang='lat'><strong>5.</strong></span> <span class='ocrx_word' id='word_1_543' title='bbox 1203 1867 1276 1896; x_wconf 83' lang='lat' dir='ltr'><strong>Petri</strong></span> <span class='ocrx_word' id='word_1_544' title='bbox 1291 1873 1318 1895; x_wconf 88' lang='lat' dir='ltr'><strong>et</strong></span> <span class='ocrx_word' id='word_1_545' title='bbox 1330 1867 1444 1897; x_wconf 85' lang='lat' dir='ltr'><strong>Joannis</strong></span> <span class='ocrx_word' id='word_1_546' title='bbox 1458 1870 1525 1897; x_wconf 87' lang='lat' dir='ltr'><strong>socii</strong></span> <span class='ocrx_word' id='word_1_547' title='bbox 1539 1877 1617 1897; x_wconf 83' lang='lat' dir='ltr'><strong>suam</strong></span> <span class='ocrx_word' id='word_1_548' title='bbox 1636 1875 1724 1898; x_wconf 84' lang='lat' dir='ltr'><strong>artem</strong></span> <span class='ocrx_word' id='word_1_549' title='bbox 1738 1878 1819 1898; x_wconf 76' lang='lat' dir='ltr'><strong>exer-</strong></span> 
     </span>
    </p>
   </div>
   <div class='ocr_carea' id='block_1_84' title="bbox 1023 1913 1819 1950">
    <p class='ocr_par' dir='ltr' id='par_1_84' title="bbox 1023 1913 1819 1950">
     <span class='ocr_line' id='line_1_84' title="bbox 1023 1913 1819 1950; baseline 0.005 -10"><span class='ocrx_word' id='word_1_550' title='bbox 1023 1913 1131 1947; x_wconf 84' lang='lat' dir='ltr'><strong>cebant,</strong></span> <span class='ocrx_word' id='word_1_551' title='bbox 1148 1921 1209 1941; x_wconf 87' lang='lat' dir='ltr'><strong>cum</strong></span> <span class='ocrx_word' id='word_1_552' title='bbox 1229 1922 1317 1949; x_wconf 90' lang='lat' dir='ltr'><strong>neque</strong></span> <span class='ocrx_word' id='word_1_553' title='bbox 1334 1914 1459 1942; x_wconf 81' lang='lat' dir='ltr'><strong>Christus</strong></span> <span class='ocrx_word' id='word_1_554' title='bbox 1472 1915 1529 1950; x_wconf 86' lang='lat' dir='ltr'><strong>ipse</strong></span> <span class='ocrx_word' id='word_1_555' title='bbox 1546 1924 1607 1943; x_wconf 88' lang='lat' dir='ltr'><strong>eum</strong></span> <span class='ocrx_word' id='word_1_556' title='bbox 1625 1917 1666 1943; x_wconf 88' lang='lat' dir='ltr'><strong>eis</strong></span> <span class='ocrx_word' id='word_1_557' title='bbox 1691 1921 1750 1944; x_wconf 86' lang='lat' dir='ltr'><strong>erat</strong></span> <span class='ocrx_word' id='word_1_558' title='bbox 1769 1924 1819 1945; x_wconf 86' lang='lat' dir='ltr'><strong>ne-</strong></span> 
     </span>
    </p>
   </div>
   <div class='ocr_carea' id='block_1_85' title="bbox 1024 1960 1819 1997">
    <p class='ocr_par' dir='ltr' id='par_1_85' title="bbox 1024 1960 1819 1997">
     <span class='ocr_line' id='line_1_85' title="bbox 1024 1960 1819 1997; baseline 0.004 -10"><span class='ocrx_word' id='word_1_559' title='bbox 1024 1968 1075 1994; x_wconf 86' lang='lat' dir='ltr'><strong>que</strong></span> <span class='ocrx_word' id='word_1_560' title='bbox 1087 1960 1206 1994; x_wconf 90' lang='lat' dir='ltr'><strong>Spiritus</strong></span> <span class='ocrx_word' id='word_1_561' title='bbox 1228 1966 1339 1988; x_wconf 83' lang='lat' dir='ltr'><strong>sanctus</strong></span> <span class='ocrx_word' id='word_1_562' title='bbox 1353 1962 1431 1988; x_wconf 84' lang='lat' dir='ltr'><strong>datus</strong></span> <span class='ocrx_word' id='word_1_563' title='bbox 1441 1968 1509 1989; x_wconf 84' lang='lat' dir='ltr'><strong>erat.</strong></span> <span class='ocrx_word' id='word_1_564' title='bbox 1528 1961 1611 1989; x_wconf 88' lang='lat' dir='ltr'><strong>Stans</strong></span> <span class='ocrx_word' id='word_1_565' title='bbox 1626 1967 1716 1989; x_wconf 89' lang='lat' dir='ltr'><strong>autem</strong></span> <span class='ocrx_word' id='word_1_566' title='bbox 1739 1963 1819 1997; x_wconf 80' lang='lat' dir='ltr'><strong>juxta</strong></span> 
     </span>
    </p>
   </div>
   <div class='ocr_carea' id='block_1_86' title="bbox 1025 2006 1816 2042">
    <p class='ocr_par' dir='ltr' id='par_1_86' title="bbox 1025 2006 1816 2042">
     <span class='ocr_line' id='line_1_86' title="bbox 1025 2006 1816 2042; baseline 0.003 -10"><span class='ocrx_word' id='word_1_567' title='bbox 1025 2006 1087 2033; x_wconf 84' lang='lat' dir='ltr'><strong>illos</strong></span> <span class='ocrx_word' id='word_1_568' title='bbox 1107 2007 1264 2033; x_wconf 85' lang='lat' dir='ltr'><strong>laborantes</strong></span> <span class='ocrx_word' id='word_1_569' title='bbox 1287 2007 1360 2033; x_wconf 86' lang='lat' dir='ltr'><strong>circa</strong></span> <span class='ocrx_word' id='word_1_570' title='bbox 1376 2008 1452 2034; x_wconf 86' lang='lat' dir='ltr'><strong>littus</strong></span> <span class='ocrx_word' id='word_1_571' title='bbox 1467 2007 1532 2034; x_wconf 90' lang='lat' dir='ltr'><strong>dicit</strong></span> <span class='ocrx_word' id='word_1_572' title='bbox 1549 2015 1557 2034; x_wconf 88' lang='lat'><strong>:</strong></span> <span class='ocrx_word' id='word_1_573' title='bbox 1582 2007 1675 2039; x_wconf 76' lang='lat' dir='ltr'><strong>Pueri.</strong></span> <span class='ocrx_word' id='word_1_574' title='bbox 1697 2008 1816 2042; x_wconf 69' lang='lat' dir='ltr'><strong>nunquid</strong></span> 
     </span>
    </p>
   </div>
   <div class='ocr_carea' id='block_1_87' title="bbox 1024 2050 1818 2087">
    <p class='ocr_par' dir='ltr' id='par_1_87' title="bbox 1024 2050 1818 2087">
     <span class='ocr_line' id='line_1_87' title="bbox 1024 2050 1818 2087; baseline 0.005 -11"><span class='ocrx_word' id='word_1_575' title='bbox 1024 2050 1230 2085; x_wconf 83' lang='lat' dir='ltr'><strong>pulmentarium</strong></span> <span class='ocrx_word' id='word_1_576' title='bbox 1238 2051 1357 2078; x_wconf 76' lang='lat' dir='ltr'><strong>habetis?</strong></span> <span class='ocrx_word' id='word_1_577' title='bbox 1368 2052 1424 2079; x_wconf 91' lang='lat' dir='ltr'><strong>lloc</strong></span> <span class='ocrx_word' id='word_1_578' title='bbox 1439 2052 1515 2086; x_wconf 85' lang='lat' dir='ltr'><strong>dicit,</strong></span> <span class='ocrx_word' id='word_1_579' title='bbox 1524 2052 1596 2080; x_wconf 87' lang='lat' dir='ltr'><strong>velut</strong></span> <span class='ocrx_word' id='word_1_580' title='bbox 1606 2052 1700 2079; x_wconf 83' lang='lat' dir='ltr'><strong>volens</strong></span> <span class='ocrx_word' id='word_1_581' title='bbox 1714 2053 1818 2087; x_wconf 73' lang='lat' dir='ltr'><strong>aliquid</strong></span> 
     </span>
    </p>
   </div>
   <div class='ocr_carea' id='block_1_88' title="bbox 1025 2096 1233 2124">
    <p class='ocr_par' dir='ltr' id='par_1_88' title="bbox 1025 2096 1233 2124">
     <span class='ocr_line' id='line_1_88' title="bbox 1025 2096 1233 2124; baseline 0.005 -1"><span class='ocrx_word' id='word_1_582' title='bbox 1025 2096 1060 2123; x_wconf 90' lang='lat' dir='ltr'><strong>ab</strong></span> <span class='ocrx_word' id='word_1_583' title='bbox 1075 2097 1115 2124; x_wconf 76' lang='lat' dir='ltr'><strong>eis</strong></span> <span class='ocrx_word' id='word_1_584' title='bbox 1132 2104 1233 2124; x_wconf 85' lang='lat' dir='ltr'><strong>emere.</strong></span> 
     </span>
    </p>
   </div>
   <div class='ocr_carea' id='block_1_89' title="bbox 1064 2142 1819 2181">
    <p class='ocr_par' dir='ltr' id='par_1_89' title="bbox 1064 2142 1819 2181">
     <span class='ocr_line' id='line_1_89' title="bbox 1064 2142 1819 2181; baseline 0.005 -12"><span class='ocrx_word' id='word_1_585' title='bbox 1064 2142 1183 2171; x_wconf 76' lang='lat' dir='ltr'><strong>V£n5.9.</strong></span> <span class='ocrx_word' id='word_1_586' title='bbox 1200 2144 1308 2171; x_wconf 85' lang='lat' dir='ltr'><strong>Prunas</strong></span> <span class='ocrx_word' id='word_1_587' title='bbox 1331 2148 1356 2171; x_wconf 87' lang='lat' dir='ltr'><strong>el</strong></span> <span class='ocrx_word' id='word_1_588' title='bbox 1376 2145 1576 2179; x_wconf 84' lang='lat' dir='ltr'><strong>superpositum</strong></span> <span class='ocrx_word' id='word_1_589' title='bbox 1602 2145 1704 2180; x_wconf 78' lang='lat' dir='ltr'><strong>piscem</strong></span> <span class='ocrx_word' id='word_1_590' title='bbox 1719 2150 1747 2173; x_wconf 89' lang='lat' dir='ltr'><strong>et</strong></span> <span class='ocrx_word' id='word_1_591' title='bbox 1770 2153 1819 2181; x_wconf 85' lang='lat' dir='ltr'><strong>pa-</strong></span> 
     </span>
    </p>
   </div>
   <div class='ocr_carea' id='block_1_90' title="bbox 1026 2190 1817 2225">
    <p class='ocr_par' dir='ltr' id='par_1_90' title="bbox 1026 2190 1817 2225">
     <span class='ocr_line' id='line_1_90' title="bbox 1026 2190 1817 2225; baseline 0.005 -10"><span class='ocrx_word' id='word_1_592' title='bbox 1026 2196 1099 2222; x_wconf 89' lang='lat' dir='ltr'><strong>nem,</strong></span> <span class='ocrx_word' id='word_1_593' title='bbox 1117 2197 1172 2216; x_wconf 90' lang='lat' dir='ltr'><strong>non</strong></span> <span class='ocrx_word' id='word_1_594' title='bbox 1191 2197 1224 2216; x_wconf 81' lang='lat' dir='ltr'><strong>ex</strong></span> <span class='ocrx_word' id='word_1_595' title='bbox 1239 2190 1360 2224; x_wconf 81' lang='lat' dir='ltr'><strong>subjecta</strong></span> <span class='ocrx_word' id='word_1_596' title='bbox 1387 2191 1502 2218; x_wconf 79' lang='lat' dir='ltr'><strong>materia</strong></span> <span class='ocrx_word' id='word_1_597' title='bbox 1524 2190 1591 2219; x_wconf 80' lang='lat' dir='ltr'><strong>facit</strong></span> <span class='ocrx_word' id='word_1_598' title='bbox 1609 2190 1748 2225; x_wconf 83' lang='lat' dir='ltr'><strong>Christus,</strong></span> <span class='ocrx_word' id='word_1_599' title='bbox 1767 2192 1817 2219; x_wconf 75' lang='lat' dir='ltr'><strong>ad~</strong></span> 
     </span>
    </p>
   </div>
   <div class='ocr_carea' id='block_1_91' title="bbox 187 2235 973 2278">
    <p class='ocr_par' dir='ltr' id='par_1_91' title="bbox 187 2237 972 2277">
     <span class='ocr_line' id='line_1_91' title="bbox 187 2237 972 2277; baseline -0.008 -9"><span class='ocrx_word' id='word_1_600' title='bbox 187 2243 202 2268; x_wconf 78' lang='grc' dir='ltr'><em>ὸ</em></span> <span class='ocrx_word' id='word_1_601' title='bbox 216 2240 344 2277; x_wconf 81' lang='grc' dir='ltr'>Χριστὸς,</span> <span class='ocrx_word' id='word_1_602' title='bbox 362 2241 408 2267; x_wconf 74' lang='grc' dir='ltr'><strong>ἐπὶ</strong></span> <span class='ocrx_word' id='word_1_603' title='bbox 425 2240 455 2266; x_wconf 82' lang='grc' dir='ltr'>τὸ</span> <span class='ocrx_word' id='word_1_604' title='bbox 470 2238 689 2274; x_wconf 82' lang='grc' dir='ltr'>θαυμαστότερον</span> <span class='ocrx_word' id='word_1_605' title='bbox 712 2237 787 2271; x_wconf 80' lang='grc' dir='ltr'>ἄγων</span> <span class='ocrx_word' id='word_1_606' title='bbox 799 2237 833 2263; x_wconf 80' lang='grc' dir='ltr'>τὰ</span> <span class='ocrx_word' id='word_1_607' title='bbox 853 2238 954 2272; x_wconf 69' lang='grc' dir='ltr'>σημεῖα</span> <span class='ocrx_word' id='word_1_608' title='bbox 965 2244 972 2251; x_wconf 67' lang='grc'><strong><em>⁸</em></strong></span> 
     </span>
    </p>
   </div>
   <div class='ocr_carea' id='block_1_92' title="bbox 1025 2235 1819 2278">
    <p class='ocr_par' dir='ltr' id='par_1_92' title="bbox 1029 2235 1819 2270">
     <span class='ocr_line' id='line_1_92' title="bbox 1029 2235 1819 2270; baseline 0.003 -8"><span class='ocrx_word' id='word_1_609' title='bbox 1029 2235 1182 2262; x_wconf 87' lang='lat' dir='ltr'><strong>mirandum</strong></span> <span class='ocrx_word' id='word_1_610' title='bbox 1206 2236 1292 2270; x_wconf 76' lang='lat' dir='ltr'><strong>magis</strong></span> <span class='ocrx_word' id='word_1_611' title='bbox 1312 2236 1420 2270; x_wconf 75' lang='lat' dir='ltr'><strong>signant</strong></span> <span class='ocrx_word' id='word_1_612' title='bbox 1435 2244 1561 2264; x_wconf 82' lang='lat' dir='ltr'><strong>exerens.</strong></span> <span class='ocrx_word' id='word_1_613' title='bbox 1583 2235 1670 2264; x_wconf 84' lang='lat' dir='ltr'><strong>Jussit</strong></span> <span class='ocrx_word' id='word_1_614' title='bbox 1690 2241 1781 2264; x_wconf 86' lang='lat' dir='ltr'><strong>autent</strong></span> <span class='ocrx_word' id='word_1_615' title='bbox 1803 2245 1819 2264; x_wconf 84' lang='lat'><strong>6</strong></span> 
     </span>
    </p>
   </div>
   <div class='ocr_carea' id='block_1_93' title="bbox 189 2281 974 2319">
    <p class='ocr_par' dir='ltr' id='par_1_93' title="bbox 189 2281 974 2319">
     <span class='ocr_line' id='line_1_93' title="bbox 189 2281 974 2319; baseline -0.009 -4"><span class='ocrx_word' id='word_1_616' title='bbox 189 2289 318 2315; x_wconf 82' lang='grc' dir='ltr'>ἐκέλευσε</span> <span class='ocrx_word' id='word_1_617' title='bbox 340 2287 368 2314; x_wconf 87' lang='grc' dir='ltr'>δὲ</span> <span class='ocrx_word' id='word_1_618' title='bbox 384 2288 416 2313; x_wconf 85' lang='grc' dir='ltr'><strong>ἐκ</strong></span> <span class='ocrx_word' id='word_1_619' title='bbox 436 2286 491 2313; x_wconf 85' lang='grc' dir='ltr'>τῶν</span> <span class='ocrx_word' id='word_1_620' title='bbox 508 2285 629 2319; x_wconf 76' lang='grc' dir='ltr'>ὀψαρίων</span> <span class='ocrx_word' id='word_1_621' title='bbox 647 2281 684 2310; x_wconf 84' lang='grc' dir='ltr'>ὢν</span> <span class='ocrx_word' id='word_1_622' title='bbox 706 2284 821 2310; x_wconf 75' lang='grc' dir='ltr'>ἐπίασαν</span> <span class='ocrx_word' id='word_1_623' title='bbox 841 2283 974 2316; x_wconf 77' lang='grc' dir='ltr'>ἐνεγκεῖν,</span> 
     </span>
    </p>
   </div>
   <div class='ocr_carea' id='block_1_94' title="bbox 190 2328 976 2368">
    <p class='ocr_par' dir='ltr' id='par_1_94' title="bbox 190 2328 976 2368">
     <span class='ocr_line' id='line_1_94' title="bbox 190 2328 976 2368; baseline -0.008 -7"><span class='ocrx_word' id='word_1_624' title='bbox 190 2334 297 2365; x_wconf 80' lang='grc' dir='ltr'>δεικνὺς</span> <span class='ocrx_word' id='word_1_625' title='bbox 315 2334 356 2360; x_wconf 82' lang='grc' dir='ltr'>ὅτι</span> <span class='ocrx_word' id='word_1_626' title='bbox 373 2333 403 2359; x_wconf 77' lang='grc' dir='ltr'>τὸ</span> <span class='ocrx_word' id='word_1_627' title='bbox 417 2332 556 2368; x_wconf 74' lang='grc' dir='ltr'>ὁρώμενον</span> <span class='ocrx_word' id='word_1_628' title='bbox 571 2331 620 2357; x_wconf 76' lang='grc' dir='ltr'>οὐκ</span> <span class='ocrx_word' id='word_1_629' title='bbox 639 2328 673 2365; x_wconf 79' lang='grc' dir='ltr'>ἦν</span> <span class='ocrx_word' id='word_1_630' title='bbox 689 2329 836 2364; x_wconf 80' lang='grc' dir='ltr'>φάντασμα</span> <span class='ocrx_word' id='word_1_631' title='bbox 847 2336 854 2343; x_wconf 88' lang='grc'><strong>·</strong></span> <span class='ocrx_word' id='word_1_632' title='bbox 873 2330 920 2356; x_wconf 86' lang='grc' dir='ltr'>καὶ</span> <span class='ocrx_word' id='word_1_633' title='bbox 934 2330 976 2355; x_wconf 79' lang='grc' dir='ltr'>ὅτι</span> 
     </span>
    </p>
   </div>
   <div class='ocr_carea' id='block_1_95' title="bbox 192 2375 974 2414">
    <p class='ocr_par' dir='ltr' id='par_1_95' title="bbox 192 2375 974 2414">
     <span class='ocr_line' id='line_1_95' title="bbox 192 2375 974 2414; baseline -0.006 -9"><span class='ocrx_word' id='word_1_634' title='bbox 192 2379 242 2414; x_wconf 83' lang='grc' dir='ltr'>μὲν</span> <span class='ocrx_word' id='word_1_635' title='bbox 258 2379 338 2409; x_wconf 77' lang='grc' dir='ltr'>αὐτὸς</span> <span class='ocrx_word' id='word_1_636' title='bbox 354 2376 398 2412; x_wconf 78' lang='grc' dir='ltr'>ἦν,</span> <span class='ocrx_word' id='word_1_637' title='bbox 415 2377 526 2413; x_wconf 74' lang='grc' dir='ltr'>ᾔδεσαν,</span> <span class='ocrx_word' id='word_1_638' title='bbox 542 2376 592 2403; x_wconf 81' lang='grc' dir='ltr'>κᾶν</span> <span class='ocrx_word' id='word_1_639' title='bbox 607 2375 686 2411; x_wconf 77' lang='grc' dir='ltr'>ξένην</span> <span class='ocrx_word' id='word_1_640' title='bbox 707 2375 832 2410; x_wconf 66' lang='grc' dir='ltr'>ἐπιφέρει</span> <span class='ocrx_word' id='word_1_641' title='bbox 844 2375 892 2410; x_wconf 79' lang='grc' dir='ltr'>τὴν</span> <span class='ocrx_word' id='word_1_642' title='bbox 909 2383 974 2410; x_wconf 80' lang='grc' dir='ltr'>μορ-</span> 
     </span>
    </p>
   </div>
   <div class='ocr_carea' id='block_1_96' title="bbox 191 2420 638 2459">
    <p class='ocr_par' dir='ltr' id='par_1_96' title="bbox 191 2420 638 2459">
     <span class='ocr_line' id='line_1_96' title="bbox 191 2420 638 2459; baseline -0.009 -9"><span class='ocrx_word' id='word_1_643' title='bbox 191 2424 261 2459; x_wconf 77' lang='grc' dir='ltr'>φήν·</span> <span class='ocrx_word' id='word_1_644' title='bbox 280 2422 428 2458; x_wconf 76' lang='grc' dir='ltr'>ἐφοὸοὗντο</span> <span class='ocrx_word' id='word_1_645' title='bbox 444 2421 472 2448; x_wconf 81' lang='grc' dir='ltr'>δὲ</span> <span class='ocrx_word' id='word_1_646' title='bbox 491 2420 638 2457; x_wconf 72' lang='grc' dir='ltr'>ἐρωτῆσαι.</span> 
     </span>
    </p>
   </div>
   <div class='ocr_carea' id='block_1_97' title="bbox 221 2464 977 2505">
    <p class='ocr_par' dir='ltr' id='par_1_97' title="bbox 221 2464 977 2505">
     <span class='ocr_line' id='line_1_97' title="bbox 221 2464 977 2505; baseline -0.008 -9"><span class='ocrx_word' id='word_1_647' title='bbox 221 2469 273 2496; x_wconf 81' lang='grc' dir='ltr'>Διὰ</span> <span class='ocrx_word' id='word_1_648' title='bbox 290 2469 316 2495; x_wconf 92' lang='grc' dir='ltr'>τ(</span> <span class='ocrx_word' id='word_1_649' title='bbox 332 2469 422 2505; x_wconf 79' lang='grc' dir='ltr'>ἐρωτᾷ</span> <span class='ocrx_word' id='word_1_650' title='bbox 447 2467 529 2494; x_wconf 79' lang='grc' dir='ltr'>αὑτοῦ</span> <span class='ocrx_word' id='word_1_651' title='bbox 551 2466 583 2502; x_wconf 72' lang='grc' dir='ltr'><strong>[Γ.</strong></span> <span class='ocrx_word' id='word_1_652' title='bbox 605 2465 698 2502; x_wconf 55' lang='grc' dir='ltr'>αὐτὴν]</span> <span class='ocrx_word' id='word_1_653' title='bbox 713 2465 804 2500; x_wconf 87' lang='grc' dir='ltr'>τρίτον</span> <span class='ocrx_word' id='word_1_654' title='bbox 820 2465 860 2494; x_wconf 70' lang='grc' dir='ltr'><strong>τὸ.</strong></span> <span class='ocrx_word' id='word_1_655' title='bbox 878 2464 977 2497; x_wconf 74' lang='grc' dir='ltr'>Φιλεῖς</span> 
     </span>
    </p>
   </div>
   <div class='ocr_carea' id='block_1_98' title="bbox 187 2512 976 2551">
    <p class='ocr_par' dir='ltr' id='par_1_98' title="bbox 187 2512 976 2551">
     <span class='ocr_line' id='line_1_98' title="bbox 187 2512 976 2551; baseline -0.005 -9"><span class='ocrx_word' id='word_1_656' title='bbox 187 2524 225 2551; x_wconf 69' lang='grc' dir='ltr'><strong>με</strong></span> <span class='ocrx_word' id='word_1_657' title='bbox 237 2523 247 2548; x_wconf 84' lang='grc'><em>;</em></span> <span class='ocrx_word' id='word_1_658' title='bbox 259 2515 296 2541; x_wconf 80' lang='grc' dir='ltr'><strong>Τὸ</strong></span> <span class='ocrx_word' id='word_1_659' title='bbox 308 2514 418 2550; x_wconf 80' lang='grc' dir='ltr'>τρισσὸν</span> <span class='ocrx_word' id='word_1_660' title='bbox 429 2514 580 2548; x_wconf 73' lang='grc' dir='ltr'>ἐξαλείφων</span> <span class='ocrx_word' id='word_1_661' title='bbox 589 2513 639 2548; x_wconf 75' lang='grc' dir='ltr'>τῆς</span> <span class='ocrx_word' id='word_1_662' title='bbox 650 2513 802 2548; x_wconf 82' lang='grc' dir='ltr'>ἀρνήσεως,</span> <span class='ocrx_word' id='word_1_663' title='bbox 813 2513 860 2538; x_wconf 70' lang='grc' dir='ltr'>καὶ</span> <span class='ocrx_word' id='word_1_664' title='bbox 870 2512 976 2543; x_wconf 79' lang='grc' dir='ltr'>δεικνὺς</span> 
     </span>
    </p>
   </div>
   <div class='ocr_carea' id='block_1_99' title="bbox 188 2558 975 2597">
    <p class='ocr_par' dir='ltr' id='par_1_99' title="bbox 188 2558 975 2597">
     <span class='ocr_line' id='line_1_99' title="bbox 188 2558 975 2597; baseline -0.006 -8"><span class='ocrx_word' id='word_1_665' title='bbox 188 2563 252 2589; x_wconf 80' lang='grc' dir='ltr'>ὅσου</span> <span class='ocrx_word' id='word_1_666' title='bbox 267 2571 293 2588; x_wconf 90' lang='grc' dir='ltr'><strong>τι</strong></span> <span class='ocrx_word' id='word_1_667' title='bbox 298 2562 384 2597; x_wconf 79' lang='grc' dir='ltr'>μᾶται</span> <span class='ocrx_word' id='word_1_668' title='bbox 394 2560 444 2593; x_wconf 84' lang='grc' dir='ltr'>τὴν</span> <span class='ocrx_word' id='word_1_669' title='bbox 458 2559 627 2595; x_wconf 83' lang='grc' dir='ltr'>προστασίαν</span> <span class='ocrx_word' id='word_1_670' title='bbox 638 2559 692 2585; x_wconf 86' lang='grc' dir='ltr'>τῶν</span> <span class='ocrx_word' id='word_1_671' title='bbox 701 2558 809 2585; x_wconf 84' lang='grc' dir='ltr'>οίκείων</span> <span class='ocrx_word' id='word_1_672' title='bbox 821 2558 975 2593; x_wconf 74' lang='grc' dir='ltr'>προὸάτων·</span> 
     </span>
    </p>
   </div>
   <div class='ocr_carea' id='block_1_100' title="bbox 187 2605 790 2642">
    <p class='ocr_par' dir='ltr' id='par_1_100' title="bbox 187 2605 790 2642">
     <span class='ocr_line' id='line_1_100' title="bbox 187 2605 790 2642; baseline -0.005 -8"><span class='ocrx_word' id='word_1_673' title='bbox 187 2607 263 2642; x_wconf 85' lang='grc' dir='ltr'>λέγει</span> <span class='ocrx_word' id='word_1_674' title='bbox 282 2607 337 2642; x_wconf 73' lang='grc' dir='ltr'><strong>γὰρ</strong></span> <span class='ocrx_word' id='word_1_675' title='bbox 350 2606 445 2638; x_wconf 81' lang='grc' dir='ltr'>εὺθὺς’</span> <span class='ocrx_word' id='word_1_676' title='bbox 461 2606 560 2633; x_wconf 74' lang='grc' dir='ltr'>Βόσκε</span> <span class='ocrx_word' id='word_1_677' title='bbox 573 2605 608 2632; x_wconf 86' lang='grc' dir='ltr'>τὰ</span> <span class='ocrx_word' id='word_1_678' title='bbox 617 2605 706 2639; x_wconf 79' lang='grc' dir='ltr'>ἀρνία</span> <span class='ocrx_word' id='word_1_679' title='bbox 719 2613 790 2639; x_wconf 86' lang='grc' dir='ltr'>μου.</span> 
     </span>
    </p>
   </div>
   <div class='ocr_carea' id='block_1_101' title="bbox 225 2647 976 2687">
    <p class='ocr_par' dir='ltr' id='par_1_101' title="bbox 225 2647 976 2687">
     <span class='ocr_line' id='line_1_101' title="bbox 225 2647 976 2687; baseline -0.004 -8"><span class='ocrx_word' id='word_1_680' title='bbox 225 2653 290 2679; x_wconf 85' lang='grc' dir='ltr'><strong>Ὅτι</strong></span> <span class='ocrx_word' id='word_1_681' title='bbox 308 2653 356 2678; x_wconf 74' lang='grc' dir='ltr'>ἐπὶ</span> <span class='ocrx_word' id='word_1_682' title='bbox 373 2653 420 2679; x_wconf 82' lang='grc' dir='ltr'>τοῦ</span> <span class='ocrx_word' id='word_1_683' title='bbox 439 2651 556 2687; x_wconf 82' lang='grc' dir='ltr'>σταυροῦ</span> <span class='ocrx_word' id='word_1_684' title='bbox 572 2651 674 2682; x_wconf 85' lang='grc' dir='ltr'>τέλειος</span> <span class='ocrx_word' id='word_1_685' title='bbox 690 2651 760 2685; x_wconf 82' lang='grc' dir='ltr'>ἀνὴρ</span> <span class='ocrx_word' id='word_1_686' title='bbox 776 2647 810 2685; x_wconf 75' lang='grc' dir='ltr'>ἦν</span> <span class='ocrx_word' id='word_1_687' title='bbox 824 2649 839 2674; x_wconf 82' lang='grc' dir='ltr'>ὁ</span> <span class='ocrx_word' id='word_1_688' title='bbox 864 2649 976 2684; x_wconf 84' lang='grc' dir='ltr'>Πέτρος.</span> 
     </span>
    </p>
   </div>
   <div class='ocr_carea' id='block_1_102' title="bbox 189 2694 975 2734">
    <p class='ocr_par' dir='ltr' id='par_1_102' title="bbox 189 2694 975 2734">
     <span class='ocr_line' id='line_1_102' title="bbox 189 2694 975 2734; baseline -0.004 -9"><span class='ocrx_word' id='word_1_689' title='bbox 189 2699 271 2733; x_wconf 83' lang='grc' dir='ltr'>Λέγει</span> <span class='ocrx_word' id='word_1_690' title='bbox 287 2699 342 2734; x_wconf 83' lang='grc' dir='ltr'>γὰρ</span> <span class='ocrx_word' id='word_1_691' title='bbox 355 2698 370 2725; x_wconf 83' lang='grc' dir='ltr'><strong>ό</strong></span> <span class='ocrx_word' id='word_1_692' title='bbox 383 2697 501 2733; x_wconf 83' lang='grc' dir='ltr'>Χριστός</span> <span class='ocrx_word' id='word_1_693' title='bbox 514 2705 520 2712; x_wconf 88' lang='grc'><strong>·</strong></span> <span class='ocrx_word' id='word_1_694' title='bbox 534 2697 604 2724; x_wconf 79' lang='grc' dir='ltr'>’Ὅτε</span> <span class='ocrx_word' id='word_1_695' title='bbox 619 2695 655 2732; x_wconf 76' lang='grc' dir='ltr'>ἧς</span> <span class='ocrx_word' id='word_1_696' title='bbox 667 2696 810 2730; x_wconf 81' lang='grc' dir='ltr'>’νεώτερος</span> <span class='ocrx_word' id='word_1_697' title='bbox 821 2704 827 2710; x_wconf 94' lang='grc'><strong>·</strong></span> <span class='ocrx_word' id='word_1_698' title='bbox 844 2694 903 2722; x_wconf 76' lang='grc' dir='ltr'>εἶτα</span> <span class='ocrx_word' id='word_1_699' title='bbox 918 2697 975 2729; x_wconf 79' lang='grc' dir='ltr'>καὶ,</span> 
     </span>
    </p>
   </div>
   <div class='ocr_carea' id='block_1_103' title="bbox 190 2743 471 2779">
    <p class='ocr_par' dir='ltr' id='par_1_103' title="bbox 190 2743 471 2779">
     <span class='ocr_line' id='line_1_103' title="bbox 190 2743 471 2779; baseline 0 -9"><span class='ocrx_word' id='word_1_700' title='bbox 190 2744 252 2770; x_wconf 80' lang='grc' dir='ltr'><strong>”οτ’</strong></span> <span class='ocrx_word' id='word_1_701' title='bbox 268 2744 306 2771; x_wconf 82' lang='grc' dir='ltr'><strong>ἂν</strong></span> <span class='ocrx_word' id='word_1_702' title='bbox 325 2743 471 2779; x_wconf 76' lang='grc' dir='ltr'>γηράσῃς.</span> 
     </span>
    </p>
   </div>
   <div class='ocr_carea' id='block_1_104' title="bbox 224 2787 977 2825">
    <p class='ocr_par' dir='ltr' id='par_1_104' title="bbox 224 2787 977 2825">
     <span class='ocr_line' id='line_1_104' title="bbox 224 2787 977 2825; baseline -0.003 -9"><span class='ocrx_word' id='word_1_703' title='bbox 224 2789 257 2815; x_wconf 91' lang='grc' dir='ltr'>Τί</span> <span class='ocrx_word' id='word_1_704' title='bbox 272 2789 399 2825; x_wconf 82' lang='grc' dir='ltr'>σημαίνει</span> <span class='ocrx_word' id='word_1_705' title='bbox 412 2790 441 2816; x_wconf 85' lang='grc' dir='ltr'><strong>ἐν</strong></span> <span class='ocrx_word' id='word_1_706' title='bbox 452 2788 491 2824; x_wconf 79' lang='grc' dir='ltr'><strong>τῷ</strong></span> <span class='ocrx_word' id='word_1_707' title='bbox 506 2788 596 2823; x_wconf 82' lang='grc' dir='ltr'>λέγειν</span> <span class='ocrx_word' id='word_1_708' title='bbox 606 2794 614 2802; x_wconf 87' lang='grc'><strong>·</strong></span> <span class='ocrx_word' id='word_1_709' title='bbox 630 2788 709 2820; x_wconf 78' lang='grc' dir='ltr'>Ποίῳ</span> <span class='ocrx_word' id='word_1_710' title='bbox 725 2787 841 2820; x_wconf 80' lang='grc' dir='ltr'>θανάτῳ</span> <span class='ocrx_word' id='word_1_711' title='bbox 853 2787 977 2820; x_wconf 79' lang='grc' dir='ltr'>δοξάσει</span> 
     </span>
    </p>
   </div>
   <div class='ocr_carea' id='block_1_105' title="bbox 190 2833 975 2869">
    <p class='ocr_par' dir='ltr' id='par_1_105' title="bbox 190 2833 975 2869">
     <span class='ocr_line' id='line_1_105' title="bbox 190 2833 975 2869; baseline -0.003 -7"><span class='ocrx_word' id='word_1_712' title='bbox 190 2835 244 2862; x_wconf 84' lang='grc' dir='ltr'><strong>τὸν</strong></span> <span class='ocrx_word' id='word_1_713' title='bbox 265 2835 513 2868; x_wconf 81' lang='grc' dir='ltr'>Θεὸν;Δείκνυσιν</span> <span class='ocrx_word' id='word_1_714' title='bbox 526 2834 568 2861; x_wconf 84' lang='grc' dir='ltr'>ὅτι</span> <span class='ocrx_word' id='word_1_715' title='bbox 593 2834 623 2861; x_wconf 79' lang='grc' dir='ltr'>τὸ</span> <span class='ocrx_word' id='word_1_716' title='bbox 640 2833 710 2869; x_wconf 84' lang='grc' dir='ltr'>ὑπὲρ</span> <span class='ocrx_word' id='word_1_717' title='bbox 732 2833 851 2869; x_wconf 79' lang='grc' dir='ltr'>Χριστοῦ</span> <span class='ocrx_word' id='word_1_718' title='bbox 869 2834 975 2866; x_wconf 75' lang='grc' dir='ltr'>παθεῖν,</span> 
     </span>
    </p>
   </div>
   <div class='ocr_carea' id='block_1_106' title="bbox 191 2879 715 2916">
    <p class='ocr_par' dir='ltr' id='par_1_106' title="bbox 191 2879 715 2916">
     <span class='ocr_line' id='line_1_106' title="bbox 191 2879 715 2916; baseline -0.002 -10"><span class='ocrx_word' id='word_1_719' title='bbox 191 2880 255 2913; x_wconf 79' lang='grc' dir='ltr'>δόξα</span> <span class='ocrx_word' id='word_1_720' title='bbox 272 2880 319 2907; x_wconf 83' lang='grc' dir='ltr'>τοῦ</span> <span class='ocrx_word' id='word_1_721' title='bbox 339 2880 490 2916; x_wconf 83' lang='grc' dir='ltr'>πάσχοντὸς</span> <span class='ocrx_word' id='word_1_722' title='bbox 503 2881 561 2907; x_wconf 77' lang='grc' dir='ltr'>ἐστι</span> <span class='ocrx_word' id='word_1_723' title='bbox 577 2879 625 2906; x_wconf 81' lang='grc' dir='ltr'>καὶ</span> <span class='ocrx_word' id='word_1_724' title='bbox 637 2880 715 2915; x_wconf 87' lang='grc' dir='ltr'>τιμή.</span> 
     </span>
    </p>
   </div>
   <div class='ocr_carea' id='block_1_107' title="bbox 299 2928 627 2960">
    <p class='ocr_par' dir='ltr' id='par_1_107' title="bbox 299 2928 627 2960">
     <span class='ocr_line' id='line_1_107' title="bbox 299 2928 627 2960; baseline 0 -2"><span class='ocrx_word' id='word_1_725' title='bbox 299 2928 438 2960; x_wconf 79' lang='grc' dir='ltr'>ΡΑΤιιοι.</span> <span class='ocrx_word' id='word_1_726' title='bbox 458 2929 516 2960; x_wconf 81' lang='lat' dir='ltr'><strong>Gtt.</strong></span> <span class='ocrx_word' id='word_1_727' title='bbox 547 2928 627 2959; x_wconf 76' lang='lat' dir='ltr'><strong>CVI.</strong></span> 
     </span>
    </p>
   </div>
   <div class='ocr_carea' id='block_1_108' title="bbox 1027 2281 1818 2317">
    <p class='ocr_par' dir='ltr' id='par_1_108' title="bbox 1027 2281 1818 2317">
     <span class='ocr_line' id='line_1_108' title="bbox 1027 2281 1818 2317; baseline 0.001 -9"><span class='ocrx_word' id='word_1_728' title='bbox 1027 2281 1149 2315; x_wconf 84' lang='lat' dir='ltr'><strong>piscibus</strong></span> <span class='ocrx_word' id='word_1_729' title='bbox 1159 2288 1229 2316; x_wconf 86' lang='lat' dir='ltr'><strong>quos</strong></span> <span class='ocrx_word' id='word_1_730' title='bbox 1241 2287 1369 2316; x_wconf 84' lang='lat' dir='ltr'><strong>ceperant</strong></span> <span class='ocrx_word' id='word_1_731' title='bbox 1381 2281 1490 2313; x_wconf 76' lang='lat' dir='ltr'><strong>aﬂerre,</strong></span> <span class='ocrx_word' id='word_1_732' title='bbox 1499 2282 1648 2310; x_wconf 75' lang='lat' dir='ltr'><strong>ostendens</strong></span> <span class='ocrx_word' id='word_1_733' title='bbox 1662 2282 1726 2317; x_wconf 82' lang='lat' dir='ltr'><strong>quia</strong></span> <span class='ocrx_word' id='word_1_734' title='bbox 1746 2283 1818 2316; x_wconf 70' lang='lat' dir='ltr'><strong>quod</strong></span> 
     </span>
    </p>
   </div>
   <div class='ocr_carea' id='block_1_109' title="bbox 1028 2326 1819 2363">
    <p class='ocr_par' dir='ltr' id='par_1_109' title="bbox 1028 2326 1819 2363">
     <span class='ocr_line' id='line_1_109' title="bbox 1028 2326 1819 2363; baseline 0.003 -10"><span class='ocrx_word' id='word_1_735' title='bbox 1028 2326 1155 2354; x_wconf 89' lang='lat' dir='ltr'><strong>videbant</strong></span> <span class='ocrx_word' id='word_1_736' title='bbox 1171 2328 1334 2361; x_wconf 85' lang='lat' dir='ltr'><strong>phantasma</strong></span> <span class='ocrx_word' id='word_1_737' title='bbox 1362 2336 1415 2354; x_wconf 85' lang='lat' dir='ltr'><strong>non</strong></span> <span class='ocrx_word' id='word_1_738' title='bbox 1433 2333 1502 2355; x_wconf 85' lang='lat' dir='ltr'><strong>crat.</strong></span> <span class='ocrx_word' id='word_1_739' title='bbox 1528 2327 1561 2355; x_wconf 87' lang='lat' dir='ltr'><strong>Et</strong></span> <span class='ocrx_word' id='word_1_740' title='bbox 1577 2328 1649 2363; x_wconf 84' lang='lat' dir='ltr'><strong>quod</strong></span> <span class='ocrx_word' id='word_1_741' title='bbox 1674 2329 1732 2363; x_wconf 89' lang='lat' dir='ltr'><strong>ipse</strong></span> <span class='ocrx_word' id='word_1_742' title='bbox 1746 2333 1819 2355; x_wconf 84' lang='lat' dir='ltr'><strong>esset</strong></span> 
     </span>
    </p>
   </div>
   <div class='ocr_carea' id='block_1_110' title="bbox 1027 2372 1820 2409">
    <p class='ocr_par' dir='ltr' id='par_1_110' title="bbox 1027 2372 1820 2409">
     <span class='ocr_line' id='line_1_110' title="bbox 1027 2372 1820 2409; baseline 0.003 -10"><span class='ocrx_word' id='word_1_743' title='bbox 1027 2372 1163 2405; x_wconf 84' lang='lat' dir='ltr'><strong>viderunt,</strong></span> <span class='ocrx_word' id='word_1_744' title='bbox 1177 2373 1301 2408; x_wconf 84' lang='lat' dir='ltr'><strong>quamvis</strong></span> <span class='ocrx_word' id='word_1_745' title='bbox 1312 2374 1430 2401; x_wconf 85' lang='lat' dir='ltr'><strong>alienum</strong></span> <span class='ocrx_word' id='word_1_746' title='bbox 1445 2381 1541 2408; x_wconf 77' lang='lat' dir='ltr'><strong>gerens</strong></span> <span class='ocrx_word' id='word_1_747' title='bbox 1553 2379 1707 2409; x_wconf 79' lang='lat' dir='ltr'><strong>aspectum.</strong></span> <span class='ocrx_word' id='word_1_748' title='bbox 1725 2373 1746 2401; x_wconf 83' lang='grc' dir='ltr'>Τ</span> <span class='ocrx_word' id='word_1_749' title='bbox 1750 2375 1820 2402; x_wconf 80' lang='lat' dir='ltr'><strong>inie-</strong></span> 
     </span>
    </p>
   </div>
   <div class='ocr_carea' id='block_1_111' title="bbox 1027 2417 1396 2453">
    <p class='ocr_par' dir='ltr' id='par_1_111' title="bbox 1027 2417 1396 2453">
     <span class='ocr_line' id='line_1_111' title="bbox 1027 2417 1396 2453; baseline 0.005 -9"><span class='ocrx_word' id='word_1_750' title='bbox 1027 2417 1092 2444; x_wconf 89' lang='lat' dir='ltr'><strong>bant</strong></span> <span class='ocrx_word' id='word_1_751' title='bbox 1107 2423 1198 2445; x_wconf 79' lang='lat' dir='ltr'><strong>autern</strong></span> <span class='ocrx_word' id='word_1_752' title='bbox 1217 2419 1396 2453; x_wconf 81' lang='lat' dir='ltr'><strong>interrogare.</strong></span> 
     </span>
    </p>
   </div>
   <div class='ocr_carea' id='block_1_112' title="bbox 1065 2462 1819 2500">
    <p class='ocr_par' dir='ltr' id='par_1_112' title="bbox 1065 2462 1819 2500">
     <span class='ocr_line' id='line_1_112' title="bbox 1065 2462 1819 2500; baseline 0.003 -11"><span class='ocrx_word' id='word_1_753' title='bbox 1065 2462 1149 2491; x_wconf 67' lang='lat' dir='ltr'><strong>Vens.</strong></span> <span class='ocrx_word' id='word_1_754' title='bbox 1169 2464 1212 2490; x_wconf 82' lang='lat' dir='ltr'><strong>l7.</strong></span> <span class='ocrx_word' id='word_1_755' title='bbox 1238 2465 1293 2492; x_wconf 88' lang='lat' dir='ltr'><strong>Cur</strong></span> <span class='ocrx_word' id='word_1_756' title='bbox 1318 2466 1468 2500; x_wconf 76' lang='lat' dir='ltr'><strong>interrogat</strong></span> <span class='ocrx_word' id='word_1_757' title='bbox 1492 2473 1554 2492; x_wconf 87' lang='lat' dir='ltr'><strong>eum</strong></span> <span class='ocrx_word' id='word_1_758' title='bbox 1586 2470 1636 2498; x_wconf 85' lang='lat' dir='ltr'><strong>ter,</strong></span> <span class='ocrx_word' id='word_1_759' title='bbox 1664 2466 1746 2492; x_wconf 68' lang='lat' dir='ltr'><strong>Amas</strong></span> <span class='ocrx_word' id='word_1_760' title='bbox 1761 2465 1819 2492; x_wconf 83' lang='lat' dir='ltr'><strong>me?</strong></span> 
     </span>
    </p>
   </div>
   <div class='ocr_carea' id='block_1_113' title="bbox 1029 2510 1819 2546">
    <p class='ocr_par' dir='ltr' id='par_1_113' title="bbox 1029 2510 1819 2546">
     <span class='ocr_line' id='line_1_113' title="bbox 1029 2510 1819 2546; baseline 0.003 -10"><span class='ocrx_word' id='word_1_761' title='bbox 1029 2510 1128 2536; x_wconf 87' lang='lat' dir='ltr'><strong>trinam</strong></span> <span class='ocrx_word' id='word_1_762' title='bbox 1146 2510 1286 2537; x_wconf 89' lang='lat' dir='ltr'><strong>utdeleret</strong></span> <span class='ocrx_word' id='word_1_763' title='bbox 1303 2512 1487 2545; x_wconf 79' lang='lat' dir='ltr'><strong>negationem,</strong></span> <span class='ocrx_word' id='word_1_764' title='bbox 1504 2516 1533 2539; x_wconf 89' lang='lat' dir='ltr'><strong>et</strong></span> <span class='ocrx_word' id='word_1_765' title='bbox 1551 2511 1709 2539; x_wconf 88' lang='lat' dir='ltr'><strong>ostenderet</strong></span> <span class='ocrx_word' id='word_1_766' title='bbox 1723 2512 1819 2546; x_wconf 84' lang='lat' dir='ltr'><strong>quanti</strong></span> 
     </span>
    </p>
   </div>
   <div class='ocr_carea' id='block_1_114' title="bbox 1028 2554 1819 2589">
    <p class='ocr_par' dir='ltr' id='par_1_114' title="bbox 1028 2554 1819 2589">
     <span class='ocr_line' id='line_1_114' title="bbox 1028 2554 1819 2589; baseline 0.001 -8"><span class='ocrx_word' id='word_1_767' title='bbox 1028 2554 1144 2581; x_wconf 66' lang='lat' dir='ltr'><strong>aestimet</strong></span> <span class='ocrx_word' id='word_1_768' title='bbox 1163 2554 1352 2588; x_wconf 77' lang='lat' dir='ltr'><strong>praefecturam</strong></span> <span class='ocrx_word' id='word_1_769' title='bbox 1377 2563 1488 2583; x_wconf 85' lang='lat' dir='ltr'><strong>suarum</strong></span> <span class='ocrx_word' id='word_1_770' title='bbox 1515 2556 1627 2589; x_wconf 90' lang='lat' dir='ltr'><strong>ovium,</strong></span> <span class='ocrx_word' id='word_1_771' title='bbox 1653 2555 1719 2583; x_wconf 85' lang='lat' dir='ltr'><strong>dicit</strong></span> <span class='ocrx_word' id='word_1_772' title='bbox 1745 2556 1819 2583; x_wconf 89' lang='lat' dir='ltr'><strong>enim</strong></span> 
     </span>
    </p>
   </div>
   <div class='ocr_carea' id='block_1_115' title="bbox 1028 2600 1440 2636">
    <p class='ocr_par' dir='ltr' id='par_1_115' title="bbox 1028 2600 1440 2636">
     <span class='ocr_line' id='line_1_115' title="bbox 1028 2600 1440 2636; baseline 0.002 -9"><span class='ocrx_word' id='word_1_773' title='bbox 1028 2601 1120 2627; x_wconf 86' lang='lat' dir='ltr'><strong>statim</strong></span> <span class='ocrx_word' id='word_1_774' title='bbox 1137 2600 1241 2627; x_wconf 77' lang='lat' dir='ltr'><strong>:Pasre</strong></span> <span class='ocrx_word' id='word_1_775' title='bbox 1250 2609 1330 2636; x_wconf 83' lang='lat' dir='ltr'><strong>agnos</strong></span> <span class='ocrx_word' id='word_1_776' title='bbox 1350 2610 1440 2629; x_wconf 69' lang='lat' dir='ltr'><strong>ineas.-</strong></span> 
     </span>
    </p>
   </div>
   <div class='ocr_carea' id='block_1_116' title="bbox 1066 2646 1820 2683">
    <p class='ocr_par' dir='ltr' id='par_1_116' title="bbox 1066 2646 1820 2683">
     <span class='ocr_line' id='line_1_116' title="bbox 1066 2646 1820 2683; baseline 0.001 -10"><span class='ocrx_word' id='word_1_777' title='bbox 1066 2646 1148 2674; x_wconf 75' lang='lat' dir='ltr'><strong>Vens.</strong></span> <span class='ocrx_word' id='word_1_778' title='bbox 1170 2647 1210 2675; x_wconf 83' lang='lat' dir='ltr'><strong>I8.</strong></span> <span class='ocrx_word' id='word_1_779' title='bbox 1235 2649 1264 2674; x_wconf 89' lang='lat' dir='ltr'><strong>In</strong></span> <span class='ocrx_word' id='word_1_780' title='bbox 1284 2654 1406 2683; x_wconf 69' lang='lat' dir='ltr'><strong>trmporc</strong></span> <span class='ocrx_word' id='word_1_781' title='bbox 1430 2648 1619 2675; x_wconf 76' lang='lat' dir='ltr'><strong>erucilixionis</strong></span> <span class='ocrx_word' id='word_1_782' title='bbox 1641 2647 1751 2675; x_wconf 81' lang='lat' dir='ltr'><strong>adultus</strong></span> <span class='ocrx_word' id='word_1_783' title='bbox 1764 2647 1820 2682; x_wconf 88' lang='lat' dir='ltr'><strong>jam</strong></span> 
     </span>
    </p>
   </div>
   <div class='ocr_carea' id='block_1_117' title="bbox 1028 2693 1819 2730">
    <p class='ocr_par' dir='ltr' id='par_1_117' title="bbox 1028 2693 1819 2730">
     <span class='ocr_line' id='line_1_117' title="bbox 1028 2693 1819 2730; baseline 0 -10"><span class='ocrx_word' id='word_1_784' title='bbox 1028 2693 1070 2720; x_wconf 91' lang='lat' dir='ltr'><strong>vir</strong></span> <span class='ocrx_word' id='word_1_785' title='bbox 1084 2699 1143 2721; x_wconf 89' lang='lat' dir='ltr'><strong>erat</strong></span> <span class='ocrx_word' id='word_1_786' title='bbox 1157 2694 1273 2722; x_wconf 85' lang='lat' dir='ltr'><strong>Petrus:</strong></span> <span class='ocrx_word' id='word_1_787' title='bbox 1290 2695 1355 2722; x_wconf 88' lang='lat' dir='ltr'><strong>dicit</strong></span> <span class='ocrx_word' id='word_1_788' title='bbox 1368 2695 1440 2722; x_wconf 77' lang='lat' dir='ltr'><strong>enim</strong></span> <span class='ocrx_word' id='word_1_789' title='bbox 1457 2694 1595 2727; x_wconf 87' lang='lat' dir='ltr'><strong>Christus,</strong></span> <span class='ocrx_word' id='word_1_790' title='bbox 1611 2694 1679 2722; x_wconf 80' lang='lat' dir='ltr'><strong>Cum</strong></span> <span class='ocrx_word' id='word_1_791' title='bbox 1698 2694 1819 2730; x_wconf 76' lang='lat' dir='ltr'><strong>euesju-</strong></span> 
     </span>
    </p>
   </div>
   <div class='ocr_carea' id='block_1_118' title="bbox 1029 2739 1538 2772">
    <p class='ocr_par' dir='ltr' id='par_1_118' title="bbox 1029 2739 1538 2772">
     <span class='ocr_line' id='line_1_118' title="bbox 1029 2739 1538 2772; baseline 0.004 -6"><span class='ocrx_word' id='word_1_792' title='bbox 1029 2739 1098 2772; x_wconf 82' lang='lat' dir='ltr'><strong>nior,</strong></span> <span class='ocrx_word' id='word_1_793' title='bbox 1108 2739 1216 2771; x_wconf 85' lang='lat' dir='ltr'><strong>deinde.</strong></span> <span class='ocrx_word' id='word_1_794' title='bbox 1230 2740 1297 2768; x_wconf 87' lang='lat' dir='ltr'><strong>Cum</strong></span> <span class='ocrx_word' id='word_1_795' title='bbox 1309 2747 1396 2768; x_wconf 84' lang='lat' dir='ltr'><strong>autem</strong></span> <span class='ocrx_word' id='word_1_796' title='bbox 1411 2741 1538 2768; x_wconf 70' lang='lat' dir='ltr'><strong>tenueris.</strong></span> 
     </span>
    </p>
   </div>
   <div class='ocr_carea' id='block_1_119' title="bbox 1066 2785 1822 2822">
    <p class='ocr_par' dir='ltr' id='par_1_119' title="bbox 1066 2785 1822 2822">
     <span class='ocr_line' id='line_1_119' title="bbox 1066 2785 1822 2822; baseline -0.003 -8"><span class='ocrx_word' id='word_1_797' title='bbox 1066 2786 1150 2814; x_wconf 70' lang='lat' dir='ltr'><strong>Vens.</strong></span> <span class='ocrx_word' id='word_1_798' title='bbox 1160 2786 1283 2820; x_wconf 72' lang='lat' dir='ltr'><strong>i9.Quid</strong></span> <span class='ocrx_word' id='word_1_799' title='bbox 1293 2787 1428 2822; x_wconf 71' lang='lat' dir='ltr'><strong>signiﬁcat</strong></span> <span class='ocrx_word' id='word_1_800' title='bbox 1442 2786 1574 2815; x_wconf 83' lang='lat' dir='ltr'><strong>dicendo:</strong></span> <span class='ocrx_word' id='word_1_801' title='bbox 1589 2787 1649 2820; x_wconf 84' lang='lat' dir='ltr'><strong>Qua</strong></span> <span class='ocrx_word' id='word_1_802' title='bbox 1665 2791 1749 2814; x_wconf 77' lang='lat' dir='ltr'><strong>morte</strong></span> <span class='ocrx_word' id='word_1_803' title='bbox 1766 2785 1822 2822; x_wconf 88' lang='lat' dir='ltr'><strong>glo-</strong></span> 
     </span>
    </p>
   </div>
   <div class='ocr_carea' id='block_1_120' title="bbox 1029 2831 1822 2869">
    <p class='ocr_par' dir='ltr' id='par_1_120' title="bbox 1029 2831 1822 2869">
     <span class='ocr_line' id='line_1_120' title="bbox 1029 2831 1822 2869; baseline -0.004 -7"><span class='ocrx_word' id='word_1_804' title='bbox 1029 2835 1182 2869; x_wconf 74' lang='lat' dir='ltr'><strong>riﬁcaturus</strong></span> <span class='ocrx_word' id='word_1_805' title='bbox 1200 2837 1266 2860; x_wconf 72' lang='lat' dir='ltr'><strong>esset</strong></span> <span class='ocrx_word' id='word_1_806' title='bbox 1285 2832 1387 2860; x_wconf 84' lang='lat' dir='ltr'><strong>Deum?</strong></span> <span class='ocrx_word' id='word_1_807' title='bbox 1409 2831 1534 2861; x_wconf 87' lang='lat' dir='ltr'><strong>Ostendit</strong></span> <span class='ocrx_word' id='word_1_808' title='bbox 1551 2833 1604 2868; x_wconf 89' lang='lat' dir='ltr'><strong>pati</strong></span> <span class='ocrx_word' id='word_1_809' title='bbox 1629 2840 1678 2868; x_wconf 87' lang='lat' dir='ltr'><strong>pro</strong></span> <span class='ocrx_word' id='word_1_810' title='bbox 1699 2832 1822 2867; x_wconf 78' lang='lat' dir='ltr'><strong>Christo,</strong></span> 
     </span>
    </p>
   </div>
   <div class='ocr_carea' id='block_1_121' title="bbox 1030 2878 1564 2916">
    <p class='ocr_par' dir='ltr' id='par_1_121' title="bbox 1030 2878 1564 2916">
     <span class='ocr_line' id='line_1_121' title="bbox 1030 2878 1564 2916; baseline -0.004 -9"><span class='ocrx_word' id='word_1_811' title='bbox 1030 2880 1144 2916; x_wconf 74' lang='lat' dir='ltr'><strong>gloriam</strong></span> <span class='ocrx_word' id='word_1_812' title='bbox 1163 2878 1291 2915; x_wconf 84' lang='lat' dir='ltr'><strong>patientis</strong></span> <span class='ocrx_word' id='word_1_813' title='bbox 1307 2886 1368 2907; x_wconf 85' lang='lat' dir='ltr'><strong>esse</strong></span> <span class='ocrx_word' id='word_1_814' title='bbox 1380 2882 1407 2906; x_wconf 87' lang='lat' dir='ltr'><strong>et</strong></span> <span class='ocrx_word' id='word_1_815' title='bbox 1421 2878 1564 2906; x_wconf 85' lang='lat' dir='ltr'><strong>honorem.</strong></span> 
     </span>
    </p>
   </div>
  </div>
