  <div class='ocr_page' id='page_1' title='image "/cluster/home/n/w/nwhite01/storage/ocr_20150623/106/njp.32101077772901/705.png"; bbox 0 0 2076 3158; ppageno 0'>
   <div class='ocr_carea' id='block_1_1' title="bbox 249 170 318 203">
    <p class='ocr_par' dir='ltr' id='par_1_1' title="bbox 249 170 318 203">
     <span class='ocr_line' id='line_1_1' title="bbox 249 170 318 203; baseline 0 0"><span class='ocrx_word' id='word_1_1' title='bbox 249 170 318 203; x_wconf 71' lang='grc' dir='ltr'>12·ίῦ</span> 
     </span>
    </p>
   </div>
   <div class='ocr_carea' id='block_1_2' title="bbox 630 168 1428 202">
    <p class='ocr_par' dir='ltr' id='par_1_2' title="bbox 630 168 1428 202">
     <span class='ocr_line' id='line_1_2' title="bbox 630 168 1428 202; baseline -0.001 0"><span class='ocrx_word' id='word_1_2' title='bbox 630 171 825 202; x_wconf 78' lang='lat' dir='ltr'>OPUSCULA</span> <span class='ocrx_word' id='word_1_3' title='bbox 846 168 1059 200; x_wconf 76' lang='lat' dir='ltr'>Ll&#39;l‘URGlCA</span> <span class='ocrx_word' id='word_1_4' title='bbox 1079 169 1253 199; x_wconf 49' lang='lat' dir='ltr'>lNCEliTi&#39;E</span> <span class='ocrx_word' id='word_1_5' title='bbox 1273 171 1428 201; x_wconf 61' lang='lat' dir='ltr'>ETATIS.</span> 
     </span>
    </p>
   </div>
   <div class='ocr_carea' id='block_1_3' title="bbox 1814 174 1884 208">
    <p class='ocr_par' dir='ltr' id='par_1_3' title="bbox 1814 174 1884 208">
     <span class='ocr_line' id='line_1_3' title="bbox 1814 174 1884 208; baseline 0.029 -2"><span class='ocrx_word' id='word_1_6' title='bbox 1814 174 1884 208; x_wconf 71' lang='lat'>1296</span> 
     </span>
    </p>
   </div>
   <div class='ocr_carea' id='block_1_4' title="bbox 251 230 1054 267">
    <p class='ocr_par' dir='ltr' id='par_1_4' title="bbox 251 230 1044 265">
     <span class='ocr_line' id='line_1_4' title="bbox 251 230 1044 265; baseline -0.001 -8"><span class='ocrx_word' id='word_1_7' title='bbox 251 232 392 264; x_wconf 79' lang='lat' dir='ltr'><strong>orphanos</strong></span> <span class='ocrx_word' id='word_1_8' title='bbox 409 234 531 265; x_wconf 73' lang='lat' dir='ltr'><strong>protege,</strong></span> <span class='ocrx_word' id='word_1_9' title='bbox 546 230 668 264; x_wconf 83' lang='lat' dir='ltr'><strong>captivos</strong></span> <span class='ocrx_word' id='word_1_10' title='bbox 682 230 795 263; x_wconf 88' lang='lat' dir='ltr'><strong>redime,</strong></span> <span class='ocrx_word' id='word_1_11' title='bbox 825 234 945 264; x_wconf 68' lang='lat' dir='ltr'><strong>aegrotos</strong></span> <span class='ocrx_word' id='word_1_12' title='bbox 961 238 1044 258; x_wconf 84' lang='lat' dir='ltr'><strong>sana:</strong></span> 
     </span>
    </p>
   </div>
   <div class='ocr_carea' id='block_1_5' title="bbox 1093 230 1883 267">
    <p class='ocr_par' dir='ltr' id='par_1_5' title="bbox 1098 230 1883 267">
     <span class='ocr_line' id='line_1_5' title="bbox 1098 230 1883 267; baseline 0.004 -10"><span class='ocrx_word' id='word_1_13' title='bbox 1098 231 1150 258; x_wconf 85' lang='grc' dir='ltr'>ὑπὸ</span> <span class='ocrx_word' id='word_1_14' title='bbox 1187 230 1352 266; x_wconf 76' lang='grc' dir='ltr'>πνευμάτων</span> <span class='ocrx_word' id='word_1_15' title='bbox 1389 231 1553 266; x_wconf 81' lang='grc' dir='ltr'>ἀκαθάρτων</span> <span class='ocrx_word' id='word_1_16' title='bbox 1591 231 1792 267; x_wconf 75' lang='grc' dir='ltr'>ὲλευθέρωσον⁸</span> <span class='ocrx_word' id='word_1_17' title='bbox 1827 234 1883 264; x_wconf 78' lang='grc' dir='ltr'>τοῖς</span> 
     </span>
    </p>
   </div>
   <div class='ocr_carea' id='block_1_6' title="bbox 247 273 1043 310">
    <p class='ocr_par' dir='ltr' id='par_1_6' title="bbox 247 273 1043 310">
     <span class='ocr_line' id='line_1_6' title="bbox 247 273 1043 310; baseline -0.001 -8"><span class='ocrx_word' id='word_1_18' title='bbox 247 277 293 310; x_wconf 78' lang='lat' dir='ltr'><strong>qui</strong></span> <span class='ocrx_word' id='word_1_19' title='bbox 310 276 337 302; x_wconf 91' lang='lat' dir='ltr'>in</span> <span class='ocrx_word' id='word_1_20' title='bbox 356 275 523 307; x_wconf 83' lang='lat' dir='ltr'><strong>carceribus.</strong></span> <span class='ocrx_word' id='word_1_21' title='bbox 541 273 651 307; x_wconf 77' lang='lat' dir='ltr'><strong>fodinis,</strong></span> <span class='ocrx_word' id='word_1_22' title='bbox 663 275 779 308; x_wconf 83' lang='lat' dir='ltr'><strong>exsiliis,</strong></span> <span class='ocrx_word' id='word_1_23' title='bbox 791 275 888 302; x_wconf 85' lang='lat' dir='ltr'><strong>acerba</strong></span> <span class='ocrx_word' id='word_1_24' title='bbox 903 274 1043 304; x_wconf 87' lang='lat' dir='ltr'><strong>servitute.</strong></span> 
     </span>
    </p>
   </div>
   <div class='ocr_carea' id='block_1_7' title="bbox 247 321 1045 356">
    <p class='ocr_par' dir='ltr' id='par_1_7' title="bbox 247 321 1045 356">
     <span class='ocr_line' id='line_1_7' title="bbox 247 321 1045 356; baseline -0.005 -6"><span class='ocrx_word' id='word_1_25' title='bbox 247 322 357 350; x_wconf 87' lang='lat' dir='ltr'><strong>ctomni</strong></span> <span class='ocrx_word' id='word_1_26' title='bbox 373 321 529 352; x_wconf 80' lang='lat' dir='ltr'><strong>afﬂictione,</strong></span> <span class='ocrx_word' id='word_1_27' title='bbox 541 321 704 349; x_wconf 73' lang='lat' dir='ltr'>necessitate</span> <span class='ocrx_word' id='word_1_28' title='bbox 718 326 745 348; x_wconf 87' lang='lat' dir='ltr'>et</span> <span class='ocrx_word' id='word_1_29' title='bbox 756 321 879 356; x_wconf 87' lang='lat' dir='ltr'><strong>periculo</strong></span> <span class='ocrx_word' id='word_1_30' title='bbox 889 324 1045 351; x_wconf 83' lang='lat' dir='ltr'><strong>versantur,</strong></span> 
     </span>
    </p>
   </div>
   <div class='ocr_carea' id='block_1_8' title="bbox 248 365 1045 401">
    <p class='ocr_par' dir='ltr' id='par_1_8' title="bbox 248 365 1045 401">
     <span class='ocr_line' id='line_1_8' title="bbox 248 365 1045 401; baseline -0.004 -7"><span class='ocrx_word' id='word_1_31' title='bbox 248 376 343 396; x_wconf 79' lang='lat' dir='ltr'><strong>eorum</strong></span> <span class='ocrx_word' id='word_1_32' title='bbox 368 367 528 398; x_wconf 84' lang='lat' dir='ltr'><strong>recordare.</strong></span> <span class='ocrx_word' id='word_1_33' title='bbox 554 367 636 398; x_wconf 89' lang='lat' dir='ltr'><strong>Deus,</strong></span> <span class='ocrx_word' id='word_1_34' title='bbox 665 371 693 394; x_wconf 90' lang='lat' dir='ltr'>et</span> <span class='ocrx_word' id='word_1_35' title='bbox 711 367 834 394; x_wconf 92' lang='lat' dir='ltr'><strong>omnium</strong></span> <span class='ocrx_word' id='word_1_36' title='bbox 861 366 908 401; x_wconf 89' lang='lat' dir='ltr'><strong>qui</strong></span> <span class='ocrx_word' id='word_1_37' title='bbox 925 365 1045 393; x_wconf 86' lang='lat' dir='ltr'><strong>maxima</strong></span> 
     </span>
    </p>
   </div>
   <div class='ocr_carea' id='block_1_9' title="bbox 251 409 1046 448">
    <p class='ocr_par' dir='ltr' id='par_1_9' title="bbox 251 409 1046 448">
     <span class='ocr_line' id='line_1_9' title="bbox 251 409 1046 448; baseline 0 -10"><span class='ocrx_word' id='word_1_38' title='bbox 251 421 296 444; x_wconf 52' lang='lat' dir='ltr'><strong>tua</strong></span> <span class='ocrx_word' id='word_1_39' title='bbox 312 418 391 448; x_wconf 70' lang='lat' dir='ltr'><strong>egent</strong></span> <span class='ocrx_word' id='word_1_40' title='bbox 405 412 655 445; x_wconf 84' lang='lat' dir='ltr'><strong>commiseratione,</strong></span> <span class='ocrx_word' id='word_1_41' title='bbox 680 417 708 440; x_wconf 87' lang='lat' dir='ltr'>et</span> <span class='ocrx_word' id='word_1_42' title='bbox 719 413 766 447; x_wconf 92' lang='lat' dir='ltr'>qui</span> <span class='ocrx_word' id='word_1_43' title='bbox 785 420 834 440; x_wconf 87' lang='lat' dir='ltr'>nos</span> <span class='ocrx_word' id='word_1_44' title='bbox 862 412 988 447; x_wconf 73' lang='lat' dir='ltr'><strong>diligunt,</strong></span> <span class='ocrx_word' id='word_1_45' title='bbox 1003 409 1046 436; x_wconf 75' lang='lat' dir='ltr'>vel</span> 
     </span>
    </p>
   </div>
   <div class='ocr_carea' id='block_1_10' title="bbox 1095 276 1882 313">
    <p class='ocr_par' dir='ltr' id='par_1_10' title="bbox 1095 276 1882 313">
     <span class='ocr_line' id='line_1_10' title="bbox 1095 276 1882 313; baseline 0.003 -10"><span class='ocrx_word' id='word_1_46' title='bbox 1095 277 1206 303; x_wconf 80' lang='grc' dir='ltr'>πλέουσι</span> <span class='ocrx_word' id='word_1_47' title='bbox 1229 276 1420 311; x_wconf 78' lang='grc' dir='ltr'>σύμπλευσον·</span> <span class='ocrx_word' id='word_1_48' title='bbox 1445 278 1501 308; x_wconf 85' lang='grc' dir='ltr'>τοῖς</span> <span class='ocrx_word' id='word_1_49' title='bbox 1517 277 1687 313; x_wconf 79' lang='grc' dir='ltr'>ὑδοιποροῦσι</span> <span class='ocrx_word' id='word_1_50' title='bbox 1711 278 1882 306; x_wconf 77' lang='grc' dir='ltr'>συνόδευσον·</span> 
     </span>
    </p>
   </div>
   <div class='ocr_carea' id='block_1_11' title="bbox 1095 322 1886 360">
    <p class='ocr_par' dir='ltr' id='par_1_11' title="bbox 1095 322 1886 360">
     <span class='ocr_line' id='line_1_11' title="bbox 1095 322 1886 360; baseline 0.004 -12"><span class='ocrx_word' id='word_1_51' title='bbox 1095 323 1188 358; x_wconf 77' lang='grc' dir='ltr'>χηρῶν</span> <span class='ocrx_word' id='word_1_52' title='bbox 1208 322 1360 358; x_wconf 79' lang='grc' dir='ltr'>πρόστηθιο</span> <span class='ocrx_word' id='word_1_53' title='bbox 1376 322 1501 358; x_wconf 82' lang='grc' dir='ltr'>ὀρφανῶν</span> <span class='ocrx_word' id='word_1_54' title='bbox 1521 322 1726 358; x_wconf 78' lang='grc' dir='ltr'>ὑπεράσπισον·</span> <span class='ocrx_word' id='word_1_55' title='bbox 1744 324 1886 360; x_wconf 78' lang='grc' dir='ltr'>αίχμαλῶ-</span> 
     </span>
    </p>
   </div>
   <div class='ocr_carea' id='block_1_12' title="bbox 1095 367 1883 405">
    <p class='ocr_par' dir='ltr' id='par_1_12' title="bbox 1095 367 1883 405">
     <span class='ocr_line' id='line_1_12' title="bbox 1095 367 1883 405; baseline 0.004 -12"><span class='ocrx_word' id='word_1_56' title='bbox 1095 375 1158 399; x_wconf 85' lang='grc' dir='ltr'>τους</span> <span class='ocrx_word' id='word_1_57' title='bbox 1170 367 1266 403; x_wconf 79' lang='grc' dir='ltr'>ῥῦσαι·</span> <span class='ocrx_word' id='word_1_58' title='bbox 1281 367 1426 400; x_wconf 82' lang='grc' dir='ltr'>νοσοῦντας</span> <span class='ocrx_word' id='word_1_59' title='bbox 1442 368 1534 395; x_wconf 69' lang='grc' dir='ltr'>ίασαιο</span> <span class='ocrx_word' id='word_1_60' title='bbox 1548 368 1602 395; x_wconf 86' lang='grc' dir='ltr'>τῶν</span> <span class='ocrx_word' id='word_1_61' title='bbox 1616 370 1645 395; x_wconf 77' lang='grc' dir='ltr'>ἐν</span> <span class='ocrx_word' id='word_1_62' title='bbox 1659 370 1803 405; x_wconf 76' lang='grc' dir='ltr'>οἰκήμασι,</span> <span class='ocrx_word' id='word_1_63' title='bbox 1816 378 1883 405; x_wconf 87' lang='grc' dir='ltr'>μετ-</span> 
     </span>
    </p>
   </div>
   <div class='ocr_carea' id='block_1_13' title="bbox 1097 413 1883 450">
    <p class='ocr_par' dir='ltr' id='par_1_13' title="bbox 1097 413 1883 450">
     <span class='ocr_line' id='line_1_13' title="bbox 1097 413 1883 450; baseline 0.003 -10"><span class='ocrx_word' id='word_1_64' title='bbox 1097 413 1198 446; x_wconf 76' lang='grc' dir='ltr'>άλλοις,</span> <span class='ocrx_word' id='word_1_65' title='bbox 1221 413 1350 448; x_wconf 81' lang='grc' dir='ltr'>ὲξορίαις,</span> <span class='ocrx_word' id='word_1_66' title='bbox 1382 415 1494 449; x_wconf 82' lang='grc' dir='ltr'>πικραῖς</span> <span class='ocrx_word' id='word_1_67' title='bbox 1512 414 1655 448; x_wconf 76' lang='grc' dir='ltr'>δουλείαις,</span> <span class='ocrx_word' id='word_1_68' title='bbox 1673 415 1720 442; x_wconf 78' lang='grc' dir='ltr'>καὶ</span> <span class='ocrx_word' id='word_1_69' title='bbox 1737 415 1812 450; x_wconf 80' lang='grc' dir='ltr'>πάσῃ</span> <span class='ocrx_word' id='word_1_70' title='bbox 1824 415 1883 442; x_wconf 87' lang='grc' dir='ltr'>θλί-</span> 
     </span>
    </p>
   </div>
   <div class='ocr_carea' id='block_1_14' title="bbox 249 456 1054 496">
    <p class='ocr_par' dir='ltr' id='par_1_14' title="bbox 249 456 1047 494">
     <span class='ocr_line' id='line_1_14' title="bbox 249 456 1047 494; baseline -0.004 -8"><span class='ocrx_word' id='word_1_71' title='bbox 249 460 312 487; x_wconf 90' lang='lat' dir='ltr'><strong>odio</strong></span> <span class='ocrx_word' id='word_1_72' title='bbox 333 459 444 492; x_wconf 83' lang='lat' dir='ltr'><strong>habent,</strong></span> <span class='ocrx_word' id='word_1_73' title='bbox 474 459 520 494; x_wconf 90' lang='lat' dir='ltr'><strong>qui</strong></span> <span class='ocrx_word' id='word_1_74' title='bbox 546 459 692 486; x_wconf 86' lang='lat' dir='ltr'><strong>voluerunt</strong></span> <span class='ocrx_word' id='word_1_75' title='bbox 724 466 776 486; x_wconf 90' lang='lat' dir='ltr'>nos</span> <span class='ocrx_word' id='word_1_76' title='bbox 805 465 900 493; x_wconf 85' lang='lat' dir='ltr'>preces</span> <span class='ocrx_word' id='word_1_77' title='bbox 935 456 1047 485; x_wconf 83' lang='lat' dir='ltr'><strong>fundere</strong></span> 
     </span>
    </p>
   </div>
   <div class='ocr_carea' id='block_1_15' title="bbox 1093 456 1882 496">
    <p class='ocr_par' dir='ltr' id='par_1_15' title="bbox 1097 459 1882 496">
     <span class='ocr_line' id='line_1_15' title="bbox 1097 459 1882 496; baseline 0.003 -11"><span class='ocrx_word' id='word_1_78' title='bbox 1097 459 1153 493; x_wconf 80' lang='grc' dir='ltr'>ψει,</span> <span class='ocrx_word' id='word_1_79' title='bbox 1167 459 1214 486; x_wconf 72' lang='grc' dir='ltr'>καὶ</span> <span class='ocrx_word' id='word_1_80' title='bbox 1227 460 1345 495; x_wconf 80' lang='grc' dir='ltr'>ἀνάγκῃ,</span> <span class='ocrx_word' id='word_1_81' title='bbox 1357 460 1404 486; x_wconf 75' lang='grc' dir='ltr'>καὶ</span> <span class='ocrx_word' id='word_1_82' title='bbox 1414 460 1574 496; x_wconf 79' lang='grc' dir='ltr'>περιστάσει</span> <span class='ocrx_word' id='word_1_83' title='bbox 1586 460 1670 487; x_wconf 79' lang='grc' dir='ltr'>ὄντων</span> <span class='ocrx_word' id='word_1_84' title='bbox 1684 461 1882 496; x_wconf 78' lang='grc' dir='ltr'>μνημόνευσον,</span> 
     </span>
    </p>
   </div>
   <div class='ocr_carea' id='block_1_16' title="bbox 248 505 1038 540">
    <p class='ocr_par' dir='ltr' id='par_1_16' title="bbox 248 505 1038 540">
     <span class='ocr_line' id='line_1_16' title="bbox 248 505 1038 540; baseline -0.001 -8"><span class='ocrx_word' id='word_1_85' title='bbox 248 514 296 540; x_wconf 80' lang='lat' dir='ltr'>pro</span> <span class='ocrx_word' id='word_1_86' title='bbox 312 506 424 540; x_wconf 87' lang='lat' dir='ltr'><strong>ipsis,et</strong></span> <span class='ocrx_word' id='word_1_87' title='bbox 440 505 514 532; x_wconf 92' lang='lat' dir='ltr'><strong>omni</strong></span> <span class='ocrx_word' id='word_1_88' title='bbox 532 505 633 540; x_wconf 85' lang='lat' dir='ltr'><strong>populo</strong></span> <span class='ocrx_word' id='word_1_89' title='bbox 651 510 708 532; x_wconf 89' lang='lat' dir='ltr'><strong>tuo.</strong></span> <span class='ocrx_word' id='word_1_90' title='bbox 747 525 755 532; x_wconf 90' lang='lat'>.</span> <span class='ocrx_word' id='word_1_91' title='bbox 795 524 802 532; x_wconf 94' lang='lat'>.</span> <span class='ocrx_word' id='word_1_92' title='bbox 843 524 849 531; x_wconf 91' lang='lat'>.</span> <span class='ocrx_word' id='word_1_93' title='bbox 890 525 898 532; x_wconf 92' lang='lat'>.</span> <span class='ocrx_word' id='word_1_94' title='bbox 935 523 943 530; x_wconf 91' lang='lat'>.</span> <span class='ocrx_word' id='word_1_95' title='bbox 979 521 988 530; x_wconf 85' lang='grc'>.</span> <span class='ocrx_word' id='word_1_96' title='bbox 1031 523 1038 531; x_wconf 91' lang='grc'>.</span> 
     </span>
    </p>
   </div>
   <div class='ocr_carea' id='block_1_17' title="bbox 247 550 1040 586">
    <p class='ocr_par' dir='ltr' id='par_1_17' title="bbox 247 550 1040 586">
     <span class='ocr_line' id='line_1_17' title="bbox 247 550 1040 586; baseline -0.004 -7"><span class='ocrx_word' id='word_1_97' title='bbox 247 552 357 579; x_wconf 74' lang='lat' dir='ltr'><strong>Christe</strong></span> <span class='ocrx_word' id='word_1_98' title='bbox 385 551 458 579; x_wconf 88' lang='lat' dir='ltr'><strong>Deus</strong></span> <span class='ocrx_word' id='word_1_99' title='bbox 491 556 596 583; x_wconf 85' lang='lat' dir='ltr'><strong>noster,</strong></span> <span class='ocrx_word' id='word_1_100' title='bbox 619 555 646 578; x_wconf 90' lang='lat' dir='ltr'>et</span> <span class='ocrx_word' id='word_1_101' title='bbox 662 551 711 578; x_wconf 92' lang='lat' dir='ltr'><strong>tibi</strong></span> <span class='ocrx_word' id='word_1_102' title='bbox 745 551 860 586; x_wconf 79' lang='lat' dir='ltr'><strong>gloriam</strong></span> <span class='ocrx_word' id='word_1_103' title='bbox 888 550 1040 581; x_wconf 81' lang='lat' dir='ltr'><strong>oll&#39;erimus,</strong></span> 
     </span>
    </p>
   </div>
   <div class='ocr_carea' id='block_1_18' title="bbox 247 596 1041 631">
    <p class='ocr_par' dir='ltr' id='par_1_18' title="bbox 247 596 1041 631">
     <span class='ocr_line' id='line_1_18' title="bbox 247 596 1041 631; baseline -0.004 -6"><span class='ocrx_word' id='word_1_104' title='bbox 247 606 309 626; x_wconf 89' lang='lat' dir='ltr'>cum</span> <span class='ocrx_word' id='word_1_105' title='bbox 335 602 437 625; x_wconf 85' lang='lat' dir='ltr'><strong>aeterno</strong></span> <span class='ocrx_word' id='word_1_106' title='bbox 462 601 509 624; x_wconf 91' lang='lat' dir='ltr'>luo</span> <span class='ocrx_word' id='word_1_107' title='bbox 524 597 605 625; x_wconf 89' lang='lat' dir='ltr'><strong>Patre</strong></span> <span class='ocrx_word' id='word_1_108' title='bbox 621 602 647 624; x_wconf 89' lang='lat' dir='ltr'>et</span> <span class='ocrx_word' id='word_1_109' title='bbox 671 597 858 630; x_wconf 80' lang='lat' dir='ltr'><strong>sanctissimo,</strong></span> <span class='ocrx_word' id='word_1_110' title='bbox 880 596 994 631; x_wconf 88' lang='lat' dir='ltr'><strong>optimo,</strong></span> <span class='ocrx_word' id='word_1_111' title='bbox 1013 600 1041 623; x_wconf 89' lang='lat' dir='ltr'>et</span> 
     </span>
    </p>
   </div>
   <div class='ocr_carea' id='block_1_19' title="bbox 247 642 1040 678">
    <p class='ocr_par' dir='ltr' id='par_1_19' title="bbox 247 642 1040 678">
     <span class='ocr_line' id='line_1_19' title="bbox 247 642 1040 678; baseline -0.003 -7"><span class='ocrx_word' id='word_1_112' title='bbox 247 644 355 672; x_wconf 77' lang='lat' dir='ltr'><strong>vivitico</strong></span> <span class='ocrx_word' id='word_1_113' title='bbox 382 650 427 671; x_wconf 90' lang='lat' dir='ltr'>tuo</span> <span class='ocrx_word' id='word_1_114' title='bbox 450 643 564 678; x_wconf 77' lang='lat' dir='ltr'>Spiritu,</span> <span class='ocrx_word' id='word_1_115' title='bbox 592 651 666 671; x_wconf 87' lang='lat' dir='ltr'><strong>nunc</strong></span> <span class='ocrx_word' id='word_1_116' title='bbox 681 647 708 671; x_wconf 87' lang='lat' dir='ltr'>et</span> <span class='ocrx_word' id='word_1_117' title='bbox 735 651 842 678; x_wconf 90' lang='lat' dir='ltr'>semper</span> <span class='ocrx_word' id='word_1_118' title='bbox 858 643 922 670; x_wconf 89' lang='lat' dir='ltr'><strong>etin</strong></span> <span class='ocrx_word' id='word_1_119' title='bbox 941 642 1040 670; x_wconf 60' lang='lat' dir='ltr'><strong>sacula</strong></span> 
     </span>
    </p>
   </div>
   <div class='ocr_carea' id='block_1_20' title="bbox 248 691 422 719">
    <p class='ocr_par' dir='ltr' id='par_1_20' title="bbox 248 691 422 719">
     <span class='ocr_line' id='line_1_20' title="bbox 248 691 422 719; baseline 0 -1"><span class='ocrx_word' id='word_1_120' title='bbox 248 691 422 719; x_wconf 64' lang='lat' dir='ltr'><strong>saeculorum.</strong></span> 
     </span>
    </p>
   </div>
   <div class='ocr_carea' id='block_1_21' title="bbox 1094 505 1883 541">
    <p class='ocr_par' dir='ltr' id='par_1_21' title="bbox 1094 505 1883 541">
     <span class='ocr_line' id='line_1_21' title="bbox 1094 505 1883 541; baseline 0.001 -10"><span class='ocrx_word' id='word_1_121' title='bbox 1094 506 1109 531; x_wconf 82' lang='grc' dir='ltr'>ὁ</span> <span class='ocrx_word' id='word_1_122' title='bbox 1125 505 1202 538; x_wconf 77' lang='grc' dir='ltr'>Θεὸς,</span> <span class='ocrx_word' id='word_1_123' title='bbox 1221 505 1267 532; x_wconf 82' lang='grc' dir='ltr'>καὶ</span> <span class='ocrx_word' id='word_1_124' title='bbox 1279 505 1388 532; x_wconf 82' lang='grc' dir='ltr'>πάντων</span> <span class='ocrx_word' id='word_1_125' title='bbox 1404 506 1459 532; x_wconf 87' lang='grc' dir='ltr'>τῶν</span> <span class='ocrx_word' id='word_1_126' title='bbox 1478 505 1613 541; x_wconf 81' lang='grc' dir='ltr'>δεομένων</span> <span class='ocrx_word' id='word_1_127' title='bbox 1627 507 1676 541; x_wconf 81' lang='grc' dir='ltr'>τῆς</span> <span class='ocrx_word' id='word_1_128' title='bbox 1696 506 1818 541; x_wconf 76' lang='grc' dir='ltr'>μεγάλης</span> <span class='ocrx_word' id='word_1_129' title='bbox 1835 515 1883 533; x_wconf 80' lang='grc' dir='ltr'>σου</span> 
     </span>
    </p>
   </div>
   <div class='ocr_carea' id='block_1_22' title="bbox 1092 551 1882 588">
    <p class='ocr_par' dir='ltr' id='par_1_22' title="bbox 1092 551 1882 588">
     <span class='ocr_line' id='line_1_22' title="bbox 1092 551 1882 588; baseline 0.001 -10"><span class='ocrx_word' id='word_1_130' title='bbox 1092 551 1306 586; x_wconf 78' lang='grc' dir='ltr'>εὐσπλαγχνίας,</span> <span class='ocrx_word' id='word_1_131' title='bbox 1331 552 1446 579; x_wconf 80' lang='grc' dir='ltr'>καὶτῶν</span> <span class='ocrx_word' id='word_1_132' title='bbox 1462 552 1633 586; x_wconf 77' lang='grc' dir='ltr'>ἀγαπώντων</span> <span class='ocrx_word' id='word_1_133' title='bbox 1654 553 1738 588; x_wconf 76' lang='grc' dir='ltr'>ἡμᾶς,</span> <span class='ocrx_word' id='word_1_134' title='bbox 1765 552 1882 579; x_wconf 77' lang='grc' dir='ltr'>καὶτῶν</span> 
     </span>
    </p>
   </div>
   <div class='ocr_carea' id='block_1_23' title="bbox 1095 598 1882 634">
    <p class='ocr_par' dir='ltr' id='par_1_23' title="bbox 1095 598 1882 634">
     <span class='ocr_line' id='line_1_23' title="bbox 1095 598 1882 634; baseline 0.003 -10"><span class='ocrx_word' id='word_1_135' title='bbox 1095 598 1257 634; x_wconf 83' lang='grc' dir='ltr'>μισούντων,</span> <span class='ocrx_word' id='word_1_136' title='bbox 1295 599 1343 625; x_wconf 65' lang='grc' dir='ltr'>καὶ</span> <span class='ocrx_word' id='word_1_137' title='bbox 1365 598 1419 625; x_wconf 84' lang='grc' dir='ltr'>τῶν</span> <span class='ocrx_word' id='word_1_138' title='bbox 1442 599 1638 634; x_wconf 77' lang='grc' dir='ltr'>ἐντειλαμένων</span> <span class='ocrx_word' id='word_1_139' title='bbox 1661 599 1788 634; x_wconf 77' lang='grc' dir='ltr'>εὔχεσθαι</span> <span class='ocrx_word' id='word_1_140' title='bbox 1810 599 1882 634; x_wconf 77' lang='grc' dir='ltr'>ὑπὲρ</span> 
     </span>
    </p>
   </div>
   <div class='ocr_carea' id='block_1_24' title="bbox 1092 642 1880 676">
    <p class='ocr_par' dir='ltr' id='par_1_24' title="bbox 1092 642 1880 676">
     <span class='ocr_line' id='line_1_24' title="bbox 1092 642 1880 676; baseline 0.004 -7"><span class='ocrx_word' id='word_1_141' title='bbox 1092 642 1194 676; x_wconf 76' lang='grc' dir='ltr'>αὐτῶν,</span> <span class='ocrx_word' id='word_1_142' title='bbox 1218 644 1264 670; x_wconf 77' lang='grc' dir='ltr'>καὶ</span> <span class='ocrx_word' id='word_1_143' title='bbox 1280 643 1382 676; x_wconf 76' lang='grc' dir='ltr'>παντὸς</span> <span class='ocrx_word' id='word_1_144' title='bbox 1394 644 1441 671; x_wconf 86' lang='grc' dir='ltr'>τοῦ</span> <span class='ocrx_word' id='word_1_145' title='bbox 1454 644 1519 671; x_wconf 78' lang='grc' dir='ltr'>λαοῦ</span> <span class='ocrx_word' id='word_1_146' title='bbox 1533 653 1591 671; x_wconf 87' lang='grc' dir='ltr'>σου.</span> <span class='ocrx_word' id='word_1_147' title='bbox 1610 664 1617 672; x_wconf 92' lang='grc'>.</span> <span class='ocrx_word' id='word_1_148' title='bbox 1637 665 1643 672; x_wconf 97' lang='grc'>.</span> <span class='ocrx_word' id='word_1_149' title='bbox 1662 663 1671 672; x_wconf 89' lang='grc'>.</span> <span class='ocrx_word' id='word_1_150' title='bbox 1686 664 1694 671; x_wconf 93' lang='grc'>.</span> <span class='ocrx_word' id='word_1_151' title='bbox 1711 665 1719 672; x_wconf 92' lang='grc'>.</span> <span class='ocrx_word' id='word_1_152' title='bbox 1739 664 1746 672; x_wconf 98' lang='grc'>.</span> <span class='ocrx_word' id='word_1_153' title='bbox 1763 664 1770 671; x_wconf 93' lang='grc'>.</span> <span class='ocrx_word' id='word_1_154' title='bbox 1789 663 1798 671; x_wconf 90' lang='grc'>.</span> <span class='ocrx_word' id='word_1_155' title='bbox 1820 663 1827 671; x_wconf 93' lang='grc'>.</span> <span class='ocrx_word' id='word_1_156' title='bbox 1845 664 1853 671; x_wconf 93' lang='grc'>.</span> <span class='ocrx_word' id='word_1_157' title='bbox 1872 664 1880 672; x_wconf 92' lang='grc'>.</span> 
     </span>
    </p>
   </div>
   <div class='ocr_carea' id='block_1_25' title="bbox 1093 689 1883 726">
    <p class='ocr_par' dir='ltr' id='par_1_25' title="bbox 1093 689 1883 726">
     <span class='ocr_line' id='line_1_25' title="bbox 1093 689 1883 726; baseline 0.003 -11"><span class='ocrx_word' id='word_1_158' title='bbox 1093 689 1196 725; x_wconf 74' lang='grc' dir='ltr'>Χριστὲ</span> <span class='ocrx_word' id='word_1_159' title='bbox 1219 690 1233 715; x_wconf 84' lang='grc' dir='ltr'>ὁ</span> <span class='ocrx_word' id='word_1_160' title='bbox 1254 689 1320 721; x_wconf 82' lang='grc' dir='ltr'>Θεδς</span> <span class='ocrx_word' id='word_1_161' title='bbox 1335 691 1425 724; x_wconf 81' lang='grc' dir='ltr'>ἡμῶν,</span> <span class='ocrx_word' id='word_1_162' title='bbox 1440 690 1487 717; x_wconf 82' lang='grc' dir='ltr'>καὶ</span> <span class='ocrx_word' id='word_1_163' title='bbox 1506 691 1549 717; x_wconf 69' lang='grc' dir='ltr'>σοὶ</span> <span class='ocrx_word' id='word_1_164' title='bbox 1563 691 1614 726; x_wconf 83' lang='grc' dir='ltr'>τὴν</span> <span class='ocrx_word' id='word_1_165' title='bbox 1625 690 1706 723; x_wconf 78' lang='grc' dir='ltr'>δόξαν</span> <span class='ocrx_word' id='word_1_166' title='bbox 1720 690 1883 726; x_wconf 84' lang='grc' dir='ltr'>ἀναπέμπο-</span> 
     </span>
    </p>
   </div>
   <div class='ocr_carea' id='block_1_26' title="bbox 249 734 1883 773">
    <p class='ocr_par' dir='ltr' id='par_1_26' title="bbox 249 734 1883 773">
     <span class='ocr_line' id='line_1_26' title="bbox 249 734 1883 773; baseline 0 -10"><span class='ocrx_word' id='word_1_167' title='bbox 249 745 299 772; x_wconf 79' lang='grc' dir='ltr'>μεν</span> <span class='ocrx_word' id='word_1_168' title='bbox 315 737 363 763; x_wconf 78' lang='grc' dir='ltr'>σὺν</span> <span class='ocrx_word' id='word_1_169' title='bbox 380 736 418 772; x_wconf 81' lang='grc' dir='ltr'>τῷ</span> <span class='ocrx_word' id='word_1_170' title='bbox 434 736 544 771; x_wconf 82' lang='grc' dir='ltr'>ἁνὰρχῳ</span> <span class='ocrx_word' id='word_1_171' title='bbox 557 744 603 762; x_wconf 90' lang='grc' dir='ltr'>σου</span> <span class='ocrx_word' id='word_1_172' title='bbox 619 735 716 770; x_wconf 72' lang='grc' dir='ltr'>Πατρὶ,</span> <span class='ocrx_word' id='word_1_173' title='bbox 736 736 781 761; x_wconf 69' lang='grc' dir='ltr'>καὶ</span> <span class='ocrx_word' id='word_1_174' title='bbox 794 734 832 770; x_wconf 87' lang='grc' dir='ltr'>τῷ</span> <span class='ocrx_word' id='word_1_175' title='bbox 846 735 976 770; x_wconf 84' lang='grc' dir='ltr'>Παναγίῳ</span> <span class='ocrx_word' id='word_1_176' title='bbox 1005 737 1050 763; x_wconf 71' lang='grc' dir='ltr'>καὶ</span> <span class='ocrx_word' id='word_1_177' title='bbox 1068 736 1163 771; x_wconf 82' lang='grc' dir='ltr'>ἀγαθῷ</span> <span class='ocrx_word' id='word_1_178' title='bbox 1186 736 1233 763; x_wconf 77' lang='grc' dir='ltr'>καὶ</span> <span class='ocrx_word' id='word_1_179' title='bbox 1256 735 1380 772; x_wconf 80' lang='grc' dir='ltr'>ζωοποιῷ</span> <span class='ocrx_word' id='word_1_180' title='bbox 1406 745 1454 764; x_wconf 88' lang='grc' dir='ltr'>σου</span> <span class='ocrx_word' id='word_1_181' title='bbox 1483 737 1633 773; x_wconf 84' lang='grc' dir='ltr'>ῐῐνεύματι,</span> <span class='ocrx_word' id='word_1_182' title='bbox 1649 738 1696 765; x_wconf 80' lang='grc' dir='ltr'>νῦν</span> <span class='ocrx_word' id='word_1_183' title='bbox 1710 738 1757 765; x_wconf 77' lang='grc' dir='ltr'>καὶ</span> <span class='ocrx_word' id='word_1_184' title='bbox 1774 737 1818 765; x_wconf 78' lang='grc' dir='ltr'>ἁεὶ</span> <span class='ocrx_word' id='word_1_185' title='bbox 1834 736 1883 764; x_wconf 74' lang='grc' dir='ltr'>καὶ</span> 
     </span>
    </p>
   </div>
   <div class='ocr_carea' id='block_1_27' title="bbox 249 781 675 816">
    <p class='ocr_par' dir='ltr' id='par_1_27' title="bbox 249 781 675 816">
     <span class='ocr_line' id='line_1_27' title="bbox 249 781 675 816; baseline -0.005 -6"><span class='ocrx_word' id='word_1_186' title='bbox 249 784 290 816; x_wconf 83' lang='grc' dir='ltr'>είς</span> <span class='ocrx_word' id='word_1_187' title='bbox 302 783 366 815; x_wconf 83' lang='grc' dir='ltr'>τοὺς</span> <span class='ocrx_word' id='word_1_188' title='bbox 379 782 478 814; x_wconf 75' lang='grc' dir='ltr'>αἰῶνας</span> <span class='ocrx_word' id='word_1_189' title='bbox 493 782 547 808; x_wconf 79' lang='grc' dir='ltr'>τῶν</span> <span class='ocrx_word' id='word_1_190' title='bbox 558 781 675 808; x_wconf 86' lang='grc' dir='ltr'>αἰώνων.</span> 
     </span>
    </p>
   </div>
   <div class='ocr_carea' id='block_1_28' title="bbox 282 829 1040 866">
    <p class='ocr_par' dir='ltr' id='par_1_28' title="bbox 282 829 1040 866">
     <span class='ocr_line' id='line_1_28' title="bbox 282 829 1040 866; baseline -0.003 -7"><span class='ocrx_word' id='word_1_191' title='bbox 282 832 474 866; x_wconf 82' lang='lat' dir='ltr'><strong>Compleamus</strong></span> <span class='ocrx_word' id='word_1_192' title='bbox 498 830 650 858; x_wconf 85' lang='lat' dir='ltr'><strong>orationem</strong></span> <span class='ocrx_word' id='word_1_193' title='bbox 694 833 816 856; x_wconf 84' lang='lat' dir='ltr'><strong>nostram</strong></span> <span class='ocrx_word' id='word_1_194' title='bbox 848 829 964 856; x_wconf 91' lang='lat' dir='ltr'><strong>Domino</strong></span> <span class='ocrx_word' id='word_1_195' title='bbox 991 838 1040 865; x_wconf 90' lang='lat' dir='ltr'>pro</span> 
     </span>
    </p>
   </div>
   <div class='ocr_carea' id='block_1_29' title="bbox 1130 830 1882 866">
    <p class='ocr_par' dir='ltr' id='par_1_29' title="bbox 1130 830 1882 866">
     <span class='ocr_line' id='line_1_29' title="bbox 1130 830 1882 866; baseline -0.001 -9"><span class='ocrx_word' id='word_1_196' title='bbox 1130 831 1326 866; x_wconf 84' lang='grc' dir='ltr'>Πληρώσωμεν</span> <span class='ocrx_word' id='word_1_197' title='bbox 1345 830 1395 865; x_wconf 83' lang='grc' dir='ltr'>τὴν</span> <span class='ocrx_word' id='word_1_198' title='bbox 1417 830 1508 866; x_wconf 81' lang='grc' dir='ltr'>δέησιν</span> <span class='ocrx_word' id='word_1_199' title='bbox 1529 830 1609 865; x_wconf 78' lang='grc' dir='ltr'>ἡμῶν</span> <span class='ocrx_word' id='word_1_200' title='bbox 1634 830 1672 865; x_wconf 81' lang='grc' dir='ltr'>τῷ</span> <span class='ocrx_word' id='word_1_201' title='bbox 1697 831 1791 866; x_wconf 79' lang='grc' dir='ltr'>Κυρίῳ</span> <span class='ocrx_word' id='word_1_202' title='bbox 1812 830 1882 864; x_wconf 84' lang='grc' dir='ltr'>ὑπὲρ</span> 
     </span>
    </p>
   </div>
   <div class='ocr_carea' id='block_1_30' title="bbox 248 874 1054 915">
    <p class='ocr_par' dir='ltr' id='par_1_30' title="bbox 248 874 1042 912">
     <span class='ocr_line' id='line_1_30' title="bbox 248 874 1042 912; baseline -0.003 -7"><span class='ocrx_word' id='word_1_203' title='bbox 248 878 326 905; x_wconf 88' lang='lat' dir='ltr'><strong>hisce</strong></span> <span class='ocrx_word' id='word_1_204' title='bbox 339 876 487 912; x_wconf 84' lang='lat' dir='ltr'><strong>propositis</strong></span> <span class='ocrx_word' id='word_1_205' title='bbox 518 874 679 902; x_wconf 74' lang='lat' dir='ltr'>venerandis</span> <span class='ocrx_word' id='word_1_206' title='bbox 703 874 794 907; x_wconf 91' lang='lat' dir='ltr'><strong>donis,</strong></span> <span class='ocrx_word' id='word_1_207' title='bbox 820 881 870 908; x_wconf 93' lang='lat' dir='ltr'>pro</span> <span class='ocrx_word' id='word_1_208' title='bbox 900 875 957 902; x_wconf 81' lang='lat' dir='ltr'><strong>aede</strong></span> <span class='ocrx_word' id='word_1_209' title='bbox 991 876 1042 903; x_wconf 83' lang='lat' dir='ltr'>hac</span> 
     </span>
    </p>
   </div>
   <div class='ocr_carea' id='block_1_31' title="bbox 1093 874 1882 915">
    <p class='ocr_par' dir='ltr' id='par_1_31' title="bbox 1093 875 1882 911">
     <span class='ocr_line' id='line_1_31' title="bbox 1093 875 1882 911; baseline -0.001 -8"><span class='ocrx_word' id='word_1_210' title='bbox 1093 876 1148 903; x_wconf 85' lang='grc' dir='ltr'>τῶν</span> <span class='ocrx_word' id='word_1_211' title='bbox 1172 876 1360 911; x_wconf 78' lang='grc' dir='ltr'>προτεθέντων</span> <span class='ocrx_word' id='word_1_212' title='bbox 1382 876 1482 911; x_wconf 87' lang='grc' dir='ltr'>τιμίων</span> <span class='ocrx_word' id='word_1_213' title='bbox 1507 875 1611 910; x_wconf 85' lang='grc' dir='ltr'>δώρων,</span> <span class='ocrx_word' id='word_1_214' title='bbox 1638 875 1709 910; x_wconf 74' lang='grc' dir='ltr'>ὑπὲρ</span> <span class='ocrx_word' id='word_1_215' title='bbox 1734 876 1781 903; x_wconf 86' lang='grc' dir='ltr'>τοῦ</span> <span class='ocrx_word' id='word_1_216' title='bbox 1803 877 1882 910; x_wconf 78' lang='grc' dir='ltr'>ἁγίου</span> 
     </span>
    </p>
   </div>
   <div class='ocr_carea' id='block_1_32' title="bbox 248 920 1041 958">
    <p class='ocr_par' dir='ltr' id='par_1_32' title="bbox 248 920 1041 958">
     <span class='ocr_line' id='line_1_32' title="bbox 248 920 1041 958; baseline -0.003 -6"><span class='ocrx_word' id='word_1_217' title='bbox 248 933 337 957; x_wconf 79' lang='lat' dir='ltr'><strong>sacra,</strong></span> <span class='ocrx_word' id='word_1_218' title='bbox 358 928 383 951; x_wconf 88' lang='lat' dir='ltr'>el</span> <span class='ocrx_word' id='word_1_219' title='bbox 397 923 431 950; x_wconf 81' lang='lat' dir='ltr'><strong>iis</strong></span> <span class='ocrx_word' id='word_1_220' title='bbox 443 923 490 958; x_wconf 89' lang='lat' dir='ltr'><strong>qui</strong></span> <span class='ocrx_word' id='word_1_221' title='bbox 503 929 566 950; x_wconf 89' lang='lat' dir='ltr'>cum</span> <span class='ocrx_word' id='word_1_222' title='bbox 588 921 650 954; x_wconf 87' lang='lat' dir='ltr'><strong>lide,</strong></span> <span class='ocrx_word' id='word_1_223' title='bbox 675 920 775 956; x_wconf 81' lang='lat' dir='ltr'><strong>pietate</strong></span> <span class='ocrx_word' id='word_1_224' title='bbox 817 924 843 948; x_wconf 90' lang='lat' dir='ltr'>et</span> <span class='ocrx_word' id='word_1_225' title='bbox 864 922 960 950; x_wconf 86' lang='lat' dir='ltr'><strong>timore</strong></span> <span class='ocrx_word' id='word_1_226' title='bbox 981 930 1041 950; x_wconf 89' lang='lat' dir='ltr'>eam</span> 
     </span>
    </p>
   </div>
   <div class='ocr_carea' id='block_1_33' title="bbox 250 972 488 1007">
    <p class='ocr_par' dir='ltr' id='par_1_33' title="bbox 250 972 488 1007">
     <span class='ocr_line' id='line_1_33' title="bbox 250 972 488 1007; baseline -0.013 -8"><span class='ocrx_word' id='word_1_227' title='bbox 250 972 453 1006; x_wconf 78' lang='lat' dir='ltr'><strong>ingrediuntur.</strong></span> <span class='ocrx_word' id='word_1_228' title='bbox 482 1001 488 1007; x_wconf 33' lang='grc' dir='ltr'><strong>θ</strong></span> 
     </span>
    </p>
   </div>
   <div class='ocr_carea' id='block_1_34' title="bbox 285 1014 1042 1047">
    <p class='ocr_par' dir='ltr' id='par_1_34' title="bbox 285 1014 1042 1047">
     <span class='ocr_line' id='line_1_34' title="bbox 285 1014 1042 1047; baseline -0.003 -2"><span class='ocrx_word' id='word_1_229' title='bbox 285 1017 319 1045; x_wconf 83' lang='lat' dir='ltr'><strong>Ut</strong></span> <span class='ocrx_word' id='word_1_230' title='bbox 331 1018 428 1045; x_wconf 79' lang='lat' dir='ltr'>liberet</span> <span class='ocrx_word' id='word_1_231' title='bbox 443 1023 494 1044; x_wconf 90' lang='lat' dir='ltr'>nos</span> <span class='ocrx_word' id='word_1_232' title='bbox 509 1015 543 1043; x_wconf 87' lang='lat' dir='ltr'>ab</span> <span class='ocrx_word' id='word_1_233' title='bbox 557 1015 633 1042; x_wconf 92' lang='lat' dir='ltr'><strong>omni</strong></span> <span class='ocrx_word' id='word_1_234' title='bbox 647 1014 805 1047; x_wconf 82' lang='lat' dir='ltr'><strong>amictione,</strong></span> <span class='ocrx_word' id='word_1_235' title='bbox 825 1023 864 1042; x_wconf 85' lang='lat' dir='ltr'><strong>Ira</strong></span> <span class='ocrx_word' id='word_1_236' title='bbox 876 1020 903 1043; x_wconf 89' lang='lat' dir='ltr'>et</span> <span class='ocrx_word' id='word_1_237' title='bbox 920 1015 1042 1043; x_wconf 83' lang='lat' dir='ltr'><strong>necessi-</strong></span> 
     </span>
    </p>
   </div>
   <div class='ocr_carea' id='block_1_35' title="bbox 250 1062 685 1096">
    <p class='ocr_par' dir='ltr' id='par_1_35' title="bbox 250 1062 685 1096">
     <span class='ocr_line' id='line_1_35' title="bbox 250 1062 685 1096; baseline -0.009 -5"><span class='ocrx_word' id='word_1_238' title='bbox 250 1069 315 1094; x_wconf 81' lang='lat' dir='ltr'><strong>tate.</strong></span> <span class='ocrx_word' id='word_1_239' title='bbox 336 1062 482 1091; x_wconf 88' lang='lat' dir='ltr'><strong>Dominum</strong></span> <span class='ocrx_word' id='word_1_240' title='bbox 497 1062 685 1096; x_wconf 82' lang='lat' dir='ltr'><strong>deprecemur.</strong></span> 
     </span>
    </p>
   </div>
   <div class='ocr_carea' id='block_1_36' title="bbox 253 1115 1043 1157">
    <p class='ocr_par' dir='ltr' id='par_1_36' title="bbox 253 1115 1043 1157">
     <span class='ocr_line' id='line_1_36' title="bbox 253 1115 1043 1157; baseline -0.008 -9"><span class='ocrx_word' id='word_1_241' title='bbox 253 1121 349 1148; x_wconf 85' lang='lat' dir='ltr'><strong>Oratio</strong></span> <span class='ocrx_word' id='word_1_242' title='bbox 364 1118 505 1146; x_wconf 72' lang='grc' dir='ltr'>οὺίαιὶοηίε</span> <span class='ocrx_word' id='word_1_243' title='bbox 521 1121 578 1157; x_wconf 63' lang='lat' dir='ltr'><strong>post</strong></span> <span class='ocrx_word' id='word_1_244' title='bbox 590 1115 777 1148; x_wconf 78' lang='lat' dir='ltr'><strong>depositionem</strong></span> <span class='ocrx_word' id='word_1_245' title='bbox 798 1116 928 1144; x_wconf 89' lang='lat' dir='ltr'><strong>donorum</strong></span> <span class='ocrx_word' id='word_1_246' title='bbox 940 1115 1043 1143; x_wconf 83' lang='lat' dir='ltr'><strong>divino-</strong></span> 
     </span>
    </p>
   </div>
   <div class='ocr_carea' id='block_1_37' title="bbox 465 1156 826 1180">
    <p class='ocr_par' dir='ltr' id='par_1_37' title="bbox 465 1156 826 1180">
     <span class='ocr_line' id='line_1_37' title="bbox 465 1156 826 1180; baseline -0.006 0"><span class='ocrx_word' id='word_1_247' title='bbox 465 1161 524 1180; x_wconf 81' lang='lat' dir='ltr'>rum</span> <span class='ocrx_word' id='word_1_248' title='bbox 552 1156 579 1178; x_wconf 80' lang='lat' dir='ltr'>in</span> <span class='ocrx_word' id='word_1_249' title='bbox 606 1156 700 1178; x_wconf 71' lang='lat' dir='ltr'><strong>sancta</strong></span> <span class='ocrx_word' id='word_1_250' title='bbox 725 1159 826 1178; x_wconf 73' lang='lat' dir='ltr'><strong>mensa.</strong></span> 
     </span>
    </p>
   </div>
   <div class='ocr_carea' id='block_1_38' title="bbox 288 1204 1040 1240">
    <p class='ocr_par' dir='ltr' id='par_1_38' title="bbox 288 1204 1040 1240">
     <span class='ocr_line' id='line_1_38' title="bbox 288 1204 1040 1240; baseline -0.007 -3"><span class='ocrx_word' id='word_1_251' title='bbox 288 1209 402 1237; x_wconf 84' lang='lat' dir='ltr'><strong>Domine</strong></span> <span class='ocrx_word' id='word_1_252' title='bbox 415 1209 498 1240; x_wconf 83' lang='lat' dir='ltr'><strong>Deus,</strong></span> <span class='ocrx_word' id='word_1_253' title='bbox 515 1207 561 1240; x_wconf 89' lang='lat' dir='ltr'>qui</span> <span class='ocrx_word' id='word_1_254' title='bbox 573 1213 623 1233; x_wconf 90' lang='lat' dir='ltr'>nos</span> <span class='ocrx_word' id='word_1_255' title='bbox 640 1204 796 1237; x_wconf 83' lang='lat' dir='ltr'><strong>condidisti,</strong></span> <span class='ocrx_word' id='word_1_256' title='bbox 825 1205 851 1232; x_wconf 93' lang='lat' dir='ltr'><strong>in</strong></span> <span class='ocrx_word' id='word_1_257' title='bbox 866 1205 936 1232; x_wconf 90' lang='lat' dir='ltr'><strong>hanc</strong></span> <span class='ocrx_word' id='word_1_258' title='bbox 957 1206 1040 1232; x_wconf 83' lang='lat' dir='ltr'><strong>vitam</strong></span> 
     </span>
    </p>
   </div>
   <div class='ocr_carea' id='block_1_39' title="bbox 251 1251 1040 1289">
    <p class='ocr_par' dir='ltr' id='par_1_39' title="bbox 251 1251 1040 1289">
     <span class='ocr_line' id='line_1_39' title="bbox 251 1251 1040 1289; baseline -0.006 -6"><span class='ocrx_word' id='word_1_259' title='bbox 251 1255 399 1289; x_wconf 77' lang='lat' dir='ltr'><strong>deduxisti,</strong></span> <span class='ocrx_word' id='word_1_260' title='bbox 410 1254 468 1281; x_wconf 76' lang='lat' dir='ltr'><strong>vias</strong></span> <span class='ocrx_word' id='word_1_261' title='bbox 483 1253 579 1281; x_wconf 90' lang='lat' dir='ltr'><strong>salutis</strong></span> <span class='ocrx_word' id='word_1_262' title='bbox 602 1251 680 1279; x_wconf 91' lang='lat' dir='ltr'><strong>nobis</strong></span> <span class='ocrx_word' id='word_1_263' title='bbox 697 1251 851 1284; x_wconf 81' lang='lat' dir='ltr'><strong>ostendisti.</strong></span> <span class='ocrx_word' id='word_1_264' title='bbox 880 1251 1040 1279; x_wconf 86' lang='lat' dir='ltr'><strong>concessiin</strong></span> 
     </span>
    </p>
   </div>
   <div class='ocr_carea' id='block_1_40' title="bbox 250 1296 1043 1334">
    <p class='ocr_par' dir='ltr' id='par_1_40' title="bbox 250 1296 1043 1334">
     <span class='ocr_line' id='line_1_40' title="bbox 250 1296 1043 1334; baseline -0.006 -5"><span class='ocrx_word' id='word_1_265' title='bbox 250 1301 403 1329; x_wconf 73' lang='lat' dir='ltr'><strong>coelestium</strong></span> <span class='ocrx_word' id='word_1_266' title='bbox 420 1299 612 1334; x_wconf 88' lang='lat' dir='ltr'><strong>mysteriorum</strong></span> <span class='ocrx_word' id='word_1_267' title='bbox 622 1296 814 1324; x_wconf 82' lang='lat' dir='ltr'><strong>revelationem</strong></span> <span class='ocrx_word' id='word_1_268' title='bbox 827 1301 871 1329; x_wconf 89' lang='lat' dir='ltr'>;tu</span> <span class='ocrx_word' id='word_1_269' title='bbox 887 1304 926 1328; x_wconf 85' lang='lat' dir='ltr'>es,</span> <span class='ocrx_word' id='word_1_270' title='bbox 939 1297 1043 1331; x_wconf 89' lang='lat' dir='ltr'><strong>quinos</strong></span> 
     </span>
    </p>
   </div>
   <div class='ocr_carea' id='block_1_41' title="bbox 252 1341 1043 1377">
    <p class='ocr_par' dir='ltr' id='par_1_41' title="bbox 252 1341 1043 1377">
     <span class='ocr_line' id='line_1_41' title="bbox 252 1341 1043 1377; baseline -0.009 -2"><span class='ocrx_word' id='word_1_271' title='bbox 252 1348 286 1375; x_wconf 89' lang='lat' dir='ltr'><strong>ad</strong></span> <span class='ocrx_word' id='word_1_272' title='bbox 308 1347 360 1374; x_wconf 88' lang='lat' dir='ltr'>hoc</span> <span class='ocrx_word' id='word_1_273' title='bbox 385 1345 570 1373; x_wconf 75' lang='lat' dir='ltr'><strong>ministerium</strong></span> <span class='ocrx_word' id='word_1_274' title='bbox 590 1342 736 1370; x_wconf 84' lang='lat' dir='ltr'><strong>constituis</strong></span> <span class='ocrx_word' id='word_1_275' title='bbox 754 1343 780 1369; x_wconf 93' lang='lat' dir='ltr'><strong>in</strong></span> <span class='ocrx_word' id='word_1_276' title='bbox 801 1343 902 1370; x_wconf 88' lang='lat' dir='ltr'><strong>virtute</strong></span> <span class='ocrx_word' id='word_1_277' title='bbox 925 1341 1043 1377; x_wconf 78' lang='lat' dir='ltr'><strong>Spiritus</strong></span> 
     </span>
    </p>
   </div>
   <div class='ocr_carea' id='block_1_42' title="bbox 251 1388 1043 1422">
    <p class='ocr_par' dir='ltr' id='par_1_42' title="bbox 251 1388 1043 1422">
     <span class='ocr_line' id='line_1_42' title="bbox 251 1388 1043 1422; baseline -0.009 -1"><span class='ocrx_word' id='word_1_278' title='bbox 251 1394 290 1421; x_wconf 88' lang='lat' dir='ltr'>tui</span> <span class='ocrx_word' id='word_1_279' title='bbox 309 1392 408 1421; x_wconf 88' lang='lat' dir='ltr'><strong>sancti.</strong></span> <span class='ocrx_word' id='word_1_280' title='bbox 420 1392 528 1419; x_wconf 84' lang='lat' dir='ltr'><strong>Placeat</strong></span> <span class='ocrx_word' id='word_1_281' title='bbox 543 1389 602 1422; x_wconf 84' lang='lat' dir='ltr'><strong>tibi,</strong></span> <span class='ocrx_word' id='word_1_282' title='bbox 618 1389 744 1422; x_wconf 87' lang='lat' dir='ltr'><strong>Domine,</strong></span> <span class='ocrx_word' id='word_1_283' title='bbox 770 1393 800 1415; x_wconf 90' lang='lat' dir='ltr'><strong>ut</strong></span> <span class='ocrx_word' id='word_1_284' title='bbox 814 1388 901 1416; x_wconf 85' lang='lat' dir='ltr'><strong>simus</strong></span> <span class='ocrx_word' id='word_1_285' title='bbox 929 1396 978 1415; x_wconf 91' lang='lat' dir='ltr'>nos</span> <span class='ocrx_word' id='word_1_286' title='bbox 991 1388 1043 1414; x_wconf 90' lang='lat' dir='ltr'><strong>mi-</strong></span> 
     </span>
    </p>
   </div>
   <div class='ocr_carea' id='block_1_43' title="bbox 252 1434 1044 1469">
    <p class='ocr_par' dir='ltr' id='par_1_43' title="bbox 252 1434 1044 1469">
     <span class='ocr_line' id='line_1_43' title="bbox 252 1434 1044 1469; baseline -0.011 -1"><span class='ocrx_word' id='word_1_287' title='bbox 252 1439 333 1468; x_wconf 87' lang='lat' dir='ltr'><strong>nistri</strong></span> <span class='ocrx_word' id='word_1_288' title='bbox 367 1438 406 1466; x_wconf 93' lang='lat' dir='ltr'><strong>tui</strong></span> <span class='ocrx_word' id='word_1_289' title='bbox 431 1437 495 1464; x_wconf 79' lang='lat' dir='ltr'><strong>nori</strong></span> <span class='ocrx_word' id='word_1_290' title='bbox 519 1435 685 1469; x_wconf 84' lang='lat' dir='ltr'><strong>testamenti,</strong></span> <span class='ocrx_word' id='word_1_291' title='bbox 713 1434 950 1462; x_wconf 87' lang='lat' dir='ltr'><strong>administratores</strong></span> <span class='ocrx_word' id='word_1_292' title='bbox 980 1442 1044 1461; x_wconf 82' lang='lat' dir='ltr'><strong>san-</strong></span> 
     </span>
    </p>
   </div>
   <div class='ocr_carea' id='block_1_44' title="bbox 250 1479 1043 1517">
    <p class='ocr_par' dir='ltr' id='par_1_44' title="bbox 250 1479 1043 1517">
     <span class='ocr_line' id='line_1_44' title="bbox 250 1479 1043 1517; baseline -0.01 -4"><span class='ocrx_word' id='word_1_293' title='bbox 250 1491 356 1513; x_wconf 88' lang='lat' dir='ltr'><strong>ctorum</strong></span> <span class='ocrx_word' id='word_1_294' title='bbox 371 1488 479 1511; x_wconf 86' lang='lat' dir='ltr'><strong>tuorum</strong></span> <span class='ocrx_word' id='word_1_295' title='bbox 496 1481 701 1517; x_wconf 78' lang='lat' dir='ltr'><strong>mysteriorum.</strong></span> <span class='ocrx_word' id='word_1_296' title='bbox 720 1479 821 1514; x_wconf 78' lang='lat' dir='ltr'><strong>Recipe</strong></span> <span class='ocrx_word' id='word_1_297' title='bbox 834 1487 884 1507; x_wconf 84' lang='lat' dir='ltr'><strong>nos</strong></span> <span class='ocrx_word' id='word_1_298' title='bbox 916 1479 949 1506; x_wconf 89' lang='lat' dir='ltr'>ad</span> <span class='ocrx_word' id='word_1_299' title='bbox 979 1486 1043 1506; x_wconf 81' lang='lat' dir='ltr'><strong>san-</strong></span> 
     </span>
    </p>
   </div>
   <div class='ocr_carea' id='block_1_45' title="bbox 252 1524 1041 1561">
    <p class='ocr_par' dir='ltr' id='par_1_45' title="bbox 252 1524 1041 1561">
     <span class='ocr_line' id='line_1_45' title="bbox 252 1524 1041 1561; baseline -0.008 -3"><span class='ocrx_word' id='word_1_300' title='bbox 252 1535 326 1559; x_wconf 89' lang='lat' dir='ltr'><strong>ctum</strong></span> <span class='ocrx_word' id='word_1_301' title='bbox 346 1535 421 1557; x_wconf 89' lang='lat' dir='ltr'><strong>tuum</strong></span> <span class='ocrx_word' id='word_1_302' title='bbox 439 1528 524 1555; x_wconf 87' lang='lat' dir='ltr'><strong>altare</strong></span> <span class='ocrx_word' id='word_1_303' title='bbox 539 1527 713 1558; x_wconf 84' lang='lat' dir='ltr'><strong>accedentes.</strong></span> <span class='ocrx_word' id='word_1_304' title='bbox 729 1533 779 1561; x_wconf 88' lang='lat' dir='ltr'>pro</span> <span class='ocrx_word' id='word_1_305' title='bbox 792 1525 966 1553; x_wconf 79' lang='lat' dir='ltr'><strong>multitudine</strong></span> <span class='ocrx_word' id='word_1_306' title='bbox 989 1524 1041 1552; x_wconf 89' lang='lat' dir='ltr'><strong>mi-</strong></span> 
     </span>
    </p>
   </div>
   <div class='ocr_carea' id='block_1_46' title="bbox 1094 921 1883 956">
    <p class='ocr_par' dir='ltr' id='par_1_46' title="bbox 1094 921 1883 956">
     <span class='ocr_line' id='line_1_46' title="bbox 1094 921 1883 956; baseline 0 -8"><span class='ocrx_word' id='word_1_307' title='bbox 1094 922 1168 949; x_wconf 70' lang='grc' dir='ltr'>οἴκου</span> <span class='ocrx_word' id='word_1_308' title='bbox 1181 922 1287 955; x_wconf 84' lang='grc' dir='ltr'>τούτου,</span> <span class='ocrx_word' id='word_1_309' title='bbox 1302 921 1349 949; x_wconf 80' lang='grc' dir='ltr'>καὶ</span> <span class='ocrx_word' id='word_1_310' title='bbox 1365 921 1421 948; x_wconf 88' lang='grc' dir='ltr'>τῶν</span> <span class='ocrx_word' id='word_1_311' title='bbox 1435 921 1504 956; x_wconf 83' lang='grc' dir='ltr'>μετὰ</span> <span class='ocrx_word' id='word_1_312' title='bbox 1519 922 1648 953; x_wconf 82' lang='grc' dir='ltr'>πίστεως,</span> <span class='ocrx_word' id='word_1_313' title='bbox 1663 922 1818 954; x_wconf 80' lang='grc' dir='ltr'>εὐλαὸείας,</span> <span class='ocrx_word' id='word_1_314' title='bbox 1835 921 1883 948; x_wconf 78' lang='grc' dir='ltr'>καὶ</span> 
     </span>
    </p>
   </div>
   <div class='ocr_carea' id='block_1_47' title="bbox 1094 968 1340 1002">
    <p class='ocr_par' dir='ltr' id='par_1_47' title="bbox 1094 968 1340 1002">
     <span class='ocr_line' id='line_1_47' title="bbox 1094 968 1340 1002; baseline 0.004 -9"><span class='ocrx_word' id='word_1_315' title='bbox 1094 968 1177 1002; x_wconf 69' lang='grc' dir='ltr'>φόϐου</span> <span class='ocrx_word' id='word_1_316' title='bbox 1192 969 1340 995; x_wconf 78' lang='grc' dir='ltr'>εἰσιόντων.</span> 
     </span>
    </p>
   </div>
   <div class='ocr_carea' id='block_1_48' title="bbox 1138 1013 1881 1050">
    <p class='ocr_par' dir='ltr' id='par_1_48' title="bbox 1138 1013 1881 1050">
     <span class='ocr_line' id='line_1_48' title="bbox 1138 1013 1881 1050; baseline 0 -10"><span class='ocrx_word' id='word_1_317' title='bbox 1138 1013 1224 1048; x_wconf 81' lang='grc' dir='ltr'>’Υπὲρ</span> <span class='ocrx_word' id='word_1_318' title='bbox 1248 1013 1295 1040; x_wconf 85' lang='grc' dir='ltr'>τοῦ</span> <span class='ocrx_word' id='word_1_319' title='bbox 1319 1014 1451 1050; x_wconf 80' lang='grc' dir='ltr'>ρυσθῆναι</span> <span class='ocrx_word' id='word_1_320' title='bbox 1474 1014 1548 1049; x_wconf 80' lang='grc' dir='ltr'>ἡμᾶς</span> <span class='ocrx_word' id='word_1_321' title='bbox 1571 1014 1624 1041; x_wconf 83' lang='grc' dir='ltr'>ἁπὸ</span> <span class='ocrx_word' id='word_1_322' title='bbox 1649 1014 1740 1049; x_wconf 86' lang='grc' dir='ltr'>πάσης</span> <span class='ocrx_word' id='word_1_323' title='bbox 1753 1013 1881 1049; x_wconf 78' lang='grc' dir='ltr'>θλίψεως,</span> 
     </span>
    </p>
   </div>
   <div class='ocr_carea' id='block_1_49' title="bbox 1092 1059 1738 1096">
    <p class='ocr_par' dir='ltr' id='par_1_49' title="bbox 1092 1059 1738 1096">
     <span class='ocr_line' id='line_1_49' title="bbox 1092 1059 1738 1096; baseline 0.003 -10"><span class='ocrx_word' id='word_1_324' title='bbox 1092 1059 1179 1094; x_wconf 80' lang='grc' dir='ltr'>ὀργῆς</span> <span class='ocrx_word' id='word_1_325' title='bbox 1195 1060 1242 1086; x_wconf 77' lang='grc' dir='ltr'>καὶ</span> <span class='ocrx_word' id='word_1_326' title='bbox 1259 1060 1393 1095; x_wconf 79' lang='grc' dir='ltr'>ἀνάγκης,</span> <span class='ocrx_word' id='word_1_327' title='bbox 1407 1060 1454 1087; x_wconf 85' lang='grc' dir='ltr'>τοῦ</span> <span class='ocrx_word' id='word_1_328' title='bbox 1469 1060 1572 1096; x_wconf 78' lang='grc' dir='ltr'>Κυρίου</span> <span class='ocrx_word' id='word_1_329' title='bbox 1587 1059 1738 1096; x_wconf 87' lang='grc' dir='ltr'>δεηθῶμεν.</span> 
     </span>
    </p>
   </div>
   <div class='ocr_carea' id='block_1_50' title="bbox 1093 1115 1882 1155">
    <p class='ocr_par' dir='ltr' id='par_1_50' title="bbox 1093 1115 1882 1155">
     <span class='ocr_line' id='line_1_50' title="bbox 1093 1115 1882 1155; baseline 0.001 -13"><span class='ocrx_word' id='word_1_330' title='bbox 1093 1115 1179 1150; x_wconf 84' lang='grc' dir='ltr'><strong><em>Εὺχὴ</em></strong></span> <span class='ocrx_word' id='word_1_331' title='bbox 1191 1115 1399 1155; x_wconf 48' lang='grc' dir='ltr'>προσκομιρῆς</span> <span class='ocrx_word' id='word_1_332' title='bbox 1411 1115 1486 1155; x_wconf 54' lang='lat' dir='ltr'><strong>pagi</strong></span> <span class='ocrx_word' id='word_1_333' title='bbox 1503 1115 1562 1149; x_wconf 80' lang='grc' dir='ltr'>τὴν</span> <span class='ocrx_word' id='word_1_334' title='bbox 1572 1115 1662 1155; x_wconf 55' lang='lat' dir='ltr'>etv-I13</span> <span class='ocrx_word' id='word_1_335' title='bbox 1674 1117 1743 1151; x_wconf 81' lang='grc' dir='ltr'>ἁγίᾳ</span> <span class='ocrx_word' id='word_1_336' title='bbox 1755 1117 1882 1154; x_wconf 59' lang='lat' dir='ltr'>quaeq;</span> 
     </span>
    </p>
   </div>
   <div class='ocr_carea' id='block_1_51' title="bbox 1253 1150 1722 1185">
    <p class='ocr_par' dir='ltr' id='par_1_51' title="bbox 1253 1150 1722 1185">
     <span class='ocr_line' id='line_1_51' title="bbox 1253 1150 1722 1185; baseline 0.004 -8"><span class='ocrx_word' id='word_1_337' title='bbox 1253 1150 1313 1177; x_wconf 83' lang='grc' dir='ltr'>τῶν</span> <span class='ocrx_word' id='word_1_338' title='bbox 1332 1150 1419 1177; x_wconf 81' lang='grc' dir='ltr'>θείων</span> <span class='ocrx_word' id='word_1_339' title='bbox 1441 1150 1543 1185; x_wconf 82' lang='grc' dir='ltr'>δώρων</span> <span class='ocrx_word' id='word_1_340' title='bbox 1561 1150 1722 1179; x_wconf 63' lang='grc' dir='ltr'>ἀπόθεσιν.</span> 
     </span>
    </p>
   </div>
   <div class='ocr_carea' id='block_1_52' title="bbox 1130 1204 1884 1242">
    <p class='ocr_par' dir='ltr' id='par_1_52' title="bbox 1130 1204 1884 1242">
     <span class='ocr_line' id='line_1_52' title="bbox 1130 1204 1884 1242; baseline 0.007 -11"><span class='ocrx_word' id='word_1_341' title='bbox 1130 1205 1217 1240; x_wconf 80' lang='grc' dir='ltr'>Κύριε</span> <span class='ocrx_word' id='word_1_342' title='bbox 1234 1205 1273 1240; x_wconf 69' lang='grc'>(4)</span> <span class='ocrx_word' id='word_1_343' title='bbox 1292 1204 1306 1230; x_wconf 84' lang='grc' dir='ltr'><strong>ό</strong></span> <span class='ocrx_word' id='word_1_344' title='bbox 1320 1204 1396 1238; x_wconf 83' lang='grc' dir='ltr'>Θεὸς,</span> <span class='ocrx_word' id='word_1_345' title='bbox 1420 1206 1434 1232; x_wconf 81' lang='grc' dir='ltr'>δ</span> <span class='ocrx_word' id='word_1_346' title='bbox 1447 1205 1543 1237; x_wconf 77' lang='grc' dir='ltr'>κτίσας</span> <span class='ocrx_word' id='word_1_347' title='bbox 1557 1206 1632 1242; x_wconf 76' lang='grc' dir='ltr'>ἡμᾶς</span> <span class='ocrx_word' id='word_1_348' title='bbox 1651 1207 1699 1234; x_wconf 77' lang='grc' dir='ltr'>καὶ</span> <span class='ocrx_word' id='word_1_349' title='bbox 1714 1208 1826 1242; x_wconf 78' lang='grc' dir='ltr'>ἀγαγὼν</span> <span class='ocrx_word' id='word_1_350' title='bbox 1842 1209 1884 1240; x_wconf 77' lang='grc' dir='ltr'>είς</span> 
     </span>
    </p>
   </div>
   <div class='ocr_carea' id='block_1_53' title="bbox 1093 1251 1883 1290">
    <p class='ocr_par' dir='ltr' id='par_1_53' title="bbox 1093 1251 1883 1290">
     <span class='ocr_line' id='line_1_53' title="bbox 1093 1251 1883 1290; baseline 0.004 -12"><span class='ocrx_word' id='word_1_351' title='bbox 1093 1251 1143 1287; x_wconf 83' lang='grc' dir='ltr'>τὴν</span> <span class='ocrx_word' id='word_1_352' title='bbox 1163 1251 1236 1287; x_wconf 79' lang='grc' dir='ltr'>ζωὴν</span> <span class='ocrx_word' id='word_1_353' title='bbox 1250 1252 1363 1287; x_wconf 81' lang='grc' dir='ltr'>ταύτην,</span> <span class='ocrx_word' id='word_1_354' title='bbox 1378 1253 1392 1278; x_wconf 83' lang='grc' dir='ltr'>ὁ</span> <span class='ocrx_word' id='word_1_355' title='bbox 1413 1252 1555 1285; x_wconf 79' lang='grc' dir='ltr'>ὑποδείξας</span> <span class='ocrx_word' id='word_1_356' title='bbox 1570 1254 1637 1288; x_wconf 81' lang='grc' dir='ltr'>ἡμῖν</span> <span class='ocrx_word' id='word_1_357' title='bbox 1650 1254 1726 1286; x_wconf 78' lang='grc' dir='ltr'>ὁδοὺς</span> <span class='ocrx_word' id='word_1_358' title='bbox 1738 1255 1779 1286; x_wconf 82' lang='grc' dir='ltr'>είς</span> <span class='ocrx_word' id='word_1_359' title='bbox 1794 1263 1883 1290; x_wconf 84' lang='grc' dir='ltr'>σωτη-</span> 
     </span>
    </p>
   </div>
   <div class='ocr_carea' id='block_1_54' title="bbox 1095 1297 1884 1334">
    <p class='ocr_par' dir='ltr' id='par_1_54' title="bbox 1095 1297 1884 1334">
     <span class='ocr_line' id='line_1_54' title="bbox 1095 1297 1884 1334; baseline 0.004 -10"><span class='ocrx_word' id='word_1_360' title='bbox 1095 1297 1167 1333; x_wconf 85' lang='grc' dir='ltr'>ρίαν,</span> <span class='ocrx_word' id='word_1_361' title='bbox 1180 1297 1194 1323; x_wconf 84' lang='grc' dir='ltr'>ὀ</span> <span class='ocrx_word' id='word_1_362' title='bbox 1208 1297 1393 1332; x_wconf 76' lang='grc' dir='ltr'>χαρισάμενος</span> <span class='ocrx_word' id='word_1_363' title='bbox 1409 1298 1476 1333; x_wconf 78' lang='grc' dir='ltr'>ἡμῖν</span> <span class='ocrx_word' id='word_1_364' title='bbox 1490 1297 1622 1334; x_wconf 83' lang='grc' dir='ltr'>οὐρανίων</span> <span class='ocrx_word' id='word_1_365' title='bbox 1637 1299 1796 1334; x_wconf 82' lang='grc' dir='ltr'>μυστηρίων</span> <span class='ocrx_word' id='word_1_366' title='bbox 1817 1300 1884 1327; x_wconf 86' lang='grc' dir='ltr'>ἁπο-</span> 
     </span>
    </p>
   </div>
   <div class='ocr_carea' id='block_1_55' title="bbox 1095 1341 1883 1379">
    <p class='ocr_par' dir='ltr' id='par_1_55' title="bbox 1095 1341 1883 1379">
     <span class='ocr_line' id='line_1_55' title="bbox 1095 1341 1883 1379; baseline 0.004 -10"><span class='ocrx_word' id='word_1_367' title='bbox 1095 1343 1225 1378; x_wconf 83' lang='grc' dir='ltr'>κάλυψιν·</span> <span class='ocrx_word' id='word_1_368' title='bbox 1247 1344 1279 1370; x_wconf 82' lang='grc' dir='ltr'>σὺ</span> <span class='ocrx_word' id='word_1_369' title='bbox 1303 1341 1329 1369; x_wconf 82' lang='grc' dir='ltr'>εῐ</span> <span class='ocrx_word' id='word_1_370' title='bbox 1352 1344 1366 1370; x_wconf 84' lang='grc' dir='ltr'><strong>ὸ</strong></span> <span class='ocrx_word' id='word_1_371' title='bbox 1392 1343 1505 1378; x_wconf 78' lang='grc' dir='ltr'>θέμενος</span> <span class='ocrx_word' id='word_1_372' title='bbox 1526 1344 1599 1379; x_wconf 76' lang='grc' dir='ltr'>ἡμᾶς</span> <span class='ocrx_word' id='word_1_373' title='bbox 1622 1345 1662 1376; x_wconf 85' lang='grc' dir='ltr'>εῑς</span> <span class='ocrx_word' id='word_1_374' title='bbox 1680 1345 1730 1379; x_wconf 83' lang='grc' dir='ltr'>τὴν</span> <span class='ocrx_word' id='word_1_375' title='bbox 1744 1345 1883 1373; x_wconf 84' lang='grc' dir='ltr'>διακονίαν</span> 
     </span>
    </p>
   </div>
   <div class='ocr_carea' id='block_1_56' title="bbox 1093 1388 1882 1426">
    <p class='ocr_par' dir='ltr' id='par_1_56' title="bbox 1093 1388 1882 1426">
     <span class='ocr_line' id='line_1_56' title="bbox 1093 1388 1882 1426; baseline 0.005 -11"><span class='ocrx_word' id='word_1_376' title='bbox 1093 1389 1206 1424; x_wconf 82' lang='grc' dir='ltr'>ταύτην,</span> <span class='ocrx_word' id='word_1_377' title='bbox 1231 1390 1259 1415; x_wconf 81' lang='grc' dir='ltr'>ἐν</span> <span class='ocrx_word' id='word_1_378' title='bbox 1281 1389 1313 1424; x_wconf 84' lang='grc' dir='ltr'>τῇ</span> <span class='ocrx_word' id='word_1_379' title='bbox 1336 1388 1449 1424; x_wconf 84' lang='grc' dir='ltr'>δυνάμει</span> <span class='ocrx_word' id='word_1_380' title='bbox 1469 1389 1516 1416; x_wconf 81' lang='grc' dir='ltr'>τοῦ</span> <span class='ocrx_word' id='word_1_381' title='bbox 1539 1390 1697 1424; x_wconf 86' lang='grc' dir='ltr'>Πνεύματός</span> <span class='ocrx_word' id='word_1_382' title='bbox 1720 1399 1767 1417; x_wconf 88' lang='grc' dir='ltr'>σου</span> <span class='ocrx_word' id='word_1_383' title='bbox 1791 1392 1882 1426; x_wconf 85' lang='grc' dir='ltr'>ἁγίου.</span> 
     </span>
    </p>
   </div>
   <div class='ocr_carea' id='block_1_57' title="bbox 1094 1434 1884 1472">
    <p class='ocr_par' dir='ltr' id='par_1_57' title="bbox 1094 1434 1884 1472">
     <span class='ocr_line' id='line_1_57' title="bbox 1094 1434 1884 1472; baseline 0.006 -12"><span class='ocrx_word' id='word_1_384' title='bbox 1094 1434 1246 1469; x_wconf 86' lang='grc' dir='ltr'>Εὺδόκησον</span> <span class='ocrx_word' id='word_1_385' title='bbox 1258 1434 1301 1470; x_wconf 79' lang='grc' dir='ltr'>δὴ,</span> <span class='ocrx_word' id='word_1_386' title='bbox 1320 1435 1417 1469; x_wconf 86' lang='grc' dir='ltr'>Κύριε,</span> <span class='ocrx_word' id='word_1_387' title='bbox 1439 1435 1488 1462; x_wconf 80' lang='grc' dir='ltr'>τοῦ</span> <span class='ocrx_word' id='word_1_388' title='bbox 1500 1435 1627 1470; x_wconf 79' lang='grc' dir='ltr'>γενέσθαι</span> <span class='ocrx_word' id='word_1_389' title='bbox 1649 1437 1723 1472; x_wconf 82' lang='grc' dir='ltr'>ἡμᾶς</span> <span class='ocrx_word' id='word_1_390' title='bbox 1743 1438 1884 1471; x_wconf 80' lang='grc' dir='ltr'>διακόνους</span> 
     </span>
    </p>
   </div>
   <div class='ocr_carea' id='block_1_58' title="bbox 1093 1481 1884 1519">
    <p class='ocr_par' dir='ltr' id='par_1_58' title="bbox 1093 1481 1884 1519">
     <span class='ocr_line' id='line_1_58' title="bbox 1093 1481 1884 1519; baseline 0.008 -13"><span class='ocrx_word' id='word_1_391' title='bbox 1093 1481 1144 1515; x_wconf 84' lang='grc' dir='ltr'>τῆς</span> <span class='ocrx_word' id='word_1_392' title='bbox 1166 1481 1270 1517; x_wconf 81' lang='grc' dir='ltr'>Καινῆς</span> <span class='ocrx_word' id='word_1_393' title='bbox 1294 1489 1341 1507; x_wconf 90' lang='grc' dir='ltr'>σου</span> <span class='ocrx_word' id='word_1_394' title='bbox 1359 1481 1508 1516; x_wconf 84' lang='grc' dir='ltr'>Διαθήκης,</span> <span class='ocrx_word' id='word_1_395' title='bbox 1534 1481 1709 1518; x_wconf 82' lang='grc' dir='ltr'>λειτουργοὺς</span> <span class='ocrx_word' id='word_1_396' title='bbox 1730 1483 1784 1511; x_wconf 82' lang='grc' dir='ltr'>τῶν</span> <span class='ocrx_word' id='word_1_397' title='bbox 1798 1485 1884 1519; x_wconf 81' lang='grc' dir='ltr'>ἁγίων</span> 
     </span>
    </p>
   </div>
   <div class='ocr_carea' id='block_1_59' title="bbox 1095 1527 1884 1567">
    <p class='ocr_par' dir='ltr' id='par_1_59' title="bbox 1095 1527 1884 1567">
     <span class='ocr_line' id='line_1_59' title="bbox 1095 1527 1884 1567; baseline 0.005 -13"><span class='ocrx_word' id='word_1_398' title='bbox 1095 1536 1142 1555; x_wconf 87' lang='grc' dir='ltr'>σου</span> <span class='ocrx_word' id='word_1_399' title='bbox 1164 1527 1332 1563; x_wconf 80' lang='grc' dir='ltr'>μυστηρίων.</span> <span class='ocrx_word' id='word_1_400' title='bbox 1348 1527 1498 1562; x_wconf 83' lang='grc' dir='ltr'>Πρόσδεξαι</span> <span class='ocrx_word' id='word_1_401' title='bbox 1509 1529 1583 1564; x_wconf 73' lang='grc' dir='ltr'>ἡμᾶς</span> <span class='ocrx_word' id='word_1_402' title='bbox 1600 1530 1830 1565; x_wconf 74' lang='grc' dir='ltr'>προςεγγίζοντας</span> <span class='ocrx_word' id='word_1_403' title='bbox 1845 1531 1884 1567; x_wconf 83' lang='grc' dir='ltr'>τῷ</span> 
     </span>
    </p>
   </div>
   <div class='ocr_carea' id='block_1_60' title="bbox 252 1565 1054 1611">
    <p class='ocr_par' dir='ltr' id='par_1_60' title="bbox 252 1571 1040 1609">
     <span class='ocr_line' id='line_1_60' title="bbox 252 1571 1040 1609; baseline -0.011 -3"><span class='ocrx_word' id='word_1_404' title='bbox 252 1577 409 1606; x_wconf 74' lang='lat' dir='ltr'><strong>sericordia:</strong></span> <span class='ocrx_word' id='word_1_405' title='bbox 426 1580 490 1608; x_wconf 69' lang='lat' dir='ltr'><strong>tuae,</strong></span> <span class='ocrx_word' id='word_1_406' title='bbox 509 1579 537 1601; x_wconf 92' lang='lat' dir='ltr'><strong>ul</strong></span> <span class='ocrx_word' id='word_1_407' title='bbox 553 1573 627 1609; x_wconf 82' lang='lat' dir='ltr'><strong>digni</strong></span> <span class='ocrx_word' id='word_1_408' title='bbox 659 1571 808 1600; x_wconf 80' lang='lat' dir='ltr'><strong>elliciamur</strong></span> <span class='ocrx_word' id='word_1_409' title='bbox 824 1572 856 1599; x_wconf 87' lang='lat' dir='ltr'>ad</span> <span class='ocrx_word' id='word_1_410' title='bbox 872 1571 1040 1598; x_wconf 82' lang='lat' dir='ltr'><strong>olieremlum</strong></span> 
     </span>
    </p>
   </div>
   <div class='ocr_carea' id='block_1_61' title="bbox 1093 1565 1885 1611">
    <p class='ocr_par' dir='ltr' id='par_1_61' title="bbox 1095 1565 1885 1611">
     <span class='ocr_line' id='line_1_61' title="bbox 1095 1565 1885 1611; baseline 0.006 -11"><span class='ocrx_word' id='word_1_411' title='bbox 1095 1574 1166 1609; x_wconf 89' lang='grc' dir='ltr'>ἁγίῳ</span> <span class='ocrx_word' id='word_1_412' title='bbox 1187 1583 1234 1600; x_wconf 87' lang='grc' dir='ltr'>σου</span> <span class='ocrx_word' id='word_1_413' title='bbox 1257 1574 1457 1611; x_wconf 77' lang='grc' dir='ltr'>θυσιαστηρίῳ,</span> <span class='ocrx_word' id='word_1_414' title='bbox 1476 1576 1547 1603; x_wconf 82' lang='grc' dir='ltr'>κατὰ</span> <span class='ocrx_word' id='word_1_415' title='bbox 1560 1576 1590 1603; x_wconf 69' lang='grc' dir='ltr'>τὸ</span> <span class='ocrx_word' id='word_1_416' title='bbox 1605 1577 1707 1611; x_wconf 82' lang='grc' dir='ltr'>πλῆθος</span> <span class='ocrx_word' id='word_1_417' title='bbox 1724 1577 1771 1604; x_wconf 63' lang='grc' dir='ltr'>τοῦ</span> <span class='ocrx_word' id='word_1_418' title='bbox 1792 1565 1885 1610; x_wconf 74' lang='grc' dir='ltr'>ἐλέους</span> 
     </span>
    </p>
   </div>
   <div class='ocr_carea' id='block_1_62' title="bbox 252 1616 1045 1652">
    <p class='ocr_par' dir='ltr' id='par_1_62' title="bbox 252 1616 1045 1652">
     <span class='ocr_line' id='line_1_62' title="bbox 252 1616 1045 1652; baseline -0.011 0"><span class='ocrx_word' id='word_1_419' title='bbox 252 1624 302 1652; x_wconf 82' lang='lat' dir='ltr'><strong>tibi</strong></span> <span class='ocrx_word' id='word_1_420' title='bbox 337 1621 470 1650; x_wconf 84' lang='lat' dir='ltr'><strong>rationale</strong></span> <span class='ocrx_word' id='word_1_421' title='bbox 494 1620 546 1647; x_wconf 89' lang='lat' dir='ltr'>hoc</span> <span class='ocrx_word' id='word_1_422' title='bbox 571 1624 597 1646; x_wconf 87' lang='lat' dir='ltr'>et</span> <span class='ocrx_word' id='word_1_423' title='bbox 613 1619 788 1646; x_wconf 81' lang='lat' dir='ltr'><strong>incruentum</strong></span> <span class='ocrx_word' id='word_1_424' title='bbox 804 1616 969 1645; x_wconf 75' lang='lat' dir='ltr'><strong>sacrificium</strong></span> <span class='ocrx_word' id='word_1_425' title='bbox 997 1623 1045 1650; x_wconf 85' lang='lat' dir='ltr'>pro</span> 
     </span>
    </p>
   </div>
   <div class='ocr_carea' id='block_1_63' title="bbox 252 1660 1045 1703">
    <p class='ocr_par' dir='ltr' id='par_1_63' title="bbox 252 1660 1045 1703">
     <span class='ocr_line' id='line_1_63' title="bbox 252 1660 1045 1703; baseline -0.014 -6"><span class='ocrx_word' id='word_1_426' title='bbox 252 1669 356 1697; x_wconf 89' lang='lat' dir='ltr'><strong>nostris</strong></span> <span class='ocrx_word' id='word_1_427' title='bbox 369 1666 488 1703; x_wconf 80' lang='lat' dir='ltr'><strong>peccatis</strong></span> <span class='ocrx_word' id='word_1_428' title='bbox 503 1670 530 1692; x_wconf 89' lang='lat' dir='ltr'>ct</span> <span class='ocrx_word' id='word_1_429' title='bbox 559 1664 641 1692; x_wconf 79' lang='lat' dir='ltr'><strong>totius</strong></span> <span class='ocrx_word' id='word_1_430' title='bbox 665 1662 756 1698; x_wconf 89' lang='lat' dir='ltr'><strong>populi</strong></span> <span class='ocrx_word' id='word_1_431' title='bbox 785 1662 957 1698; x_wconf 76' lang='lat' dir='ltr'><strong>ignorantiis,</strong></span> <span class='ocrx_word' id='word_1_432' title='bbox 974 1660 1045 1696; x_wconf 92' lang='lat' dir='ltr'><strong>quod</strong></span> 
     </span>
    </p>
   </div>
   <div class='ocr_carea' id='block_1_64' title="bbox 251 1708 1044 1750">
    <p class='ocr_par' dir='ltr' id='par_1_64' title="bbox 251 1708 1044 1750">
     <span class='ocr_line' id='line_1_64' title="bbox 251 1708 1044 1750; baseline -0.011 -7"><span class='ocrx_word' id='word_1_433' title='bbox 251 1715 406 1750; x_wconf 75' lang='lat' dir='ltr'><strong>suscipiens</strong></span> <span class='ocrx_word' id='word_1_434' title='bbox 435 1714 462 1740; x_wconf 93' lang='lat' dir='ltr'><strong>in</strong></span> <span class='ocrx_word' id='word_1_435' title='bbox 487 1716 582 1740; x_wconf 78' lang='lat' dir='ltr'><strong>sancto</strong></span> <span class='ocrx_word' id='word_1_436' title='bbox 597 1715 624 1738; x_wconf 90' lang='lat' dir='ltr'>et</span> <span class='ocrx_word' id='word_1_437' title='bbox 650 1710 840 1745; x_wconf 71' lang='lat' dir='ltr'><strong>supracoslcsti</strong></span> <span class='ocrx_word' id='word_1_438' title='bbox 865 1714 892 1736; x_wconf 87' lang='lat' dir='ltr'>et</span> <span class='ocrx_word' id='word_1_439' title='bbox 910 1708 1044 1743; x_wconf 87' lang='lat' dir='ltr'><strong>spirituali</strong></span> 
     </span>
    </p>
   </div>
   <div class='ocr_carea' id='block_1_65' title="bbox 251 1754 1045 1790">
    <p class='ocr_par' dir='ltr' id='par_1_65' title="bbox 251 1754 1045 1790">
     <span class='ocr_line' id='line_1_65' title="bbox 251 1754 1045 1790; baseline -0.011 -1"><span class='ocrx_word' id='word_1_440' title='bbox 251 1762 330 1789; x_wconf 80' lang='lat' dir='ltr'><strong>altari</strong></span> <span class='ocrx_word' id='word_1_441' title='bbox 356 1760 442 1788; x_wconf 82' lang='lat' dir='ltr'><strong>tuoin</strong></span> <span class='ocrx_word' id='word_1_442' title='bbox 465 1759 575 1786; x_wconf 86' lang='lat' dir='ltr'><strong>odorem</strong></span> <span class='ocrx_word' id='word_1_443' title='bbox 612 1757 767 1788; x_wconf 84' lang='lat' dir='ltr'><strong>suavitatis,</strong></span> <span class='ocrx_word' id='word_1_444' title='bbox 791 1756 849 1790; x_wconf 85' lang='lat' dir='ltr'><strong>ejus</strong></span> <span class='ocrx_word' id='word_1_445' title='bbox 880 1757 940 1782; x_wconf 90' lang='lat' dir='ltr'><strong>loco</strong></span> <span class='ocrx_word' id='word_1_446' title='bbox 970 1754 1045 1781; x_wconf 88' lang='lat' dir='ltr'><strong>mitte</strong></span> 
     </span>
    </p>
   </div>
   <div class='ocr_carea' id='block_1_66' title="bbox 252 1799 1044 1840">
    <p class='ocr_par' dir='ltr' id='par_1_66' title="bbox 252 1799 1044 1840">
     <span class='ocr_line' id='line_1_66' title="bbox 252 1799 1044 1840; baseline -0.011 -6"><span class='ocrx_word' id='word_1_447' title='bbox 252 1807 330 1834; x_wconf 89' lang='lat' dir='ltr'><strong>nobis</strong></span> <span class='ocrx_word' id='word_1_448' title='bbox 348 1805 461 1840; x_wconf 73' lang='lat' dir='ltr'><strong>gratiam</strong></span> <span class='ocrx_word' id='word_1_449' title='bbox 489 1803 575 1831; x_wconf 88' lang='lat' dir='ltr'><strong>sancti</strong></span> <span class='ocrx_word' id='word_1_450' title='bbox 590 1802 628 1828; x_wconf 94' lang='lat' dir='ltr'>tui</span> <span class='ocrx_word' id='word_1_451' title='bbox 656 1801 783 1836; x_wconf 85' lang='lat' dir='ltr'><strong>Spiritus.</strong></span> <span class='ocrx_word' id='word_1_452' title='bbox 803 1799 917 1834; x_wconf 78' lang='lat' dir='ltr'><strong>Respice</strong></span> <span class='ocrx_word' id='word_1_453' title='bbox 943 1799 968 1826; x_wconf 93' lang='lat' dir='ltr'><strong>in</strong></span> <span class='ocrx_word' id='word_1_454' title='bbox 986 1807 1044 1830; x_wconf 83' lang='lat' dir='ltr'><strong>nos,</strong></span> 
     </span>
    </p>
   </div>
   <div class='ocr_carea' id='block_1_67' title="bbox 252 1847 1045 1884">
    <p class='ocr_par' dir='ltr' id='par_1_67' title="bbox 252 1847 1045 1884">
     <span class='ocr_line' id='line_1_67' title="bbox 252 1847 1045 1884; baseline -0.01 -5"><span class='ocrx_word' id='word_1_455' title='bbox 252 1853 333 1881; x_wconf 81' lang='lat' dir='ltr'><strong>Deus.</strong></span> <span class='ocrx_word' id='word_1_456' title='bbox 347 1856 373 1877; x_wconf 88' lang='lat' dir='ltr'><strong>et</strong></span> <span class='ocrx_word' id='word_1_457' title='bbox 388 1849 480 1884; x_wconf 86' lang='lat' dir='ltr'><strong>aspice</strong></span> <span class='ocrx_word' id='word_1_458' title='bbox 497 1849 523 1875; x_wconf 93' lang='lat' dir='ltr'><strong>in</strong></span> <span class='ocrx_word' id='word_1_459' title='bbox 547 1847 619 1874; x_wconf 89' lang='lat' dir='ltr'><strong>hunc</strong></span> <span class='ocrx_word' id='word_1_460' title='bbox 644 1847 747 1873; x_wconf 91' lang='lat' dir='ltr'><strong>cultum</strong></span> <span class='ocrx_word' id='word_1_461' title='bbox 778 1851 916 1877; x_wconf 82' lang='lat' dir='ltr'><strong>nostrum,</strong></span> <span class='ocrx_word' id='word_1_462' title='bbox 932 1850 959 1872; x_wconf 89' lang='lat' dir='ltr'>et</span> <span class='ocrx_word' id='word_1_463' title='bbox 982 1853 1045 1872; x_wconf 77' lang='lat' dir='ltr'><strong>sus-</strong></span> 
     </span>
    </p>
   </div>
   <div class='ocr_carea' id='block_1_68' title="bbox 251 1890 1044 1931">
    <p class='ocr_par' dir='ltr' id='par_1_68' title="bbox 251 1890 1044 1931">
     <span class='ocr_line' id='line_1_68' title="bbox 251 1890 1044 1931; baseline -0.009 -7"><span class='ocrx_word' id='word_1_464' title='bbox 251 1899 310 1931; x_wconf 80' lang='lat' dir='ltr'><strong>cipe</strong></span> <span class='ocrx_word' id='word_1_465' title='bbox 324 1897 399 1924; x_wconf 89' lang='lat' dir='ltr'><strong>illum</strong></span> <span class='ocrx_word' id='word_1_466' title='bbox 416 1896 489 1922; x_wconf 87' lang='lat' dir='ltr'><strong>sicut</strong></span> <span class='ocrx_word' id='word_1_467' title='bbox 505 1893 630 1928; x_wconf 84' lang='lat' dir='ltr'><strong>recepisti</strong></span> <span class='ocrx_word' id='word_1_468' title='bbox 647 1892 714 1919; x_wconf 87' lang='lat' dir='ltr'><strong>Abel</strong></span> <span class='ocrx_word' id='word_1_469' title='bbox 728 1899 852 1924; x_wconf 87' lang='lat' dir='ltr'><strong>munera,</strong></span> <span class='ocrx_word' id='word_1_470' title='bbox 868 1890 923 1918; x_wconf 72' lang='lat' dir='ltr'><strong>Noe</strong></span> <span class='ocrx_word' id='word_1_471' title='bbox 938 1890 1044 1918; x_wconf 83' lang='lat' dir='ltr'><strong>sacriﬁ-</strong></span> 
     </span>
    </p>
   </div>
   <div class='ocr_carea' id='block_1_69' title="bbox 251 1938 1044 1976">
    <p class='ocr_par' dir='ltr' id='par_1_69' title="bbox 251 1938 1044 1976">
     <span class='ocr_line' id='line_1_69' title="bbox 251 1938 1044 1976; baseline -0.009 -5"><span class='ocrx_word' id='word_1_472' title='bbox 251 1945 305 1976; x_wconf 85' lang='lat' dir='ltr'><strong>cia,</strong></span> <span class='ocrx_word' id='word_1_473' title='bbox 325 1942 461 1970; x_wconf 79' lang='lat' dir='ltr'><strong>Abraham</strong></span> <span class='ocrx_word' id='word_1_474' title='bbox 485 1940 655 1972; x_wconf 83' lang='lat' dir='ltr'><strong>holocausta,</strong></span> <span class='ocrx_word' id='word_1_475' title='bbox 682 1938 765 1966; x_wconf 81' lang='lat' dir='ltr'><strong>Mosis</strong></span> <span class='ocrx_word' id='word_1_476' title='bbox 784 1942 811 1965; x_wconf 92' lang='lat' dir='ltr'><strong>et</strong></span> <span class='ocrx_word' id='word_1_477' title='bbox 837 1939 927 1965; x_wconf 85' lang='lat' dir='ltr'><strong>Aaron</strong></span> <span class='ocrx_word' id='word_1_478' title='bbox 955 1944 1044 1971; x_wconf 84' lang='lat' dir='ltr'><strong>sacra,</strong></span> 
     </span>
    </p>
   </div>
   <div class='ocr_carea' id='block_1_70' title="bbox 252 1984 1045 2023">
    <p class='ocr_par' dir='ltr' id='par_1_70' title="bbox 252 1984 1045 2023">
     <span class='ocr_line' id='line_1_70' title="bbox 252 1984 1045 2023; baseline -0.006 -6"><span class='ocrx_word' id='word_1_479' title='bbox 252 1989 363 2018; x_wconf 81' lang='lat' dir='ltr'><strong>Samuel</strong></span> <span class='ocrx_word' id='word_1_480' title='bbox 391 1987 522 2023; x_wconf 82' lang='lat' dir='ltr'><strong>paciﬁca;</strong></span> <span class='ocrx_word' id='word_1_481' title='bbox 554 1987 624 2013; x_wconf 89' lang='lat' dir='ltr'><strong>sicut</strong></span> <span class='ocrx_word' id='word_1_482' title='bbox 653 1984 780 2019; x_wconf 84' lang='lat' dir='ltr'><strong>recepisti</strong></span> <span class='ocrx_word' id='word_1_483' title='bbox 807 1993 822 2011; x_wconf 88' lang='lat' dir='ltr'>a</span> <span class='ocrx_word' id='word_1_484' title='bbox 852 1984 957 2012; x_wconf 86' lang='lat' dir='ltr'><strong>sanctis</strong></span> <span class='ocrx_word' id='word_1_485' title='bbox 991 1985 1045 2012; x_wconf 84' lang='lat' dir='ltr'><strong>tuis</strong></span> 
     </span>
    </p>
   </div>
   <div class='ocr_carea' id='block_1_71' title="bbox 250 2031 1044 2072">
    <p class='ocr_par' dir='ltr' id='par_1_71' title="bbox 250 2031 1044 2072">
     <span class='ocr_line' id='line_1_71' title="bbox 250 2031 1044 2072; baseline -0.006 -8"><span class='ocrx_word' id='word_1_486' title='bbox 250 2035 380 2072; x_wconf 61' lang='lat' dir='ltr'><strong>apostolis</strong></span> <span class='ocrx_word' id='word_1_487' title='bbox 391 2032 566 2062; x_wconf 85' lang='lat' dir='ltr'><strong>verumhuuc</strong></span> <span class='ocrx_word' id='word_1_488' title='bbox 577 2031 692 2062; x_wconf 85' lang='lat' dir='ltr'><strong>cultum,</strong></span> <span class='ocrx_word' id='word_1_489' title='bbox 709 2031 745 2058; x_wconf 87' lang='lat' dir='ltr'>ita</span> <span class='ocrx_word' id='word_1_490' title='bbox 763 2034 790 2058; x_wconf 83' lang='lat' dir='ltr'>ct</span> <span class='ocrx_word' id='word_1_491' title='bbox 804 2038 836 2057; x_wconf 81' lang='lat' dir='ltr'><strong>ex</strong></span> <span class='ocrx_word' id='word_1_492' title='bbox 854 2031 981 2058; x_wconf 84' lang='lat' dir='ltr'><strong>inanibus</strong></span> <span class='ocrx_word' id='word_1_493' title='bbox 993 2037 1044 2059; x_wconf 80' lang='lat' dir='ltr'><strong>no-</strong></span> 
     </span>
    </p>
   </div>
   <div class='ocr_carea' id='block_1_72' title="bbox 251 2075 1043 2117">
    <p class='ocr_par' dir='ltr' id='par_1_72' title="bbox 251 2075 1043 2117">
     <span class='ocr_line' id='line_1_72' title="bbox 251 2075 1043 2117; baseline -0.006 -8"><span class='ocrx_word' id='word_1_494' title='bbox 251 2083 325 2114; x_wconf 82' lang='lat' dir='ltr'><strong>stris,</strong></span> <span class='ocrx_word' id='word_1_495' title='bbox 340 2079 467 2117; x_wconf 85' lang='lat' dir='ltr'><strong>quamvis</strong></span> <span class='ocrx_word' id='word_1_496' title='bbox 476 2082 663 2114; x_wconf 88' lang='lat' dir='ltr'><strong>peccatorum,</strong></span> <span class='ocrx_word' id='word_1_497' title='bbox 679 2077 787 2111; x_wconf 87' lang='lat' dir='ltr'><strong>suscipe</strong></span> <span class='ocrx_word' id='word_1_498' title='bbox 798 2076 869 2103; x_wconf 87' lang='lat' dir='ltr'><strong>dona</strong></span> <span class='ocrx_word' id='word_1_499' title='bbox 886 2075 943 2103; x_wconf 67' lang='lat' dir='ltr'><strong>haec</strong></span> <span class='ocrx_word' id='word_1_500' title='bbox 957 2077 984 2103; x_wconf 92' lang='lat' dir='ltr'><strong>in</strong></span> <span class='ocrx_word' id='word_1_501' title='bbox 997 2081 1043 2104; x_wconf 88' lang='lat' dir='ltr'><strong>tua</strong></span> 
     </span>
    </p>
   </div>
   <div class='ocr_carea' id='block_1_73' title="bbox 253 2122 1043 2162">
    <p class='ocr_par' dir='ltr' id='par_1_73' title="bbox 253 2122 1043 2162">
     <span class='ocr_line' id='line_1_73' title="bbox 253 2122 1043 2162; baseline -0.008 -6"><span class='ocrx_word' id='word_1_502' title='bbox 253 2128 431 2162; x_wconf 73' lang='lat' dir='ltr'><strong>benignitate,</strong></span> <span class='ocrx_word' id='word_1_503' title='bbox 448 2125 573 2156; x_wconf 84' lang='lat' dir='ltr'><strong>Domine,</strong></span> <span class='ocrx_word' id='word_1_504' title='bbox 595 2127 626 2151; x_wconf 88' lang='lat' dir='ltr'><strong>ut</strong></span> <span class='ocrx_word' id='word_1_505' title='bbox 642 2123 715 2158; x_wconf 78' lang='lat' dir='ltr'><strong>digiti</strong></span> <span class='ocrx_word' id='word_1_506' title='bbox 732 2122 815 2150; x_wconf 72' lang='lat' dir='ltr'><strong>habiti</strong></span> <span class='ocrx_word' id='word_1_507' title='bbox 840 2123 887 2157; x_wconf 88' lang='lat' dir='ltr'><strong>qui</strong></span> <span class='ocrx_word' id='word_1_508' title='bbox 903 2123 1043 2150; x_wconf 85' lang='lat' dir='ltr'><strong>ministre-</strong></span> 
     </span>
    </p>
   </div>
   <div class='ocr_carea' id='block_1_74' title="bbox 252 2167 1042 2200">
    <p class='ocr_par' dir='ltr' id='par_1_74' title="bbox 252 2167 1042 2200">
     <span class='ocr_line' id='line_1_74' title="bbox 252 2167 1042 2200; baseline -0.009 0"><span class='ocrx_word' id='word_1_509' title='bbox 252 2181 313 2200; x_wconf 87' lang='lat' dir='ltr'>mus</span> <span class='ocrx_word' id='word_1_510' title='bbox 329 2173 388 2200; x_wconf 81' lang='lat' dir='ltr'><strong>sine</strong></span> <span class='ocrx_word' id='word_1_511' title='bbox 402 2171 505 2198; x_wconf 70' lang='lat' dir='ltr'><strong>olfensa</strong></span> <span class='ocrx_word' id='word_1_512' title='bbox 519 2169 552 2197; x_wconf 87' lang='lat' dir='ltr'>ad</span> <span class='ocrx_word' id='word_1_513' title='bbox 572 2172 698 2196; x_wconf 79' lang='lat' dir='ltr'><strong>sanctum</strong></span> <span class='ocrx_word' id='word_1_514' title='bbox 727 2168 811 2194; x_wconf 85' lang='lat' dir='ltr'><strong>altare</strong></span> <span class='ocrx_word' id='word_1_515' title='bbox 826 2172 900 2194; x_wconf 90' lang='lat' dir='ltr'><strong>tuum</strong></span> <span class='ocrx_word' id='word_1_516' title='bbox 923 2167 1042 2194; x_wconf 74' lang='lat' dir='ltr'><strong>invenia-</strong></span> 
     </span>
    </p>
   </div>
   <div class='ocr_carea' id='block_1_75' title="bbox 252 2213 1040 2249">
    <p class='ocr_par' dir='ltr' id='par_1_75' title="bbox 252 2213 1040 2249">
     <span class='ocr_line' id='line_1_75' title="bbox 252 2213 1040 2249; baseline -0.01 -2"><span class='ocrx_word' id='word_1_517' title='bbox 252 2228 314 2247; x_wconf 85' lang='lat' dir='ltr'>mus</span> <span class='ocrx_word' id='word_1_518' title='bbox 335 2217 487 2246; x_wconf 89' lang='lat' dir='ltr'><strong>mercedem</strong></span> <span class='ocrx_word' id='word_1_519' title='bbox 515 2216 634 2243; x_wconf 86' lang='lat' dir='ltr'><strong>lidelium</strong></span> <span class='ocrx_word' id='word_1_520' title='bbox 661 2214 890 2249; x_wconf 87' lang='lat' dir='ltr'><strong>prudentiumque</strong></span> <span class='ocrx_word' id='word_1_521' title='bbox 921 2213 1040 2240; x_wconf 79' lang='lat' dir='ltr'><strong>admini—</strong></span> 
     </span>
    </p>
   </div>
   <div class='ocr_carea' id='block_1_76' title="bbox 252 2259 1041 2294">
    <p class='ocr_par' dir='ltr' id='par_1_76' title="bbox 252 2259 1041 2294">
     <span class='ocr_line' id='line_1_76' title="bbox 252 2259 1041 2294; baseline -0.009 -1"><span class='ocrx_word' id='word_1_522' title='bbox 252 2269 400 2293; x_wconf 78' lang='lat' dir='ltr'><strong>strator-um</strong></span> <span class='ocrx_word' id='word_1_523' title='bbox 427 2263 454 2290; x_wconf 89' lang='lat' dir='ltr'><strong>in</strong></span> <span class='ocrx_word' id='word_1_524' title='bbox 481 2262 527 2288; x_wconf 82' lang='lat' dir='ltr'><strong>die</strong></span> <span class='ocrx_word' id='word_1_525' title='bbox 566 2260 706 2288; x_wconf 87' lang='lat' dir='ltr'><strong>tremenda</strong></span> <span class='ocrx_word' id='word_1_526' title='bbox 733 2259 817 2294; x_wconf 67' lang='lat' dir='ltr'><strong>justaa</strong></span> <span class='ocrx_word' id='word_1_527' title='bbox 851 2259 1041 2287; x_wconf 84' lang='lat' dir='ltr'><strong>retributionis</strong></span> 
     </span>
    </p>
   </div>
   <div class='ocr_carea' id='block_1_77' title="bbox 250 2317 314 2338">
    <p class='ocr_par' dir='ltr' id='par_1_77' title="bbox 250 2317 314 2338">
     <span class='ocr_line' id='line_1_77' title="bbox 250 2317 314 2338; baseline 0 -1"><span class='ocrx_word' id='word_1_528' title='bbox 250 2317 314 2338; x_wconf 65' lang='lat' dir='ltr'><strong>tutu.</strong></span> 
     </span>
    </p>
   </div>
   <div class='ocr_carea' id='block_1_78' title="bbox 1097 1619 1884 1660">
    <p class='ocr_par' dir='ltr' id='par_1_78' title="bbox 1097 1619 1884 1660">
     <span class='ocr_line' id='line_1_78' title="bbox 1097 1619 1884 1660; baseline 0.008 -15"><span class='ocrx_word' id='word_1_529' title='bbox 1097 1627 1155 1652; x_wconf 79' lang='grc' dir='ltr'>σου,</span> <span class='ocrx_word' id='word_1_530' title='bbox 1178 1619 1221 1646; x_wconf 83' lang='grc' dir='ltr'>ἴνα</span> <span class='ocrx_word' id='word_1_531' title='bbox 1244 1619 1388 1655; x_wconf 83' lang='grc' dir='ltr'>γενώμεθα</span> <span class='ocrx_word' id='word_1_532' title='bbox 1414 1619 1484 1652; x_wconf 83' lang='grc' dir='ltr'>ἁξιοι</span> <span class='ocrx_word' id='word_1_533' title='bbox 1505 1620 1553 1647; x_wconf 82' lang='grc' dir='ltr'>τοῦ</span> <span class='ocrx_word' id='word_1_534' title='bbox 1579 1622 1746 1658; x_wconf 75' lang='grc' dir='ltr'>προσφέρειν</span> <span class='ocrx_word' id='word_1_535' title='bbox 1768 1632 1810 1650; x_wconf 86' lang='grc' dir='ltr'>σοι</span> <span class='ocrx_word' id='word_1_536' title='bbox 1833 1625 1884 1660; x_wconf 80' lang='grc' dir='ltr'>τὴν</span> 
     </span>
    </p>
   </div>
   <div class='ocr_carea' id='block_1_79' title="bbox 1096 1664 1884 1705">
    <p class='ocr_par' dir='ltr' id='par_1_79' title="bbox 1096 1664 1884 1705">
     <span class='ocr_line' id='line_1_79' title="bbox 1096 1664 1884 1705; baseline 0.008 -14"><span class='ocrx_word' id='word_1_537' title='bbox 1096 1664 1208 1700; x_wconf 82' lang='grc' dir='ltr'>λογικὴν</span> <span class='ocrx_word' id='word_1_538' title='bbox 1233 1665 1336 1701; x_wconf 84' lang='grc' dir='ltr'>ταύτην</span> <span class='ocrx_word' id='word_1_539' title='bbox 1357 1667 1404 1693; x_wconf 74' lang='grc' dir='ltr'>καὶ</span> <span class='ocrx_word' id='word_1_540' title='bbox 1427 1667 1595 1703; x_wconf 86' lang='grc' dir='ltr'>ἀναίμακτον</span> <span class='ocrx_word' id='word_1_541' title='bbox 1619 1668 1715 1696; x_wconf 87' lang='grc' dir='ltr'>θυσίαν</span> <span class='ocrx_word' id='word_1_542' title='bbox 1735 1669 1806 1705; x_wconf 71' lang='grc' dir='ltr'>ὑπὲρ</span> <span class='ocrx_word' id='word_1_543' title='bbox 1828 1670 1884 1697; x_wconf 87' lang='grc' dir='ltr'>τῶν</span> 
     </span>
    </p>
   </div>
   <div class='ocr_carea' id='block_1_80' title="bbox 1095 1711 1886 1753">
    <p class='ocr_par' dir='ltr' id='par_1_80' title="bbox 1095 1711 1886 1753">
     <span class='ocr_line' id='line_1_80' title="bbox 1095 1711 1886 1753; baseline 0.01 -16"><span class='ocrx_word' id='word_1_544' title='bbox 1095 1711 1239 1747; x_wconf 81' lang='grc' dir='ltr'>ἡμετέρων</span> <span class='ocrx_word' id='word_1_545' title='bbox 1255 1712 1473 1747; x_wconf 82' lang='grc' dir='ltr'>ἁμαρτημάτων,</span> <span class='ocrx_word' id='word_1_546' title='bbox 1491 1713 1538 1740; x_wconf 81' lang='grc' dir='ltr'>καὶ</span> <span class='ocrx_word' id='word_1_547' title='bbox 1556 1714 1611 1741; x_wconf 89' lang='grc' dir='ltr'>τῶν</span> <span class='ocrx_word' id='word_1_548' title='bbox 1631 1715 1677 1742; x_wconf 85' lang='grc' dir='ltr'>τοῦ</span> <span class='ocrx_word' id='word_1_549' title='bbox 1700 1716 1766 1743; x_wconf 80' lang='grc' dir='ltr'>λαοῦ</span> <span class='ocrx_word' id='word_1_550' title='bbox 1785 1717 1886 1753; x_wconf 86' lang='grc' dir='ltr'>ἁγνοη-</span> 
     </span>
    </p>
   </div>
   <div class='ocr_carea' id='block_1_81' title="bbox 1097 1758 1884 1800">
    <p class='ocr_par' dir='ltr' id='par_1_81' title="bbox 1097 1758 1884 1800">
     <span class='ocr_line' id='line_1_81' title="bbox 1097 1758 1884 1800; baseline 0.01 -17"><span class='ocrx_word' id='word_1_551' title='bbox 1097 1758 1201 1791; x_wconf 77' lang='grc' dir='ltr'>μάτων,</span> <span class='ocrx_word' id='word_1_552' title='bbox 1212 1759 1245 1794; x_wconf 82' lang='grc' dir='ltr'>ἣν</span> <span class='ocrx_word' id='word_1_553' title='bbox 1257 1758 1474 1794; x_wconf 78' lang='grc' dir='ltr'>προσδεξάμενος</span> <span class='ocrx_word' id='word_1_554' title='bbox 1483 1761 1523 1791; x_wconf 81' lang='grc' dir='ltr'>είς</span> <span class='ocrx_word' id='word_1_555' title='bbox 1535 1761 1565 1786; x_wconf 82' lang='grc' dir='ltr'>τὸ</span> <span class='ocrx_word' id='word_1_556' title='bbox 1575 1761 1652 1795; x_wconf 77' lang='grc' dir='ltr'>ἆγιον</span> <span class='ocrx_word' id='word_1_557' title='bbox 1666 1762 1713 1789; x_wconf 75' lang='grc' dir='ltr'>καὶ</span> <span class='ocrx_word' id='word_1_558' title='bbox 1727 1763 1884 1800; x_wconf 77' lang='grc' dir='ltr'>ὑπιρουρά-</span> 
     </span>
    </p>
   </div>
   <div class='ocr_carea' id='block_1_82' title="bbox 1096 1803 1884 1844">
    <p class='ocr_par' dir='ltr' id='par_1_82' title="bbox 1096 1803 1884 1844">
     <span class='ocr_line' id='line_1_82' title="bbox 1096 1803 1884 1844; baseline 0.01 -15"><span class='ocrx_word' id='word_1_559' title='bbox 1096 1811 1152 1829; x_wconf 89' lang='grc' dir='ltr'>νιον</span> <span class='ocrx_word' id='word_1_560' title='bbox 1165 1803 1212 1830; x_wconf 75' lang='grc' dir='ltr'>καὶ</span> <span class='ocrx_word' id='word_1_561' title='bbox 1226 1805 1319 1839; x_wconf 84' lang='grc' dir='ltr'>νοερόν</span> <span class='ocrx_word' id='word_1_562' title='bbox 1331 1813 1377 1831; x_wconf 89' lang='grc' dir='ltr'>σου</span> <span class='ocrx_word' id='word_1_563' title='bbox 1395 1805 1585 1841; x_wconf 79' lang='grc' dir='ltr'>θυσιαστήριον</span> <span class='ocrx_word' id='word_1_564' title='bbox 1600 1808 1639 1839; x_wconf 87' lang='grc' dir='ltr'>είς</span> <span class='ocrx_word' id='word_1_565' title='bbox 1651 1808 1740 1844; x_wconf 71' lang='grc' dir='ltr'>ὀσμὴν</span> <span class='ocrx_word' id='word_1_566' title='bbox 1758 1810 1884 1844; x_wconf 73' lang='grc' dir='ltr'>εὐωδίας,</span> 
     </span>
    </p>
   </div>
   <div class='ocr_carea' id='block_1_83' title="bbox 1095 1849 1884 1889">
    <p class='ocr_par' dir='ltr' id='par_1_83' title="bbox 1095 1849 1884 1889">
     <span class='ocr_line' id='line_1_83' title="bbox 1095 1849 1884 1889; baseline 0.011 -15"><span class='ocrx_word' id='word_1_567' title='bbox 1095 1849 1336 1885; x_wconf 75' lang='grc' dir='ltr'>ἀντικατάπεμψον</span> <span class='ocrx_word' id='word_1_568' title='bbox 1349 1851 1417 1886; x_wconf 79' lang='grc' dir='ltr'>ἡμῖν</span> <span class='ocrx_word' id='word_1_569' title='bbox 1429 1852 1479 1887; x_wconf 83' lang='grc' dir='ltr'>τὴν</span> <span class='ocrx_word' id='word_1_570' title='bbox 1489 1852 1568 1888; x_wconf 84' lang='grc' dir='ltr'>χάριν</span> <span class='ocrx_word' id='word_1_571' title='bbox 1581 1854 1628 1880; x_wconf 79' lang='grc' dir='ltr'>τοῦ</span> <span class='ocrx_word' id='word_1_572' title='bbox 1643 1855 1721 1889; x_wconf 85' lang='grc' dir='ltr'>ἁγίου</span> <span class='ocrx_word' id='word_1_573' title='bbox 1736 1864 1783 1882; x_wconf 88' lang='grc' dir='ltr'>σου</span> <span class='ocrx_word' id='word_1_574' title='bbox 1798 1856 1884 1883; x_wconf 86' lang='grc' dir='ltr'>Πνεύ-</span> 
     </span>
    </p>
   </div>
   <div class='ocr_carea' id='block_1_84' title="bbox 1097 1895 1884 1933">
    <p class='ocr_par' dir='ltr' id='par_1_84' title="bbox 1097 1895 1884 1933">
     <span class='ocr_line' id='line_1_84' title="bbox 1097 1895 1884 1933; baseline 0.011 -13"><span class='ocrx_word' id='word_1_575' title='bbox 1097 1902 1191 1930; x_wconf 69' lang='grc' dir='ltr'>ματος.</span> <span class='ocrx_word' id='word_1_576' title='bbox 1223 1895 1383 1930; x_wconf 70' lang='grc' dir='ltr'>Ἐπίϐλεφον</span> <span class='ocrx_word' id='word_1_577' title='bbox 1396 1898 1439 1931; x_wconf 80' lang='grc' dir='ltr'>ἐφ’</span> <span class='ocrx_word' id='word_1_578' title='bbox 1461 1898 1545 1933; x_wconf 82' lang='grc' dir='ltr'>ἡμᾶς,</span> <span class='ocrx_word' id='word_1_579' title='bbox 1560 1899 1574 1925; x_wconf 81' lang='grc' dir='ltr'><strong>ό</strong></span> <span class='ocrx_word' id='word_1_580' title='bbox 1592 1898 1668 1932; x_wconf 72' lang='grc' dir='ltr'>Θεὸς,</span> <span class='ocrx_word' id='word_1_581' title='bbox 1685 1900 1731 1926; x_wconf 76' lang='grc' dir='ltr'>καὶ</span> <span class='ocrx_word' id='word_1_582' title='bbox 1747 1900 1821 1928; x_wconf 76' lang='grc' dir='ltr'>ἔπιδε</span> <span class='ocrx_word' id='word_1_583' title='bbox 1837 1902 1884 1929; x_wconf 66' lang='grc' dir='ltr'>ἐπὶ</span> 
     </span>
    </p>
   </div>
   <div class='ocr_carea' id='block_1_85' title="bbox 1094 1941 1882 1984">
    <p class='ocr_par' dir='ltr' id='par_1_85' title="bbox 1094 1941 1882 1984">
     <span class='ocr_line' id='line_1_85' title="bbox 1094 1941 1882 1984; baseline 0.01 -17"><span class='ocrx_word' id='word_1_584' title='bbox 1094 1942 1145 1975; x_wconf 83' lang='grc' dir='ltr'>τὴν</span> <span class='ocrx_word' id='word_1_585' title='bbox 1160 1941 1287 1977; x_wconf 86' lang='grc' dir='ltr'>λατρείαν</span> <span class='ocrx_word' id='word_1_586' title='bbox 1309 1943 1387 1978; x_wconf 89' lang='grc' dir='ltr'>ήμῶν</span> <span class='ocrx_word' id='word_1_587' title='bbox 1410 1943 1522 1979; x_wconf 81' lang='grc' dir='ltr'>ταύτην,</span> <span class='ocrx_word' id='word_1_588' title='bbox 1542 1945 1589 1971; x_wconf 77' lang='grc' dir='ltr'>καὶ</span> <span class='ocrx_word' id='word_1_589' title='bbox 1612 1945 1758 1980; x_wconf 77' lang='grc' dir='ltr'>πρόσδεξαι</span> <span class='ocrx_word' id='word_1_590' title='bbox 1785 1947 1882 1984; x_wconf 78' lang='grc' dir='ltr'>αὐτὴν,</span> 
     </span>
    </p>
   </div>
   <div class='ocr_carea' id='block_1_86' title="bbox 1094 1987 1881 2026">
    <p class='ocr_par' dir='ltr' id='par_1_86' title="bbox 1094 1987 1881 2026">
     <span class='ocr_line' id='line_1_86' title="bbox 1094 1987 1881 2026; baseline 0.01 -14"><span class='ocrx_word' id='word_1_591' title='bbox 1094 1987 1132 2018; x_wconf 79' lang='grc' dir='ltr'>ὡς</span> <span class='ocrx_word' id='word_1_592' title='bbox 1159 1988 1313 2022; x_wconf 76' lang='grc' dir='ltr'>προσεδέξω</span> <span class='ocrx_word' id='word_1_593' title='bbox 1343 1988 1426 2016; x_wconf 78' lang='grc' dir='ltr'>Ἀϐελ</span> <span class='ocrx_word' id='word_1_594' title='bbox 1454 1990 1488 2017; x_wconf 72' lang='grc' dir='ltr'>τὰ</span> <span class='ocrx_word' id='word_1_595' title='bbox 1515 1990 1601 2026; x_wconf 88' lang='grc' dir='ltr'>δῶρα,</span> <span class='ocrx_word' id='word_1_596' title='bbox 1619 1992 1680 2018; x_wconf 87' lang='grc' dir='ltr'>Νῶε</span> <span class='ocrx_word' id='word_1_597' title='bbox 1701 1993 1751 2025; x_wconf 85' lang='grc' dir='ltr'>τὰς</span> <span class='ocrx_word' id='word_1_598' title='bbox 1774 1993 1881 2026; x_wconf 81' lang='grc' dir='ltr'>θυσίας,</span> 
     </span>
    </p>
   </div>
   <div class='ocr_carea' id='block_1_87' title="bbox 1102 2032 1883 2075">
    <p class='ocr_par' dir='ltr' id='par_1_87' title="bbox 1102 2032 1883 2075">
     <span class='ocr_line' id='line_1_87' title="bbox 1102 2032 1883 2075; baseline 0.01 -16"><span class='ocrx_word' id='word_1_599' title='bbox 1102 2032 1226 2068; x_wconf 72' lang='grc' dir='ltr'>Ἀϐραὰμ</span> <span class='ocrx_word' id='word_1_600' title='bbox 1250 2034 1300 2066; x_wconf 77' lang='grc' dir='ltr'>τὰς</span> <span class='ocrx_word' id='word_1_601' title='bbox 1322 2035 1541 2071; x_wconf 83' lang='grc' dir='ltr'>ὁλοκαρπώσεις,</span> <span class='ocrx_word' id='word_1_602' title='bbox 1566 2037 1688 2070; x_wconf 82' lang='grc' dir='ltr'>Μωσέως</span> <span class='ocrx_word' id='word_1_603' title='bbox 1711 2039 1759 2066; x_wconf 81' lang='grc' dir='ltr'>καὶ</span> <span class='ocrx_word' id='word_1_604' title='bbox 1778 2038 1883 2075; x_wconf 77' lang='grc' dir='ltr'>’Δαρὼν</span> 
     </span>
    </p>
   </div>
   <div class='ocr_carea' id='block_1_88' title="bbox 1093 2079 1882 2121">
    <p class='ocr_par' dir='ltr' id='par_1_88' title="bbox 1093 2079 1882 2121">
     <span class='ocr_line' id='line_1_88' title="bbox 1093 2079 1882 2121; baseline 0.01 -17"><span class='ocrx_word' id='word_1_605' title='bbox 1093 2079 1143 2110; x_wconf 75' lang='grc' dir='ltr'>τὰς</span> <span class='ocrx_word' id='word_1_606' title='bbox 1165 2079 1324 2115; x_wconf 82' lang='grc' dir='ltr'>ἱερωσύνας,</span> <span class='ocrx_word' id='word_1_607' title='bbox 1349 2081 1476 2116; x_wconf 80' lang='grc' dir='ltr'>Σαμουὴλ</span> <span class='ocrx_word' id='word_1_608' title='bbox 1498 2082 1547 2114; x_wconf 80' lang='grc' dir='ltr'>τὰς</span> <span class='ocrx_word' id='word_1_609' title='bbox 1560 2083 1718 2118; x_wconf 81' lang='grc' dir='ltr'>εἰρηνικάς·</span> <span class='ocrx_word' id='word_1_610' title='bbox 1734 2084 1771 2116; x_wconf 86' lang='grc' dir='ltr'>ὡς</span> <span class='ocrx_word' id='word_1_611' title='bbox 1794 2093 1882 2121; x_wconf 87' lang='grc' dir='ltr'>προσ-</span> 
     </span>
    </p>
   </div>
   <div class='ocr_carea' id='block_1_89' title="bbox 1093 2124 1881 2167">
    <p class='ocr_par' dir='ltr' id='par_1_89' title="bbox 1093 2124 1881 2167">
     <span class='ocr_line' id='line_1_89' title="bbox 1093 2124 1881 2167; baseline 0.01 -16"><span class='ocrx_word' id='word_1_612' title='bbox 1093 2124 1176 2157; x_wconf 76' lang='grc' dir='ltr'>εδέξω</span> <span class='ocrx_word' id='word_1_613' title='bbox 1199 2126 1231 2152; x_wconf 80' lang='grc' dir='ltr'>ὲκ</span> <span class='ocrx_word' id='word_1_614' title='bbox 1256 2126 1310 2152; x_wconf 74' lang='grc' dir='ltr'>Ιτῶν</span> <span class='ocrx_word' id='word_1_615' title='bbox 1326 2126 1412 2160; x_wconf 81' lang='grc' dir='ltr'>ἁγίων</span> <span class='ocrx_word' id='word_1_616' title='bbox 1430 2136 1476 2154; x_wconf 89' lang='grc' dir='ltr'>σου</span> <span class='ocrx_word' id='word_1_617' title='bbox 1497 2128 1655 2156; x_wconf 79' lang='grc' dir='ltr'>ἀποστόλων</span> <span class='ocrx_word' id='word_1_618' title='bbox 1681 2130 1729 2165; x_wconf 85' lang='grc' dir='ltr'>τὴν</span> <span class='ocrx_word' id='word_1_619' title='bbox 1751 2130 1881 2167; x_wconf 79' lang='grc' dir='ltr'>ἀληθινὴν</span> 
     </span>
    </p>
   </div>
   <div class='ocr_carea' id='block_1_90' title="bbox 1093 2170 1883 2211">
    <p class='ocr_par' dir='ltr' id='par_1_90' title="bbox 1093 2170 1883 2211">
     <span class='ocr_line' id='line_1_90' title="bbox 1093 2170 1883 2211; baseline 0.006 -14"><span class='ocrx_word' id='word_1_620' title='bbox 1093 2170 1196 2206; x_wconf 84' lang='grc' dir='ltr'>ταύτην</span> <span class='ocrx_word' id='word_1_621' title='bbox 1219 2171 1357 2206; x_wconf 81' lang='grc' dir='ltr'>λατρείαν,</span> <span class='ocrx_word' id='word_1_622' title='bbox 1379 2171 1451 2199; x_wconf 78' lang='grc' dir='ltr'>οὕτω</span> <span class='ocrx_word' id='word_1_623' title='bbox 1476 2173 1523 2199; x_wconf 76' lang='grc' dir='ltr'>καὶ</span> <span class='ocrx_word' id='word_1_624' title='bbox 1546 2174 1578 2199; x_wconf 82' lang='grc' dir='ltr'>ἐκ</span> <span class='ocrx_word' id='word_1_625' title='bbox 1604 2174 1658 2200; x_wconf 81' lang='grc' dir='ltr'>τῶν</span> <span class='ocrx_word' id='word_1_626' title='bbox 1683 2174 1781 2210; x_wconf 85' lang='grc' dir='ltr'>χειρῶν</span> <span class='ocrx_word' id='word_1_627' title='bbox 1804 2176 1883 2211; x_wconf 79' lang='grc' dir='ltr'>ἡμῶν</span> 
     </span>
    </p>
   </div>
   <div class='ocr_carea' id='block_1_91' title="bbox 1057 2215 1880 2261">
    <p class='ocr_par' dir='ltr' id='par_1_91' title="bbox 1057 2215 1880 2261">
     <span class='ocr_line' id='line_1_91' title="bbox 1057 2215 1880 2261; baseline 0.007 -20"><span class='ocrx_word' id='word_1_628' title='bbox 1057 2231 1080 2261; x_wconf 82' lang='lat' dir='ltr'><strong>D</strong></span> <span class='ocrx_word' id='word_1_629' title='bbox 1093 2215 1146 2242; x_wconf 78' lang='grc' dir='ltr'>’τῶν</span> <span class='ocrx_word' id='word_1_630' title='bbox 1164 2216 1335 2252; x_wconf 69' lang='grc' dir='ltr'>ἁμαρτωλῶν</span> <span class='ocrx_word' id='word_1_631' title='bbox 1362 2218 1509 2253; x_wconf 75' lang='grc' dir='ltr'>πρόσδεξαι</span> <span class='ocrx_word' id='word_1_632' title='bbox 1525 2218 1560 2245; x_wconf 73' lang='grc' dir='ltr'>τὰ</span> <span class='ocrx_word' id='word_1_633' title='bbox 1580 2218 1654 2254; x_wconf 88' lang='grc' dir='ltr'>δῶρα</span> <span class='ocrx_word' id='word_1_634' title='bbox 1679 2220 1766 2246; x_wconf 74' lang='grc' dir='ltr'>ταῦτα</span> <span class='ocrx_word' id='word_1_635' title='bbox 1789 2221 1819 2247; x_wconf 75' lang='grc' dir='ltr'>ἑν</span> <span class='ocrx_word' id='word_1_636' title='bbox 1847 2223 1880 2256; x_wconf 79' lang='grc' dir='ltr'>τῇ</span> 
     </span>
    </p>
   </div>
   <div class='ocr_carea' id='block_1_92' title="bbox 1094 2261 1884 2302">
    <p class='ocr_par' dir='ltr' id='par_1_92' title="bbox 1094 2261 1884 2302">
     <span class='ocr_line' id='line_1_92' title="bbox 1094 2261 1884 2302; baseline 0.008 -15"><span class='ocrx_word' id='word_1_637' title='bbox 1094 2261 1258 2296; x_wconf 84' lang='grc' dir='ltr'>χρηστότητί</span> <span class='ocrx_word' id='word_1_638' title='bbox 1275 2271 1333 2295; x_wconf 88' lang='grc' dir='ltr'>σου,</span> <span class='ocrx_word' id='word_1_639' title='bbox 1350 2263 1448 2297; x_wconf 80' lang='grc' dir='ltr'>Κύριε,</span> <span class='ocrx_word' id='word_1_640' title='bbox 1469 2264 1512 2290; x_wconf 88' lang='grc' dir='ltr'>ἴνα</span> <span class='ocrx_word' id='word_1_641' title='bbox 1527 2264 1741 2298; x_wconf 79' lang='grc' dir='ltr'>καταξιωθέντες</span> <span class='ocrx_word' id='word_1_642' title='bbox 1761 2265 1884 2302; x_wconf 82' lang='grc' dir='ltr'>λειτουρ-</span> 
     </span>
    </p>
   </div>
   <div class='ocr_carea' id='block_1_93' title="bbox 1095 2307 1884 2347">
    <p class='ocr_par' dir='ltr' id='par_1_93' title="bbox 1095 2307 1884 2347">
     <span class='ocr_line' id='line_1_93' title="bbox 1095 2307 1884 2347; baseline 0.006 -14"><span class='ocrx_word' id='word_1_643' title='bbox 1095 2308 1153 2340; x_wconf 86' lang='grc' dir='ltr'>γεῖν</span> <span class='ocrx_word' id='word_1_644' title='bbox 1167 2307 1319 2343; x_wconf 78' lang='grc' dir='ltr'>ἀμέμπτως</span> <span class='ocrx_word' id='word_1_645' title='bbox 1339 2309 1378 2344; x_wconf 86' lang='grc' dir='ltr'>τῷ</span> <span class='ocrx_word' id='word_1_646' title='bbox 1391 2310 1461 2344; x_wconf 80' lang='grc' dir='ltr'>ἁγίῳ</span> <span class='ocrx_word' id='word_1_647' title='bbox 1479 2318 1526 2336; x_wconf 90' lang='grc' dir='ltr'>σου</span> <span class='ocrx_word' id='word_1_648' title='bbox 1542 2310 1736 2346; x_wconf 82' lang='grc' dir='ltr'>θυσιαστηρίῳ,</span> <span class='ocrx_word' id='word_1_649' title='bbox 1757 2312 1884 2347; x_wconf 83' lang='grc' dir='ltr'>εὕρωμεν</span> 
     </span>
    </p>
   </div>
   <div class='ocr_carea' id='block_1_94' title="bbox 252 2351 1884 2397">
    <p class='ocr_par' dir='ltr' id='par_1_94' title="bbox 252 2351 1884 2397">
     <span class='ocr_line' id='line_1_94' title="bbox 252 2351 1884 2397; baseline 0.002 -16"><span class='ocrx_word' id='word_1_650' title='bbox 252 2358 299 2383; x_wconf 72' lang='grc' dir='ltr'>τὸν</span> <span class='ocrx_word' id='word_1_651' title='bbox 318 2355 413 2391; x_wconf 65' lang='grc' dir='ltr'>μισθὸν</span> <span class='ocrx_word' id='word_1_652' title='bbox 430 2354 484 2380; x_wconf 85' lang='grc' dir='ltr'>τῶν</span> <span class='ocrx_word' id='word_1_653' title='bbox 507 2352 613 2379; x_wconf 87' lang='grc' dir='ltr'>πιστῶν</span> <span class='ocrx_word' id='word_1_654' title='bbox 641 2351 693 2397; x_wconf 45' lang='grc' dir='ltr'>καί</span> <span class='ocrx_word' id='word_1_655' title='bbox 710 2351 852 2387; x_wconf 76' lang='grc' dir='ltr'>φρονίμων</span> <span class='ocrx_word' id='word_1_656' title='bbox 869 2352 1020 2387; x_wconf 87' lang='grc' dir='ltr'>οἰκονόμων</span> <span class='ocrx_word' id='word_1_657' title='bbox 1041 2353 1069 2378; x_wconf 83' lang='grc' dir='ltr'>ὲν</span> <span class='ocrx_word' id='word_1_658' title='bbox 1098 2353 1131 2388; x_wconf 77' lang='grc' dir='ltr'>τῇ</span> <span class='ocrx_word' id='word_1_659' title='bbox 1153 2354 1246 2389; x_wconf 85' lang='grc' dir='ltr'>ήμερᾳ</span> <span class='ocrx_word' id='word_1_660' title='bbox 1265 2355 1297 2390; x_wconf 84' lang='grc' dir='ltr'>τῇ</span> <span class='ocrx_word' id='word_1_661' title='bbox 1332 2355 1436 2390; x_wconf 73' lang='grc' dir='ltr'>φοϐερᾷ</span> <span class='ocrx_word' id='word_1_662' title='bbox 1456 2357 1506 2391; x_wconf 84' lang='grc' dir='ltr'>τῆς</span> <span class='ocrx_word' id='word_1_663' title='bbox 1528 2357 1734 2389; x_wconf 77' lang='grc' dir='ltr'>ἁνταποδόσεώς</span> <span class='ocrx_word' id='word_1_664' title='bbox 1762 2367 1809 2385; x_wconf 91' lang='grc' dir='ltr'>σου</span> <span class='ocrx_word' id='word_1_665' title='bbox 1832 2358 1884 2394; x_wconf 79' lang='grc' dir='ltr'>τῆς</span> 
     </span>
    </p>
   </div>
   <div class='ocr_carea' id='block_1_95' title="bbox 250 2404 368 2435">
    <p class='ocr_par' dir='ltr' id='par_1_95' title="bbox 250 2404 368 2435">
     <span class='ocr_line' id='line_1_95' title="bbox 250 2404 368 2435; baseline -0.008 -4"><span class='ocrx_word' id='word_1_666' title='bbox 250 2404 368 2435; x_wconf 78' lang='grc' dir='ltr'>δικαίας.</span> 
     </span>
    </p>
   </div>
   <div class='ocr_carea' id='block_1_96' title="bbox 286 2444 950 2484">
    <p class='ocr_par' dir='ltr' id='par_1_96' title="bbox 286 2444 950 2484">
     <span class='ocr_line' id='line_1_96' title="bbox 286 2444 950 2484; baseline -0.011 -5"><span class='ocrx_word' id='word_1_667' title='bbox 286 2451 365 2484; x_wconf 80' lang='lat' dir='ltr'><strong>Juva,</strong></span> <span class='ocrx_word' id='word_1_668' title='bbox 381 2457 470 2483; x_wconf 87' lang='lat' dir='ltr'><strong>serva,</strong></span> <span class='ocrx_word' id='word_1_669' title='bbox 489 2448 617 2475; x_wconf 85' lang='lat' dir='ltr'><strong>miserere</strong></span> <span class='ocrx_word' id='word_1_670' title='bbox 630 2451 657 2474; x_wconf 87' lang='lat' dir='ltr'>et</span> <span class='ocrx_word' id='word_1_671' title='bbox 668 2446 774 2474; x_wconf 89' lang='lat' dir='ltr'><strong>custodi</strong></span> <span class='ocrx_word' id='word_1_672' title='bbox 792 2453 850 2478; x_wconf 92' lang='lat' dir='ltr'><strong>nos,</strong></span> <span class='ocrx_word' id='word_1_673' title='bbox 867 2444 950 2473; x_wconf 85' lang='lat' dir='ltr'><strong>Deus.</strong></span> 
     </span>
    </p>
   </div>
   <div class='ocr_carea' id='block_1_97' title="bbox 288 2539 1040 2577">
    <p class='ocr_par' dir='ltr' id='par_1_97' title="bbox 288 2539 1040 2577">
     <span class='ocr_line' id='line_1_97' title="bbox 288 2539 1040 2577; baseline -0.009 -5"><span class='ocrx_word' id='word_1_674' title='bbox 288 2545 363 2572; x_wconf 88' lang='lat' dir='ltr'><strong>Diem</strong></span> <span class='ocrx_word' id='word_1_675' title='bbox 393 2550 502 2571; x_wconf 89' lang='lat' dir='ltr'><strong>onmem</strong></span> <span class='ocrx_word' id='word_1_676' title='bbox 530 2540 692 2577; x_wconf 80' lang='lat' dir='ltr'><strong>perfectum,</strong></span> <span class='ocrx_word' id='word_1_677' title='bbox 721 2544 859 2571; x_wconf 85' lang='lat' dir='ltr'><strong>sanctum,</strong></span> <span class='ocrx_word' id='word_1_678' title='bbox 884 2539 1040 2574; x_wconf 86' lang='lat' dir='ltr'><strong>pacilicum,</strong></span> 
     </span>
    </p>
   </div>
   <div class='ocr_carea' id='block_1_98' title="bbox 251 2586 921 2626">
    <p class='ocr_par' dir='ltr' id='par_1_98' title="bbox 251 2586 921 2626">
     <span class='ocr_line' id='line_1_98' title="bbox 251 2586 921 2626; baseline -0.01 -7"><span class='ocrx_word' id='word_1_679' title='bbox 251 2597 278 2619; x_wconf 87' lang='lat' dir='ltr'>ct</span> <span class='ocrx_word' id='word_1_680' title='bbox 291 2590 408 2626; x_wconf 86' lang='lat' dir='ltr'><strong>peccatis</strong></span> <span class='ocrx_word' id='word_1_681' title='bbox 421 2592 558 2617; x_wconf 85' lang='lat' dir='ltr'><strong>carentem</strong></span> <span class='ocrx_word' id='word_1_682' title='bbox 571 2595 586 2614; x_wconf 90' lang='lat' dir='ltr'>a</span> <span class='ocrx_word' id='word_1_683' title='bbox 603 2586 717 2614; x_wconf 91' lang='lat' dir='ltr'><strong>Domino</strong></span> <span class='ocrx_word' id='word_1_684' title='bbox 730 2593 921 2620; x_wconf 82' lang='lat' dir='ltr'><strong>exposcamus.</strong></span> 
     </span>
    </p>
   </div>
   <div class='ocr_carea' id='block_1_99' title="bbox 286 2632 1040 2672">
    <p class='ocr_par' dir='ltr' id='par_1_99' title="bbox 286 2632 1040 2672">
     <span class='ocr_line' id='line_1_99' title="bbox 286 2632 1040 2672; baseline -0.007 -8"><span class='ocrx_word' id='word_1_685' title='bbox 286 2637 418 2672; x_wconf 75' lang='lat' dir='ltr'><strong>Angelum</strong></span> <span class='ocrx_word' id='word_1_686' title='bbox 441 2636 526 2671; x_wconf 85' lang='lat' dir='ltr'><strong>pacis,</strong></span> <span class='ocrx_word' id='word_1_687' title='bbox 555 2634 674 2666; x_wconf 82' lang='lat' dir='ltr'><strong>lidclcm,</strong></span> <span class='ocrx_word' id='word_1_688' title='bbox 696 2633 806 2666; x_wconf 87' lang='lat' dir='ltr'><strong>ducem,</strong></span> <span class='ocrx_word' id='word_1_689' title='bbox 825 2632 967 2663; x_wconf 85' lang='lat' dir='ltr'><strong>custodem</strong></span> <span class='ocrx_word' id='word_1_690' title='bbox 980 2633 1040 2659; x_wconf 85' lang='lat' dir='ltr'><strong>ani-</strong></span> 
     </span>
    </p>
   </div>
   <div class='ocr_carea' id='block_1_100' title="bbox 250 2687 791 2716">
    <p class='ocr_par' dir='ltr' id='par_1_100' title="bbox 250 2687 791 2716">
     <span class='ocr_line' id='line_1_100' title="bbox 250 2687 791 2716; baseline -0.011 -4"><span class='ocrx_word' id='word_1_691' title='bbox 250 2691 356 2712; x_wconf 83' lang='lat' dir='ltr'><strong>marum</strong></span> <span class='ocrx_word' id='word_1_692' title='bbox 373 2688 527 2711; x_wconf 84' lang='lat' dir='ltr'><strong>nostrarum</strong></span> <span class='ocrx_word' id='word_1_693' title='bbox 539 2687 622 2716; x_wconf 80' lang='lat' dir='ltr'><strong>atque</strong></span> <span class='ocrx_word' id='word_1_694' title='bbox 636 2687 791 2715; x_wconf 88' lang='lat' dir='ltr'><strong>corporum.</strong></span> 
     </span>
    </p>
   </div>
   <div class='ocr_carea' id='block_1_101' title="bbox 286 2725 1040 2763">
    <p class='ocr_par' dir='ltr' id='par_1_101' title="bbox 286 2725 1040 2763">
     <span class='ocr_line' id='line_1_101' title="bbox 286 2725 1040 2763; baseline -0.009 -5"><span class='ocrx_word' id='word_1_695' title='bbox 286 2730 407 2758; x_wconf 82' lang='lat' dir='ltr'><strong>Honesta</strong></span> <span class='ocrx_word' id='word_1_696' title='bbox 419 2732 445 2756; x_wconf 88' lang='lat' dir='ltr'>et</span> <span class='ocrx_word' id='word_1_697' title='bbox 461 2735 523 2763; x_wconf 72' lang='lat' dir='ltr'><strong>qua:</strong></span> <span class='ocrx_word' id='word_1_698' title='bbox 543 2727 702 2754; x_wconf 85' lang='lat' dir='ltr'><strong>conducunt</strong></span> <span class='ocrx_word' id='word_1_699' title='bbox 717 2725 863 2752; x_wconf 87' lang='lat' dir='ltr'><strong>animabus</strong></span> <span class='ocrx_word' id='word_1_700' title='bbox 881 2725 994 2758; x_wconf 81' lang='lat' dir='ltr'><strong>nostris,</strong></span> <span class='ocrx_word' id='word_1_701' title='bbox 1013 2730 1040 2752; x_wconf 89' lang='lat' dir='ltr'>et</span> 
     </span>
    </p>
   </div>
   <div class='ocr_carea' id='block_1_102' title="bbox 287 2813 1040 2856">
    <p class='ocr_par' dir='ltr' id='par_1_102' title="bbox 287 2813 1040 2856">
     <span class='ocr_line' id='line_1_102' title="bbox 287 2813 1040 2856; baseline -0.005 -10"><span class='ocrx_word' id='word_1_702' title='bbox 287 2821 324 2855; x_wconf 77' lang='lat' dir='ltr'>(li)</span> <span class='ocrx_word' id='word_1_703' title='bbox 340 2820 369 2848; x_wconf 84' lang='lat' dir='ltr'>lii</span> <span class='ocrx_word' id='word_1_704' title='bbox 391 2819 502 2856; x_wconf 70' lang='lat' dir='ltr'><strong>liturgia</strong></span> <span class='ocrx_word' id='word_1_705' title='bbox 519 2818 548 2846; x_wconf 93' lang='lat' dir='ltr'>S.</span> <span class='ocrx_word' id='word_1_706' title='bbox 573 2817 666 2845; x_wconf 86' lang='lat' dir='ltr'><strong>Basilii</strong></span> <span class='ocrx_word' id='word_1_707' title='bbox 679 2814 869 2856; x_wconf 68' lang='lat' dir='ltr'><strong>Alexandrina</strong></span> <span class='ocrx_word' id='word_1_708' title='bbox 891 2814 961 2856; x_wconf 79' lang='lat' dir='ltr'><strong>apud</strong></span> <span class='ocrx_word' id='word_1_709' title='bbox 986 2813 1040 2842; x_wconf 87' lang='lat' dir='ltr'><strong>l&#39;lc-</strong></span> 
     </span>
    </p>
   </div>
   <div class='ocr_carea' id='block_1_103' title="bbox 252 2850 1042 2916">
    <p class='ocr_par' dir='ltr' id='par_1_103' title="bbox 252 2850 1042 2916">
     <span class='ocr_line' id='line_1_103' title="bbox 255 2850 1042 2890; baseline -0.003 -10"><span class='ocrx_word' id='word_1_710' title='bbox 255 2850 370 2889; x_wconf 63' lang='grc' dir='ltr'>ιιιίιιίίοι,</span> <span class='ocrx_word' id='word_1_711' title='bbox 386 2856 413 2882; x_wconf 93' lang='lat' dir='ltr'><strong>in</strong></span> <span class='ocrx_word' id='word_1_712' title='bbox 437 2850 575 2890; x_wconf 73' lang='lat' dir='ltr'><strong>pierisquc</strong></span> <span class='ocrx_word' id='word_1_713' title='bbox 590 2852 756 2881; x_wconf 88' lang='lat' dir='ltr'><strong>conveniens</strong></span> <span class='ocrx_word' id='word_1_714' title='bbox 777 2851 840 2879; x_wconf 91' lang='lat' dir='ltr'><strong>huic</strong></span> <span class='ocrx_word' id='word_1_715' title='bbox 863 2850 961 2885; x_wconf 78' lang='lat' dir='ltr'><strong>legitur</strong></span> <span class='ocrx_word' id='word_1_716' title='bbox 978 2857 1042 2878; x_wconf 83' lang='lat' dir='ltr'><strong>ora-</strong></span> 
     </span>
     <span class='ocr_line' id='line_1_104' title="bbox 252 2895 299 2916; baseline 0 0"><span class='ocrx_word' id='word_1_717' title='bbox 252 2895 299 2916; x_wconf 86' lang='grc' dir='ltr'>ιιυ.</span> 
     </span>
    </p>
   </div>
   <div class='ocr_carea' id='block_1_104' title="bbox 1135 2447 1885 2487">
    <p class='ocr_par' dir='ltr' id='par_1_104' title="bbox 1135 2447 1885 2487">
     <span class='ocr_line' id='line_1_105' title="bbox 1135 2447 1885 2487; baseline 0.008 -13"><span class='ocrx_word' id='word_1_718' title='bbox 1135 2447 1292 2474; x_wconf 70' lang='grc' dir='ltr'>’Λντιλαϐοῦ</span> <span class='ocrx_word' id='word_1_719' title='bbox 1307 2449 1355 2484; x_wconf 84' lang='grc'>(5),</span> <span class='ocrx_word' id='word_1_720' title='bbox 1389 2450 1485 2481; x_wconf 83' lang='grc' dir='ltr'>σῶσον,</span> <span class='ocrx_word' id='word_1_721' title='bbox 1520 2450 1631 2486; x_wconf 77' lang='grc' dir='ltr'>ἐλέησον</span> <span class='ocrx_word' id='word_1_722' title='bbox 1653 2451 1698 2477; x_wconf 54' lang='grc' dir='ltr'>καί¹</span> <span class='ocrx_word' id='word_1_723' title='bbox 1722 2451 1885 2487; x_wconf 79' lang='grc' dir='ltr'>διαφύλαξον</span> 
     </span>
    </p>
   </div>
   <div class='ocr_carea' id='block_1_105' title="bbox 1095 2494 1299 2529">
    <p class='ocr_par' dir='ltr' id='par_1_105' title="bbox 1095 2494 1299 2529">
     <span class='ocr_line' id='line_1_106' title="bbox 1095 2494 1299 2529; baseline 0.01 -9"><span class='ocrx_word' id='word_1_724' title='bbox 1095 2494 1176 2529; x_wconf 82' lang='grc' dir='ltr'>ἡμᾶς,</span> <span class='ocrx_word' id='word_1_725' title='bbox 1195 2495 1209 2521; x_wconf 81' lang='grc' dir='ltr'>ὀ</span> <span class='ocrx_word' id='word_1_726' title='bbox 1223 2494 1299 2526; x_wconf 78' lang='grc' dir='ltr'>Θεός.</span> 
     </span>
    </p>
   </div>
   <div class='ocr_carea' id='block_1_106' title="bbox 1131 2540 1884 2580">
    <p class='ocr_par' dir='ltr' id='par_1_106' title="bbox 1131 2540 1884 2580">
     <span class='ocr_line' id='line_1_107' title="bbox 1131 2540 1884 2580; baseline 0.009 -14"><span class='ocrx_word' id='word_1_727' title='bbox 1131 2540 1186 2575; x_wconf 84' lang='grc' dir='ltr'>Τὴν</span> <span class='ocrx_word' id='word_1_728' title='bbox 1200 2541 1306 2576; x_wconf 81' lang='grc' dir='ltr'>ἡμέραν</span> <span class='ocrx_word' id='word_1_729' title='bbox 1322 2543 1413 2568; x_wconf 70' lang='grc' dir='ltr'>πᾶσαν</span> <span class='ocrx_word' id='word_1_730' title='bbox 1428 2542 1545 2575; x_wconf 77' lang='grc' dir='ltr'>τελείαν,</span> <span class='ocrx_word' id='word_1_731' title='bbox 1564 2544 1644 2578; x_wconf 86' lang='grc' dir='ltr'>ἁγίαν</span> <span class='ocrx_word' id='word_1_732' title='bbox 1654 2563 1662 2576; x_wconf 85' lang='grc'>,</span> <span class='ocrx_word' id='word_1_733' title='bbox 1676 2545 1818 2580; x_wconf 81' lang='grc' dir='ltr'>εἰρηνικὴν</span> <span class='ocrx_word' id='word_1_734' title='bbox 1836 2546 1884 2572; x_wconf 75' lang='grc' dir='ltr'>καὶ</span> 
     </span>
    </p>
   </div>
   <div class='ocr_carea' id='block_1_107' title="bbox 1092 2586 1742 2626">
    <p class='ocr_par' dir='ltr' id='par_1_107' title="bbox 1092 2586 1742 2626">
     <span class='ocr_line' id='line_1_108' title="bbox 1092 2586 1742 2626; baseline 0.009 -14"><span class='ocrx_word' id='word_1_735' title='bbox 1092 2586 1287 2622; x_wconf 83' lang='grc' dir='ltr'>ἀναμάρτητον</span> <span class='ocrx_word' id='word_1_736' title='bbox 1298 2589 1374 2622; x_wconf 76' lang='grc' dir='ltr'>παρὰ</span> <span class='ocrx_word' id='word_1_737' title='bbox 1390 2587 1428 2623; x_wconf 83' lang='grc' dir='ltr'>τῷ</span> <span class='ocrx_word' id='word_1_738' title='bbox 1444 2589 1539 2625; x_wconf 85' lang='grc' dir='ltr'>Κυρίῳ</span> <span class='ocrx_word' id='word_1_739' title='bbox 1554 2591 1742 2626; x_wconf 74' lang='grc' dir='ltr'>αίτησώμεθα.</span> 
     </span>
    </p>
   </div>
   <div class='ocr_carea' id='block_1_108' title="bbox 1131 2633 1882 2671">
    <p class='ocr_par' dir='ltr' id='par_1_108' title="bbox 1131 2633 1882 2671">
     <span class='ocr_line' id='line_1_109' title="bbox 1131 2633 1882 2671; baseline 0.008 -13"><span class='ocrx_word' id='word_1_740' title='bbox 1131 2633 1267 2667; x_wconf 76' lang='grc' dir='ltr'>’Ἄγγελον</span> <span class='ocrx_word' id='word_1_741' title='bbox 1290 2633 1421 2670; x_wconf 82' lang='grc' dir='ltr'>εἰρήνης,</span> <span class='ocrx_word' id='word_1_742' title='bbox 1445 2635 1554 2668; x_wconf 81' lang='grc' dir='ltr'>πιστὸν,</span> <span class='ocrx_word' id='word_1_743' title='bbox 1570 2636 1677 2671; x_wconf 76' lang='grc' dir='ltr'>ὁδηγὸν,</span> <span class='ocrx_word' id='word_1_744' title='bbox 1695 2637 1805 2671; x_wconf 64' lang='grc' dir='ltr'>φύλακα</span> <span class='ocrx_word' id='word_1_745' title='bbox 1827 2638 1882 2664; x_wconf 82' lang='grc' dir='ltr'>τῶν</span> 
     </span>
    </p>
   </div>
   <div class='ocr_carea' id='block_1_109' title="bbox 1092 2679 1579 2717">
    <p class='ocr_par' dir='ltr' id='par_1_109' title="bbox 1092 2679 1579 2717">
     <span class='ocr_line' id='line_1_110' title="bbox 1092 2679 1579 2717; baseline 0.01 -13"><span class='ocrx_word' id='word_1_746' title='bbox 1092 2679 1186 2714; x_wconf 64' lang='grc' dir='ltr'>ψυχῶν</span> <span class='ocrx_word' id='word_1_747' title='bbox 1202 2680 1250 2706; x_wconf 81' lang='grc' dir='ltr'>καὶ</span> <span class='ocrx_word' id='word_1_748' title='bbox 1265 2679 1320 2706; x_wconf 82' lang='grc' dir='ltr'>τῶν</span> <span class='ocrx_word' id='word_1_749' title='bbox 1337 2681 1471 2713; x_wconf 84' lang='grc' dir='ltr'>σωμάτων</span> <span class='ocrx_word' id='word_1_750' title='bbox 1491 2683 1579 2717; x_wconf 79' lang='grc' dir='ltr'>ἡμῶν.</span> 
     </span>
    </p>
   </div>
   <div class='ocr_carea' id='block_1_110' title="bbox 1129 2726 1883 2764">
    <p class='ocr_par' dir='ltr' id='par_1_110' title="bbox 1129 2726 1883 2764">
     <span class='ocr_line' id='line_1_111' title="bbox 1129 2726 1883 2764; baseline 0.005 -12"><span class='ocrx_word' id='word_1_751' title='bbox 1129 2726 1169 2753; x_wconf 73' lang='grc' dir='ltr'>Τὰ</span> <span class='ocrx_word' id='word_1_752' title='bbox 1187 2726 1257 2753; x_wconf 72' lang='grc' dir='ltr'>καλὰ</span> <span class='ocrx_word' id='word_1_753' title='bbox 1272 2727 1316 2753; x_wconf 74' lang='grc' dir='ltr'>καὶ</span> <span class='ocrx_word' id='word_1_754' title='bbox 1333 2727 1508 2762; x_wconf 82' lang='grc' dir='ltr'>συμφέροντα</span> <span class='ocrx_word' id='word_1_755' title='bbox 1524 2729 1583 2761; x_wconf 83' lang='grc' dir='ltr'>ταῖς</span> <span class='ocrx_word' id='word_1_756' title='bbox 1603 2728 1703 2764; x_wconf 77' lang='grc' dir='ltr'>ψυχαῖς</span> <span class='ocrx_word' id='word_1_757' title='bbox 1723 2728 1803 2764; x_wconf 83' lang='grc' dir='ltr'>ἡμῶν</span> <span class='ocrx_word' id='word_1_758' title='bbox 1813 2749 1822 2762; x_wconf 87' lang='grc'>,</span> <span class='ocrx_word' id='word_1_759' title='bbox 1835 2731 1883 2756; x_wconf 78' lang='grc' dir='ltr'>καὶ</span> 
     </span>
    </p>
   </div>
   <div class='ocr_carea' id='block_1_111' title="bbox 1131 2815 1881 2852">
    <p class='ocr_par' dir='ltr' id='par_1_111' title="bbox 1131 2815 1881 2852">
     <span class='ocr_line' id='line_1_112' title="bbox 1131 2815 1881 2852; baseline 0.007 -11"><span class='ocrx_word' id='word_1_760' title='bbox 1131 2815 1169 2852; x_wconf 82' lang='grc'>(5)</span> <span class='ocrx_word' id='word_1_761' title='bbox 1186 2815 1339 2850; x_wconf 80' lang='lat' dir='ltr'><strong>Sequentes</strong></span> <span class='ocrx_word' id='word_1_762' title='bbox 1351 2816 1383 2844; x_wconf 76' lang='lat' dir='ltr'><strong>l5</strong></span> <span class='ocrx_word' id='word_1_763' title='bbox 1394 2824 1490 2845; x_wconf 87' lang='lat' dir='ltr'><strong>versus</strong></span> <span class='ocrx_word' id='word_1_764' title='bbox 1501 2817 1601 2852; x_wconf 76' lang='lat' dir='ltr'><strong>saepius</strong></span> <span class='ocrx_word' id='word_1_765' title='bbox 1609 2822 1758 2846; x_wconf 90' lang='lat' dir='ltr'><strong>occurrunt</strong></span> <span class='ocrx_word' id='word_1_766' title='bbox 1770 2818 1796 2846; x_wconf 94' lang='lat' dir='ltr'><strong>in</strong></span> <span class='ocrx_word' id='word_1_767' title='bbox 1803 2818 1881 2846; x_wconf 89' lang='lat' dir='ltr'><strong>litur-</strong></span> 
     </span>
    </p>
   </div>
   <div class='ocr_carea' id='block_1_112' title="bbox 1095 2851 1639 2887">
    <p class='ocr_par' dir='ltr' id='par_1_112' title="bbox 1095 2851 1639 2887">
     <span class='ocr_line' id='line_1_113' title="bbox 1095 2851 1639 2887; baseline 0.007 -10"><span class='ocrx_word' id='word_1_768' title='bbox 1095 2851 1137 2886; x_wconf 83' lang='lat' dir='ltr'><strong>gia</strong></span> <span class='ocrx_word' id='word_1_769' title='bbox 1154 2859 1215 2885; x_wconf 73' lang='lat' dir='ltr'><strong>qua:</strong></span> <span class='ocrx_word' id='word_1_770' title='bbox 1231 2853 1260 2879; x_wconf 72' lang='grc' dir='ltr'>δ.</span> <span class='ocrx_word' id='word_1_771' title='bbox 1273 2851 1469 2887; x_wconf 80' lang='lat' dir='ltr'><strong>Chrysostomo</strong></span> <span class='ocrx_word' id='word_1_772' title='bbox 1483 2851 1639 2881; x_wconf 82' lang='lat' dir='ltr'><strong>ascribitur.</strong></span> 
     </span>
    </p>
   </div>
  </div>
