2076 3158
201 239 268 274 Ιξί97

776 249 807 279 S.
827 249 971 281 BASILII
990 250 1188 282 LITUBGIA.

1752 256 1823 290 1298

200 300 310 335 εἰρήνην
328 300 367 336 τῷ
391 302 484 337 κόσμῳ
507 301 638 337 δώρησαι,
666 304 741 339 παρὶ
765 305 811 331 τὸν
834 306 978 334 ὑπόλοιπον

1031 314 1124 342 pacem
1140 308 1242 336 mundo
1252 308 1359 342 donari,
1371 313 1400 337 ut
1418 310 1552 346 reliquum
1566 312 1628 340 vitae
1640 317 1740 341 nostra:
1755 318 1822 342 tem-

199 345 292 380 ιρόνον
306 345 355 380 τῆς
372 345 444 382 ζωῆς
458 347 537 382 ἡμῶν
551 347 582 374 ἐν
594 348 690 384 εἰρήνῃ
700 349 747 376 καὶ
761 351 890 387 μετανοίᾳ
903 352 982 379 εκτε-

199 390 284 417 λὲσαι.

231 436 384 471 Χριστιανὰ
407 437 441 464 τὰ
466 438 530 473 τέλη
558 439 608 474 τῆς
634 439 707 474 ζωῆς
731 440 825 474 ήμῶν,
842 441 981 477 ἀνώδυνα,

199 481 400 516 ἀνεπαίσχυντα
411 503 418 514 ,
436 483 561 518 εἰρηνικὰ
572 503 579 516 ,
599 485 647 510 καὶ
665 485 750 519 καλὴν
770 486 919 521 ἀπολογίαν
935 489 982 515 ἐπὶ

199 526 316 561 φοϐεροῦ
346 527 468 562 βήματος
496 528 542 556 τοῦ
569 530 686 564 Χριστοῦ
712 531 899 566 αἱτησώμεθα.
926 534 982 568 Τῆς

199 571 344 604 παναγίας,
370 572 519 606 ἀχράντου,
535 573 807 610 ὑπερευλογουμένης
829 576 982 611 Δεσποίνης

199 615 276 649 ἡμῶν
290 615 421 643 Θεοτόκου
438 618 484 644 καὶ
505 618 698 653 ’Λειπαρθένου
713 620 832 655 Μαρίας,
847 621 896 648 καὶ
911 621 982 649 πάν-

199 668 253 686 των
268 659 320 686 τῶν
337 661 423 695 ἁγίων
440 663 692 698 μνημονεύσαντες,
709 665 822 697 ἑαυτοὺς
834 667 882 694 καὶ
901 667 982 703 ἀλλή-

199 703 262 735 λους
279 705 327 731 καὶ
346 705 451 737 πάντας
466 706 510 733 διὰ
524 707 578 733 τῶν
592 708 740 744 οἰκτιρμῶν
756 710 804 737 τοῦ
819 713 982 745 μονογενοῦς

200 757 247 775 σου
259 749 335 783 Υἰοῦ,
351 751 409 786 μεθ’
421 747 451 778 οὗ
463 752 609 786 εὐλογητὸς
624 751 659 786 εἴ,
675 755 724 781 σὺν
739 754 778 789 τῷ
795 757 920 792 παναγίῳ
934 758 982 784 καὶ

198 794 294 829 ἀγαθῷ
313 796 359 822 καὶ
374 796 498 832 ζωοποιῷ
513 806 560 824 σου
576 798 724 834 Πνεύματι,
741 800 790 827 νῦν
807 801 854 828 uati.
867 803 921 835 ἀεὶ,
935 803 983 830 καὶ

197 841 236 871 εἰς
247 841 310 873 τοὺς
323 842 424 874 αἰῶνας
434 844 488 871 τῶν
498 843 614 872 αἰώνων.

233 886 334 922 Εἰρήνη
362 889 454 915 πᾶσιν.
480 884 680 926 Ἀγαπήσωμεν
704 892 854 928 ἀλλήλους,
883 894 926 922 ἵνα
953 895 982 921 ὲν

197 931 309 967 ὁμονοίᾳ
324 933 547 969 ὁμολογήσωμεν.

234 977 289 1009 Τὰς
306 978 401 1013 ούρας,
418 980 467 1012 τὰς
481 980 576 1016 θύρας·
592 983 622 1009 ἐν
637 983 718 1019 σοφία
734 985 908 1020 πρόσχωμεν.

232 1022 270 1058 (6)
285 1023 396 1059 Στῶμεν
413 1025 512 1057 καλῶς·
528 1027 635 1062 στῶμεν
651 1029 719 1063 μετὰ
731 1029 831 1063 φόϐου·
853 1030 980 1066 πρόσχω-

197 1076 247 1103 μεν
264 1068 313 1105 τὴν
326 1069 406 1105 ἁγίαν
421 1071 560 1108 ἀναφορὰν
575 1074 604 1099 ὲν
619 1075 716 1111 εἰρήνῃ
729 1076 908 1112 προσφέρειν.

494 1135 688 1170 Ἑλισσών-ηας.

235 1186 268 1213 Ἥ
278 1186 356 1222 χάρις
371 1187 418 1214 τοῦ
432 1189 534 1224 Κυρίου
547 1190 627 1225 ἡμῶν
646 1191 734 1226 Ἰησοῦ
746 1192 878 1228 Χριστοῦ,
901 1196 948 1222 καὶ
963 1197 980 1231 ἡ

195 1231 290 1267 ἀγάπη
306 1232 353 1259 τοῦ
377 1233 445 1260 Θεοῦ
467 1235 514 1260 καὶ
529 1235 647 1270 Πατρὺς,
670 1237 717 1264 καὶ
745 1237 761 1272 ή
786 1240 912 1267 κοινωνία
931 1240 980 1267 τοῦ

196 1279 274 1313 ἁγίου
293 1279 451 1315 Πνεύματος
468 1281 510 1316 εἴη
526 1282 595 1316 μετὰ
613 1282 721 1310 πάντων
736 1283 813 1319 ὑμῶν

237 1323 412 1360 Ἀνάσχωμεν
425 1325 474 1357 τὰς
489 1326 611 1361 καρδίας.

249 1369 495 1406 Εὑχαριατήσωμεν
511 1371 550 1407 τῷ
565 1372 670 1408 Κυρίῳ.

427 1434 458 1461 '0
474 1435 569 1469 ἱερεὺς
582 1436 750 1471 ἐπεύχεται.

232 1497 271 1531 (7)
295 1497 323 1524 '0
335 1496 384 1530 ὢν,
402 1499 524 1525 Δέσποτα
541 1499 588 1526 καὶ
602 1499 682 1531 Θεὸς,
701 1501 806 1537 Πατὴρ,
825 1504 980 1540 παντοκρά-

196 1551 255 1578 top,
274 1543 455 1578 προσκυνητέ·
473 1544 547 1577 ἄξιον
560 1545 598 1576 ὡς
610 1545 727 1581 ἀληθῶς,
745 1548 790 1573 καὶ
804 1547 917 1580 δίκαιον,
933 1550 980 1576 καὶ

197 1588 301 1624 πρέπον
311 1590 344 1625 τῇ
359 1589 580 1626 μεγαλοπρεπείᾳ
595 1591 645 1626 τῆς
661 1592 815 1628 ἁγιωσύνης
825 1602 883 1627 σου,
893 1594 922 1620 σὲ
935 1596 979 1621 αἰ-

1033 359 1085 387 pus
1101 353 1127 380 in
1142 360 1209 388 pace
1219 357 1246 381 et
1260 355 1419 389 poenitentia
1434 356 1571 384 liniamus.

1067 444 1254 472 Christianum
1278 444 1360 472 ﬁnem
1374 445 1434 473 vita:
1450 453 1560 478 nostrae,
1575 447 1678 475 doloris
1691 454 1717 476 et
1733 450 1820 484 turpi-

1033 490 1133 517 tudinis
1150 494 1297 525 expertem,
1314 496 1453 525 pacatum,
1469 497 1496 519 et
1511 493 1609 520 bonam
1632 494 1819 521 defensionem

1032 540 1095 563 ante
1111 536 1228 563 tribunal
1242 537 1410 564 tremendum
1426 538 1525 565 Christi
1543 546 1695 573 poscamus.

1069 581 1264 614 Sanctissimae,
1293 582 1484 616 immaculata:
1514 584 1662 612 benedictae
1697 585 1821 613 Dominae

1032 632 1132 654 nostra
1140 626 1257 662 Deiparre
1264 632 1291 654 et
1299 626 1404 661 semper
1420 628 1536 663 Virginis
1550 629 1649 660 Mariae,
1661 634 1688 657 ct
1698 631 1819 658 omnium

1032 677 1188 700 sanctorum
1207 673 1364 701 memoriam
1381 678 1502 709 agentes,
1512 682 1564 702 nos
1575 675 1651 710 ipsos
1665 680 1691 702 et
1703 676 1819 703 invicem

1031 723 1058 746 et
1072 725 1166 746 omnes
1177 719 1425 755 (commendamus)
1442 728 1489 755 per
1505 721 1723 748 miscricordiam
1751 720 1819 748 Uni—

1031 763 1114 799 geniti
1144 763 1205 791 Filii
1220 765 1270 797 tui,
1288 773 1405 800 quocum
1428 766 1586 793 benedictus
1608 774 1648 797 es,
1665 774 1726 793 cum
1757 774 1821 793 san-

1032 807 1165 842 ctissiino,
1180 810 1282 844 optimo
1294 814 1321 837 et
1334 810 1440 838 vivitico
1454 810 1568 846 Spiritu,
1585 819 1657 839 nunc
1665 816 1692 839 et
1702 819 1819 846 semper,

1032 859 1059 882 et
1078 854 1105 881 in
1121 855 1219 882 saecula
1237 855 1412 882 saeculorum.

1067 898 1123 926 Pax
1138 899 1276 926 omnibus.
1290 899 1440 935 Diligamus
1457 907 1507 927 nos
1522 899 1648 933 invicem,
1661 904 1691 927 ut
1706 900 1732 927 in
1750 908 1820 927 una-

1033 944 1155 972 nimitate
1175 945 1367 972 conlitcamur.

996 972 1018 1002 B
1067 990 1161 1022 Fores,
1177 990 1259 1020 fores.
1275 990 1385 1018 Attente
1400 991 1555 1019 audiamus.

1069 1035 1177 1064 Stemus
1201 1036 1338 1070 decenter,
1362 1041 1467 1065 stemus
1484 1041 1642 1064 reverenter
1665 1045 1671 1063 :
1691 1037 1818 1064 attenda-

1032 1089 1092 1109 mus
1103 1087 1225 1110 sanctam
1237 1082 1405 1118 anaphoram
1423 1083 1449 1110 in
1466 1090 1532 1118 pace
1543 1082 1677 1118 proferre.

1349 1144 1414 1172 Alta
1430 1152 1501 1172 voce.

1066 1198 1158 1226 Gratia
1178 1199 1284 1227 Domini
1302 1200 1387 1227 nostri
1413 1200 1477 1227 Jesu
1494 1199 1609 1230 Christi.
1628 1200 1750 1227 cluat-itas
1768 1199 1814 1227 Ιὶυὶ

1030 1249 1055 1271 et
1072 1245 1172 1277 Patris,
1187 1249 1215 1272 et
1228 1246 1442 1274 communicatio
1455 1246 1540 1274 sancti
1557 1245 1677 1281 Spiritus
1698 1246 1733 1273 sit
1752 1253 1816 1273 cum

1030 1290 1159 1317 omnibus
1170 1291 1258 1320 vobis.

1066 1335 1181 1364 Sursum
1199 1337 1292 1364 corda.

1065 1381 1173 1410 Gratias
1191 1390 1305 1418 agamus
1316 1383 1442 1411 Domino.

1311 1445 1442 1473 Sacerdos
1462 1451 1522 1473 orat

1066 1507 1106 1535 Tu
1121 1508 1168 1543 qui
1183 1515 1224 1542 es,
1245 1508 1361 1537 Domine
1378 1513 1406 1537 et
1427 1509 1508 1542 Deus,
1522 1510 1612 1542 Pater,
1629 1509 1811 1544 omnipotens,

1031 1553 1185 1587 adorande;
1201 1554 1312 1590 dignum
1338 1562 1412 1589 vere,
1426 1560 1453 1583 et
1467 1556 1570 1591 justum
1598 1560 1624 1584 et
1649 1559 1814 1586 conveniens

1031 1601 1166 1636 maiestati
1181 1601 1334 1629 sanctitatis
1348 1606 1411 1634 tuae,
1426 1605 1453 1630 te
1472 1603 1595 1637 laudare,
1612 1607 1638 1630 te
1663 1604 1815 1638 celebrare,

195 1635 268 1668 νεῖν,
286 1634 315 1662 σὲ
329 1635 434 1670 ὑμνεῐν,
450 1636 479 1662 σὲ
493 1637 624 1671 εὐλογεῖν,
641 1637 671 1664 σὲ
686 1640 859 1674 προσκυνεῖν,
875 1640 904 1666 σὲ
925 1641 977 1668 εὑ-

1029 1653 1055 1676 te
1075 1634 1256 1681 benedicere,
1275 1652 1301 1676 te
1327 1648 1452 1681 adorare,
1472 1649 1519 1676 tibi
1552 1649 1654 1684 gratias
1684 1658 1775 1686 agere,
1789 1656 1817 1678 te

194 1680 333 1714 χαριστεῖν
344 1700 352 1713 ,
369 1680 399 1707 σὲ
421 1680 542 1713 δοξάζειν
558 1681 602 1708 τὸν
620 1683 700 1717 μόνον
720 1682 805 1715 ὅντως
821 1684 885 1712 ὄντα
901 1685 978 1718 Θεὸν,

195 1724 244 1751 καὶ
270 1725 311 1751 σοὶ
334 1726 499 1762 προσφέρειν
526 1727 554 1753 ὲν
574 1727 671 1764 καρδίᾳ
695 1729 912 1765 συντετριμμένῃ
931 1731 978 1757 καὶ

195 1769 331 1804 πνεύματι
347 1771 538 1802 ταπεινώσεως
551 1771 599 1806 τὴν
610 1772 723 1809 λογικὴν
736 1773 838 1808 ταύτην
851 1773 978 1809 λατρείαν

194 1813 283 1848 ἡμῶν·
299 1815 339 1841 ὅτι
359 1816 391 1842 σὺ
407 1813 433 1842 εἴ
445 1816 459 1842 ὁ
476 1816 661 1851 χαρισάμενος
683 1819 748 1853 ἡμῖν
764 1818 814 1852 τὴν
831 1819 978 1853 ἐπίγνωσιν

193 1860 241 1894 λῆς
255 1859 305 1894 σῆς
317 1860 455 1896 ἀληθείας.
474 1862 529 1888 Καὶ
540 1862 582 1893 τίς
600 1862 692 1895 ἱκανὸς
703 1863 819 1899 λαλῆσαι
835 1865 884 1896 τὰς
897 1865 977 1892 δυνα-

195 1905 285 1936 στείας
304 1913 368 1938 σου;
384 1906 518 1938 ἁκουστὰς
537 1908 648 1942 ποιῆσαι
673 1909 763 1941 πάσας
785 1911 834 1941 τὰς
860 1911 978 1943 αἰνέσεις

195 1950 243 1977 σοῦ
253 1960 260 1983 ;
272 1951 289 1986 ἢ
301 1951 484 1986 διηγήσασθαι
496 1953 584 1979 πάντα
597 1954 632 1980 τὰ
643 1954 784 1988 θαυμάσια
796 1964 842 1982 σου
855 1956 884 1982 ὲν
895 1956 977 1983 παντὶ

194 1997 300 2032 καιρῷς
317 1996 439 2024 Δέσποτα
459 1998 513 2024 τῶν
532 1999 659 2026 ἁπάντων
672 2019 679 2032 ,
698 2000 784 2034 Κύριε
798 2000 914 2035 οὐρανοῦ
930 2001 978 2028 καὶ

193 2042 255 2076 γῆς,
269 2042 317 2069 καὶ
329 2042 419 2077 πάσης
432 2043 545 2075 κτίσεως
555 2044 697 2079 όρωμένης
710 2053 739 2072 τε
751 2046 798 2072 καὶ
810 2046 860 2080 οὐχ
870 2045 978 2081 ὁρωμέ-

194 2096 252 2122 νης,
270 2089 285 2115 ό
297 2088 449 2124 καθήμενος
465 2089 512 2116 ἐπὶ
529 2089 624 2125 θρόνου
645 2090 739 2126 δόξης,
760 2091 808 2118 καὶ
822 2091 977 2119 ἐπιϐλέπων

194 2135 344 2167 ἀϐύσσους·
371 2136 483 2172 ἇναρχε,
514 2136 624 2171 ἀόρατε,
655 2137 847 2173 ἀκατάληπτε,
878 2139 977 2174 ἀπερί-

195 2189 326 2216 στραπτε,
337 2181 509 2214 ἀναλλοίωτε,
523 2182 537 2208 ὸ
548 2182 644 2217 Πατὴρ
654 2181 701 2209 τοῦ
715 2183 818 2217 Κυρίου
829 2184 907 2219 ήμῶν
924 2184 976 2219 ’1η-

194 2227 241 2254 σοῦ
263 2227 400 2261 Χριστοῦ,
416 2226 462 2254 τοῦ
485 2228 603 2263 μεγάλου
624 2228 691 2255 Θεοῦ
714 2230 762 2256 καὶ
779 2230 906 2265 Σωτῆρος
927 2231 977 2266 τῆς

193 2273 301 2305 ἐλπίδος
316 2274 332 2308 ἠ
337 2273 396 2308 μῶν
407 2293 414 2306 ,
433 2275 463 2305 ὃς
475 2274 548 2300 ἐστιν
571 2274 654 2301 εἰκὼν
665 2274 715 2309 τῆς
733 2275 782 2309 σῆς
796 2276 975 2312 ἀγαθάτητος,

193 2319 310 2353 σφραγὶς
326 2318 454 2350 ἰσότυπος
467 2319 496 2345 ἐν
512 2319 611 2354 ἑαυτῷ,
627 2319 734 2352 δεικνύς
746 2329 776 2347 σε
789 2321 835 2348 τὸν
845 2322 955 2358 Πατέρα
967 2331 975 2339 ⁸

191 2363 278 2397 Λόγος
297 2362 361 2394 ζῶν,
387 2363 454 2395 Θεὸς
473 2363 610 2399 ἀληθινὸς,
629 2366 646 2399 ἡ
673 2365 726 2400 πρὸ
750 2366 859 2393 αἰώνων
884 2367 977 2402 σοφία,

192 2408 260 2442 ζωὴ,
276 2408 412 2443 ἁγιασμὸς
422 2429 430 2441 ,
444 2409 570 2445 δύναμις,
584 2410 615 2437 τὸ
628 2410 686 2445 φῶς
699 2411 730 2438 τὸ
746 2411 873 2447 ἀληθινὸν
885 2433 892 2445 ,
911 2413 977 2449 παρ’

192 2452 222 2481 οὗ
244 2455 275 2481 τὸ
291 2455 402 2491 Πνεῦμα
421 2455 451 2482 τδ
467 2456 545 2490 ἅγιον
568 2456 685 2493 ἐξεφάνη
697 2479 704 2492 ,
722 2458 753 2485 τὸ
774 2459 824 2493 τῆς
848 2459 978 2494 ἀληθείας

193 2501 315 2536 πνεῦμα,
329 2502 360 2528 τὸ
376 2501 425 2537 τῆς
447 2503 583 2536 υἱοθεσίας
599 2504 732 2539 χάρισμα,
750 2505 764 2531 ὁ
778 2504 907 2540 ἁρραδὼν
929 2506 979 2541 τῆς

193 2548 343 2583 μελλούσης
356 2549 548 2584 κληρονομίας,
558 2551 575 2585 ἡ
588 2550 701 2587 ἀπαρχὴ
714 2551 769 2578 τῶν
779 2551 897 2579 αἰωνίων
907 2552 978 2586 ἁγα-

193 2594 259 2626 θῶν,
269 2595 286 2629 ὴ
299 2594 429 2627 ζωοποιὺς
440 2594 566 2630 δύναμις,
578 2597 594 2631 ἡ
605 2597 680 2632 πηγὴ
691 2596 738 2624 τοῦ
749 2597 898 2632 ἁγιασμοῦ,
911 2598 977 2633 παρ’

192 2638 224 2667 οὗ
238 2642 312 2667 πᾶσα
324 2641 412 2674 κτίσις
426 2642 522 2679 λογική
536 2651 565 2669 τε
578 2644 626 2670 καὶ
640 2645 720 2680 νοερὰ
731 2645 922 2680 δυναμουμένη
935 2653 976 2672 σοι

191 2686 334 2722 λατρεύει,
348 2688 396 2715 καὶ
413 2689 454 2715 σοὶ
469 2689 518 2724 τὴν
534 2689 618 2717 ἀΐδιον
633 2690 790 2726 ἀναπέμπει
805 2691 975 2725 δοξολογίαν,

192 2731 233 2757 ὅτι
243 2732 276 2759 τὰ
287 2732 432 2768 σύμπαντα
441 2733 522 2761 δοῦλα
534 2735 579 2762 σά·
592 2735 622 2761 σὲ
635 2735 689 2770 γὰρ
703 2735 823 2763 αἰνοῦσιν
837 2737 975 2771 Ἄγγελοι,

198 2777 385 2812 ’Δρχάγγελοι,
394 2779 499 2815 Θρόνοι,
510 2780 686 2816 κυριότητες,
707 2781 812 2816 Ἀρχαὶ,
828 2782 974 2814 Ἐξουσίαι,

192 2824 338 2858 Δυνάμεις,
351 2826 399 2853 καὶ
413 2826 447 2853 τὰ
465 2825 649 2861 πολυσώματα
665 2827 806 2863 Χερουϐίμ
817 2835 825 2842 ⁸
844 2827 885 2854 σοὶ
901 2836 972 2863 παρ·
987 2854 989 2856 τ

229 2914 268 2949 (6)
287 2914 354 2952 Quae
380 2922 532 2950 sequuntur
554 2917 643 2945 omnia
671 2925 757 2952 usque
789 2917 822 2945 ad
849 2918 973 2946 lacunam

193 2949 224 2982 ἓξ
245 2950 378 2986 πτέρυγες
395 2949 504 2980 cistam
519 2952 547 2980 in
572 2953 680 2988 liturgia
700 2949 811 2989 Syriaca
833 2952 862 2981 S.
878 2953 972 2982 Basilii

1028 1692 1182 1727 gloriﬁcare
1208 1692 1298 1721 solum
1327 1700 1390 1720 vere
1418 1692 1515 1725 Deum,
1528 1698 1556 1721 et
1586 1693 1636 1721 tibi
1664 1694 1761 1722 offerre
1786 1696 1814 1722 in

1028 1738 1111 1766 corde
1129 1739 1246 1767 contrito
1265 1743 1293 1766 et
1311 1739 1408 1774 spiritu
1432 1739 1596 1767 humilitatis
1622 1740 1814 1768 rationabilem

1028 1784 1101 1812 hunc
1119 1785 1223 1812 cultum
1238 1789 1363 1813 nostrum
1380 1793 1386 1812 :
1403 1789 1430 1812 tu
1448 1785 1521 1813 enim
1546 1785 1645 1814 dedisti
1666 1786 1745 1814 nobis
1768 1795 1816 1814 co-

1027 1830 1175 1865 gnitionem
1190 1834 1243 1858 tua:
1263 1830 1397 1859 veritatis.
1418 1831 1451 1858 Et
1465 1832 1527 1866 quis
1541 1835 1622 1867 aptus
1644 1832 1697 1860 erit
1723 1833 1815 1868 eloqui

1026 1877 1160 1912 potentias
1190 1876 1270 1905 tuas?
1297 1882 1344 1905 aut
1371 1877 1509 1905 celebrare
1539 1878 1634 1906 laudes
1658 1878 1738 1906 tuas?
1768 1883 1816 1906 aut

1027 1930 1156 1950 enarrare
1171 1923 1262 1950 omnia
1278 1927 1324 1950 tua
1340 1922 1371 1950 in
1386 1923 1461 1951 omni
1490 1928 1612 1960 tempore
1636 1924 1817 1952 admiranda?

1028 1967 1140 1995 Domine
1160 1969 1362 2000 universorum,
1384 1969 1456 2002 coeli,
1475 1973 1565 2001 terrae,
1579 1973 1607 1996 et
1621 1970 1711 1997 omnis
1732 1977 1815 1997 crea-

1027 2015 1095 2039 turae
1120 2012 1234 2040 visibilis
1261 2017 1289 2040 et
1313 2013 1469 2045 invisibilis,
1482 2013 1529 2048 qui
1556 2013 1635 2042 sedes
1653 2013 1681 2041 in
1713 2014 1814 2041 throno

1027 2057 1130 2092 glorim,
1148 2062 1175 2084 et
1205 2057 1320 2085 intueris
1346 2058 1459 2093 abyssos
1481 2067 1488 2085 :
1509 2062 1620 2091 aeterne,
1655 2059 1814 2091 invisibilis,

1027 2103 1319 2138 incomprehensibilis,
1329 2103 1520 2137 immutabilis,
1539 2104 1721 2138 invariabilis,
1734 2105 1815 2133 Pater

1028 2148 1132 2176 Domini
1151 2150 1234 2177 nostri
1249 2149 1312 2177 Jesu
1343 2150 1455 2183 Christi,
1473 2150 1563 2186 magni
1585 2151 1633 2178 Dei
1649 2156 1675 2179 et
1690 2150 1816 2179 Salvato-

1027 2195 1066 2222 ris
1082 2195 1137 2230 spei
1155 2201 1265 2229 nostrae,
1278 2196 1324 2231 qui
1345 2200 1388 2224 est
1406 2196 1496 2232 imago
1512 2197 1642 2224 bonitatis
1658 2201 1722 2229 tum,
1738 2198 1814 2232 sigil-

1027 2241 1082 2268 lmn
1105 2242 1228 2269 eamdem
1260 2247 1362 2276 tecum,
1389 2242 1480 2274 Pater,
1508 2243 1625 2271 formam
1656 2244 1813 2272 exhibens:

1028 2286 1146 2314 Verbum
1178 2289 1279 2320 vivum,
1299 2288 1369 2316 Deus
1397 2296 1490 2321 verus,
1518 2289 1658 2324 sapientia:
1677 2297 1738 2325 quae
1761 2289 1814 2318 fuit

1028 2337 1090 2360 ante
1105 2333 1216 2366 szecula,
1229 2333 1295 2366 vita,
1318 2334 1460 2366 sanctitas.
1478 2335 1574 2367 virtus,
1597 2335 1688 2363 lumen
1704 2343 1812 2368 verum,

1028 2378 1100 2412 quod
1115 2379 1243 2406 revelavit
1267 2378 1345 2407 nobis
1368 2378 1498 2414 Spiritum
1525 2384 1664 2412 sanetum,
1683 2379 1812 2415 Spiritum

1028 2424 1104 2450 illum
1127 2423 1261 2455 veritatis.
1284 2425 1384 2451 donum
1405 2424 1571 2459 adoptionis.
1596 2425 1695 2460 pignus
1715 2424 1813 2452 futura:

1028 2469 1205 2501 hmreditatis,
1224 2469 1360 2504 primitias
1379 2475 1545 2497 aeternorum
1562 2470 1710 2503 bonorum,
1727 2470 1812 2497 virtu-

1027 2518 1081 2541 tem
1106 2515 1167 2541 vitaa
1192 2514 1365 2548 eﬂectricem,
1387 2515 1540 2543 sanctitatis
1565 2514 1677 2547 fontem,
1699 2522 1733 2542 ex
1758 2522 1812 2549 quo

1027 2559 1118 2587 omnis
1132 2564 1259 2587 creatura
1281 2560 1386 2588 ratione
1403 2565 1431 2588 et
1457 2561 1594 2588 intellectu
1620 2560 1734 2595 praedita
1760 2560 1809 2587 tibi

1027 2605 1120 2637 servit,
1134 2609 1319 2640 aeternamque
1337 2605 1385 2633 tibi
1399 2605 1492 2640 gloria
1519 2605 1740 2641 praedicationem
1769 2605 1812 2632 of-

1027 2650 1096 2683 fert;
1123 2650 1170 2678 tibi
1201 2650 1273 2677 enim
1305 2650 1459 2678 inserviunt
1485 2651 1578 2678 omnia
1596 2659 1603 2678 :
1622 2655 1647 2677 to
1672 2651 1810 2678 celebrant

1026 2694 1134 2729 Angeli,
1156 2695 1329 2731 Archangcli,
1347 2695 1461 2728 Throni,
1483 2695 1702 2729 Dominationes,
1730 2695 1810 2722 Prin-

1026 2740 1142 2774 cipatus,
1168 2740 1335 2773 Potestates,
1367 2740 1504 2772 Virtutes.
1528 2741 1682 2776 multasque
1708 2741 1810 2776 ﬁguras

1027 2785 1175 2814 referentes
1194 2786 1358 2820 Cherubin);
1379 2787 1482 2814 circum
1511 2791 1537 2814 te
1562 2791 1636 2814 stant
1653 2787 1809 2822 Serapliim,

1026 2839 1073 2860 sex
1089 2833 1197 2861 alat"...
1230 2831 1285 2860 Fac
1313 2837 1342 2860 ut
1369 2833 1433 2860 dum
1468 2840 1518 2860 nos
1540 2833 1707 2868 ingredimur
1728 2834 1809 2862 simul

1026 2923 1097 2964 an!!!
1112 2921 1262 2964 tionem“.-
1329 2957 1334 2964 .
1374 2961 1379 2964 _
1422 2956 1440 2964 η
1615 2958 1620 2963 .
1661 2957 1678 2964 η
1707 2957 1724 2964 -

1061 2957 1099 2993 (7)
1116 2957 1237 3002 Legitur.
1252 2958 1279 2985 in
1292 2957 1399 2992 vulgata
1420 2956 1513 2985 Graeca
1531 2957 1638 2993 Iiturgia
1661 2957 1690 2986 S.
1706 2957 1807 2986 Basilii.
