2076 3158
214 218 278 252 1301

798 220 830 250 S.
851 219 995 250 BASILII
1011 219 1213 252 LITURGIA.

1765 222 1834 255 1302

214 276 256 302 σοὶ
270 275 319 310 τὴν
329 274 410 308 δόξαν
426 274 628 310 ἀναπέμπωμεν
643 275 683 310 τῷ
699 275 800 310 Πατρὶ,
814 275 861 302 καὶ
873 274 914 310 τῷ
931 275 996 311 Υίῷ,

1058 276 1164 312 gloriam
1189 277 1343 311 referimus,
1360 278 1444 312 l’atri,
1457 283 1486 306 et
1509 279 1590 311 Filio,
1605 284 1632 308 et
1656 285 1753 308 sancto
1774 280 1837 316 Spi'

214 321 261 348 καὶ
282 321 321 355 τῷ
336 321 406 355 ἁγίῳ
430 321 570 356 Πνεύματι
582 341 591 355 ,
613 320 662 347 νῦν
682 322 728 348 καὶ
744 321 790 348 ἀεὶ
806 320 854 348 καὶ
870 321 910 353 εῐς
935 323 997 354 τοὺς

213 366 313 397 αἰῶνας
328 365 382 392 τῶν
393 365 510 393 αἰώνων.

510 411 541 438 '0
551 411 701 446 διάκονος.

223 479 229 485 -
250 464 388 498 Εὕξασοε,
404 466 427 492 oi
443 466 642 502 κατηχούμενοι
658 467 697 503 τῷ
720 469 826 504 Κυρίῳ.
850 470 882 496 Oi.
905 468 999 496 πιστοὶ

215 512 284 546 ὑπὲρ
295 511 349 538 τῶν
364 512 574 547 κατηχουμένων
589 513 714 549 δεήθητε,
730 514 773 541 ἵνα
790 515 934 550 κατηχήσῃ
948 515 999 542 αὺ-

215 558 278 587 τοὺς
291 558 337 584 τὸν
356 557 435 592 λόγον
453 558 503 593 τῆς
518 558 665 594 ἀληθείας,
680 560 845 597 ἀποκαλύψῃ
863 562 953 592 αὐτοῖς
969 561 1000 588 sb

215 601 384 635 Εὗαγγέλιον
401 603 449 638 τῆς
467 603 648 640 δικαιοσύνης,
669 605 759 641 ένώσῃ
776 606 875 638 αὐτοὺς
887 607 921 642 τῇ
935 606 1001 641 ἁγίᾳ.

216 647 299 674 αὑτοῦ
316 647 446 683 καθολικῇ
469 649 517 675 καὶ
531 650 698 686 ἀποστολικῇ
720 651 878 687 Ἐκκλησία.
900 652 1001 684 Σῶσον,

217 693 338 727 ἐλέησον,
354 693 497 720 ἀντιλαὸὀῠ
524 695 571 720 καὶ
599 695 763 730 διαφύλαξον
785 696 881 728 αὐτοὺς
909 698 944 732 τῇ
967 698 1001 732 σῇ

216 739 318 774 χάριτι.

250 786 282 812 Ui
300 786 512 822 κατηχούμενοι,
530 790 579 820 τὰς
605 789 726 823 κεφαλὰς
748 789 824 824 ὑμῶν
844 789 883 824 τῷ
910 789 1003 824 Κυρίῳ

216 831 324 858 κλίνατε

269 887 354 922 Εὑχὴ
374 888 608 923 κατηχουμένων
628 889 685 922 πρὸ
704 889 760 924 τῆς
783 889 948 925 ἀναφορᾶς.

1049 324 1125 356 ritui,
1140 331 1215 351 nunc
1228 329 1256 352 et
1269 332 1378 360 semper
1391 330 1420 353 et
1432 326 1460 353 in
1472 325 1571 354 saecula
1587 326 1763 354 saeculorum.

1373 417 1517 444 Diaconus.

1084 472 1178 504 Orate,
1193 472 1394 503 catechumeni.
1411 472 1567 500 Dominum.
1585 471 1640 500 Vos
1665 471 1771 504 ﬁdeles,
1785 479 1834 506 pro

1051 518 1254 546 catechumcnis
1268 522 1355 551 orate.
1369 523 1399 546 ut
1409 519 1526 546 instruat
1542 526 1590 546 eos
1602 519 1685 546 verbo
1701 517 1834 547 veritatis.

1051 564 1152 591 revelet
1168 564 1209 591 eis
1225 563 1400 598 Evangelium
1413 564 1537 599 iustitiae.
1549 564 1699 598 conjungal
1714 570 1762 590 eos
1773 570 1836 590 cum

1052 614 1146 638 sancta
1163 617 1213 637 sua
1228 610 1362 637 catholica
1383 614 1411 637 et
1422 610 1575 644 apostolica
1586 609 1719 637 Ecclesia.
1737 609 1834 639 Serra,

1053 657 1196 689 miserere,
1208 656 1303 692 excipe
1317 661 1344 684 et
1358 656 1466 684 custodi
1482 656 1544 684 illos
1557 660 1602 684 tua
1614 656 1712 691 gratia.

1090 793 1156 826 Vos,
1173 792 1372 826 eatechumeni,
1386 791 1475 826 capita
1496 795 1587 820 vestra
1613 798 1705 818 coram
1725 789 1840 817 Domine

1055 840 1193 869 inclinate.

1126 895 1218 922 Oratio
1245 894 1489 921 calechumenorum
1504 898 1565 920 ante
1578 892 1768 927 expulsionem.

252 941 349 976 Κύριε,
366 942 380 968 ὁ
397 941 462 973 Θεὸς
480 942 560 977 ήμῶν
573 944 587 969 ὁ
604 943 633 970 ὲν
650 943 774 978 οὐρανοῖς
791 944 936 978 κατοικῶν,
950 943 998 971 καὶ

1083 949 1197 978 Domine
1224 949 1296 976 Deus
1320 952 1423 980 noster.
1444 947 1490 982 qui
1515 947 1542 974 in
1566 946 1644 974 caelis
1672 945 1792 976 habitas,
1816 948 1843 971 ct

216 986 372 1014 ἐπιϐλέπων
388 987 434 1014 ἐπὶ
452 987 542 1014 πάντα
557 988 591 1015 τὰ
612 988 682 1024 ἔργα
700 998 763 1022 σου,
788 989 934 1026 ἐπίϐλεψιν
956 991 1004 1018 ἐπὶ

216 1031 279 1063 τοὺς
292 1031 401 1064 δούλους
419 1041 465 1059 σου
483 1033 545 1065 τοὺς
562 1035 800 1070 κατηχουμένους,
818 1036 882 1068 τοὺς
899 1036 1003 1063 ὑποκε-

217 1077 344 1109 κλικότας
359 1078 425 1110 τοὺς
439 1079 545 1106 ἑαυτῶν
557 1080 673 1116 αὐχένας
687 1081 803 1108 ἐνώπιόν
817 1089 864 1108 σου
873 1090 880 1098 ·
896 1081 940 1113 δὸς
953 1082 1004 1109 αύ-

217 1125 273 1155 τοῖς
290 1124 335 1150 τὸν
355 1125 473 1160 ἐλαφρὸν
489 1125 571 1160 ζυγόν
590 1135 648 1152 σου’
670 1127 784 1162 ποίησον
810 1128 910 1160 αὐτοὺς
935 1129 1003 1165 μέλη

216 1168 267 1203 τῆς
280 1169 362 1204 ἁγίας
381 1178 428 1198 σου
451 1170 616 1206 Ἐκκλησίας
628 1192 635 1204 ,
651 1171 700 1199 καὶ
722 1173 890 1205 χαταξίωσον
904 1174 1004 1206 αὐτοὺς

218 1214 265 1241 τοῦ
281 1214 394 1250 λουτροῦ
419 1216 470 1251 τῆς
489 1217 712 1251 παλιγγενεσίας,
729 1218 779 1253 τῆς
803 1218 927 1254 ἀφέσεως
950 1219 1005 1246 τῶν

218 1263 371 1298 ἁμαρτιῶν,
390 1264 436 1291 καὶ
458 1264 505 1290 τοῦ
531 1264 680 1300 ἐνδύματος
700 1265 751 1300 τῆς
773 1265 944 1302 ἀφθαρσίας,
963 1267 1005 1298 εἰς

218 1308 366 1343 ὲπίγνωσίν
377 1316 424 1336 σου
438 1309 486 1336 τοῦ
501 1309 628 1344 ἀληθινοῦ
642 1310 710 1337 Θεοῦ
721 1310 810 1346 ἡμῶν.

514 1364 714 1398 Ἐ’κςιὼνησνις⁶

255 1416 313 1444 Ἵνα
325 1417 371 1444 καὶ
384 1417 462 1445 αὐτοὶ
476 1418 525 1445 σὺν
538 1419 605 1454 ἡμῖν
619 1418 750 1451 δοξάζωσι
765 1419 795 1446 τὸ
810 1420 944 1455 πάντιμον
959 1421 1006 1448 καὶ

221 1463 429 1499 μεγαλοπρεπὲς
440 1463 526 1499 ὄνομά
539 1473 597 1495 σου,
613 1465 658 1491 τοῦ
673 1465 790 1500 Πατρδς,
806 1466 853 1491 καὶ
869 1466 916 1493 τοῦ
928 1466 1005 1500 Υίοῦ,

221 1511 266 1535 καὶ
282 1509 329 1535 τοῦ
346 1509 425 1544 ἁγίου
442 1509 611 1545 Πνεύματος,
627 1510 673 1537 νῦν
690 1511 738 1538 καὶ
754 1511 808 1544 ἀεὶ,
824 1510 873 1538 καὶ
887 1512 928 1544 είς
943 1511 1007 1544 τοὺς

221 1555 322 1587 αἰῶνας
334 1555 388 1582 τῶν
401 1555 518 1583 αἰώνων.

513 1599 544 1626 '0
562 1599 712 1633 διάκονος.

257 1655 334 1681 Ὅσοι
349 1654 559 1690 κατηχούμενοι,
577 1652 725 1689 προέλθετε
735 1661 741 1668 ·
752 1655 777 1681 οἱ
793 1655 1006 1691 κατηχούμενοι,

222 1699 368 1735 προέλθετε
380 1707 387 1715 ·
410 1699 469 1726 ὅσοι
498 1700 711 1735 κατηχούμενοι,
728 1699 875 1734 προέλθετε
887 1703 894 1709 ⁸
925 1701 1008 1735 μήτις

221 1745 277 1771 τῶν
295 1747 523 1782 κατηχουμένων·
541 1746 598 1772 ὅσοι
609 1746 711 1779 πιστοὶ,
733 1745 773 1772 ἔτι
797 1745 844 1773 καὶ
859 1745 900 1772 ἔτι
924 1747 953 1772 ὲν
967 1747 1007 1773 ει-

223 1791 294 1829 ιήνῃ
313 1791 359 1818 τοῦ
373 1791 477 1827 Κυρίου
495 1791 647 1827 δεηθώμεν.

219 1893 304 1930 εὐχὴ
318 1893 434 1922 πιστῶν
446 1893 483 1927 α’,
494 1894 570 1929 μετὰ
584 1893 618 1921 τὸ
630 1893 805 1928 caueam
824 1894 859 1921 τὸ
874 1895 1007 1928 cantor.

260 1950 307 1982 Σὺ,
332 1948 428 1984 Κύριε,
448 1947 607 1979 κατέδειξας
631 1949 699 1983 ἡμῖν
724 1949 755 1975 τὸ
771 1948 843 1984 μέγα
860 1948 942 1976 τοῦτο
959 1949 1010 1984 τῆς

224 1995 362 2031 σωτηρίας
379 1994 529 2029 μυστήριον
539 2001 545 2008 ·
558 1993 591 2019 σὺ
604 1993 778 2028 κατηξίωσας
789 1995 868 2029 ἡμᾶς
879 1994 944 2026 τοὺς
959 2003 1009 2020 τα-

226 2041 336 2073 πεινοὺς
349 2040 396 2067 καὶ
409 2038 536 2072 ἀναξίους
548 2038 658 2071 δούλους
676 2047 722 2066 σου
739 2039 867 2074 γενέσθαι
887 2039 1011 2074 λειτουρ-

225 2088 291 2121 γοὺς
313 2086 361 2113 τοῦ
384 2086 465 2120 ἁγίου
497 2093 544 2112 σου
570 2085 785 2120 θυσιαστηρίου·
815 2085 848 2111 σὺ
877 2085 1010 2112 ίκὰνωσον

224 2133 300 2168 ἡμᾶς
313 2133 347 2168 τῇ
366 2132 480 2167 δυνάμει
501 2130 548 2158 τοῦ
564 2131 642 2165 ἁγίου
661 2139 708 2158 σου
724 2131 884 2166 Πνεύματος
899 2131 939 2162 εις
962 2130 1011 2165 τὴν

225 2179 363 2206 διακονίαν
375 2178 489 2214 ταύτην,
501 2178 545 2205 ἶνα
555 2177 749 2213 ἁκατακρίτως
767 2177 880 2209 στάντες
894 2177 1010 2204 ἐνώπιον

225 2227 275 2261 τῆς
286 2226 366 2260 ἁγίας
382 2224 461 2260 δόξης
475 2232 523 2251 σου
546 2224 766 2260 προσαγάγωμέν
791 2232 832 2250 σοι
852 2223 946 2250 θυσίαν
965 2223 1010 2250 al-

1055 996 1147 1024 omnia
1162 1002 1244 1030 opera
1268 998 1314 1022 tua
1341 992 1582 1029 rcspicis,rcspice
1600 999 1695 1020 servos
1714 996 1776 1018 tuos
1793 999 1841 1017 ca—

1055 1044 1245 1073 techumenos,
1263 1041 1309 1076 qui
1323 1047 1387 1068 suas
1399 1038 1730 1068 cervicesiuclinavcrunt
1749 1044 1842 1064 coram

1056 1093 1082 1116 te
1098 1097 1105 1115 :
1120 1088 1155 1115 da
1185 1086 1240 1114 illis
1265 1093 1349 1113 suave
1360 1084 1455 1120 jugum
1471 1089 1559 1116 tuum,
1578 1083 1621 1110 i‘ac
1644 1091 1692 1110 eos
1720 1082 1842 1109 membra

1057 1137 1157 1162 sancta!
1172 1137 1224 1160 tuae
1232 1131 1372 1164 Ecclesiae,
1387 1135 1415 1157 et
1428 1130 1526 1166 dignos
1542 1129 1603 1156 illos
1624 1128 1708 1155 redde
1733 1127 1843 1154 [arar-ro

1057 1177 1284 1215 regenerationis,
1302 1176 1466 1204 remissione
1489 1178 1676 1210 peccatorum.
1705 1176 1732 1200 ct
1762 1172 1844 1199 indu-

1058 1229 1151 1252 mento
1167 1222 1388 1259 incorruptionis,
1398 1221 1432 1250 ad
1446 1222 1627 1257 cognitionem
1641 1220 1691 1252 tui,
1704 1219 1750 1254 qui
1764 1226 1845 1245 verus

1056 1278 1086 1299 cs
1098 1270 1170 1298 Deus
1184 1275 1287 1298 noster.

1362 1369 1540 1397 Exclamatio.

1104 1425 1138 1454 Ut
1149 1430 1176 1453 et
1194 1425 1245 1461 ipsi
1271 1424 1415 1452 nobiscum
1430 1424 1583 1460 gloriﬁcent
1608 1421 1800 1450 honorandum
1817 1424 1845 1448 ct

1058 1477 1205 1506 augustum
1229 1479 1328 1499 nomen
1345 1475 1434 1504 tuum,
1458 1470 1560 1502 Patris,
1586 1468 1658 1503 Filii,
1679 1473 1704 1495 et
1726 1467 1845 1503 Spiritus

1057 1518 1155 1551 sancti,
1172 1525 1244 1545 nunc
1255 1521 1282 1545 ct
1295 1524 1413 1553 semper,
1425 1521 1453 1545 et
1463 1517 1490 1544 in
1506 1515 1606 1544 saecula
1619 1514 1792 1543 smculorum.

1382 1607 1529 1637 Diaconus.

1094 1661 1235 1696 Quotquot
1250 1661 1317 1689 estis
1328 1660 1533 1692 catechumeni.
1557 1659 1694 1692 recedite;
1715 1657 1844 1686 catechu-

1058 1708 1141 1739 meni.
1156 1707 1292 1740 recedite;
1308 1711 1443 1743 quotquot
1461 1706 1528 1735 estis
1546 1704 1733 1734 catechumeni
1745 1725 1753 1738 ,
1771 1711 1847 1731 recc-

1058 1753 1125 1781 dite.
1148 1753 1246 1781 Nullus
1266 1753 1526 1781 catechumenorum
1554 1752 1608 1779 hic.
1626 1751 1764 1785 Quotquot
1781 1750 1848 1778 estis

1059 1799 1161 1832 ﬁdeles,
1173 1800 1255 1827 etiam
1276 1804 1358 1834 atque
1373 1799 1454 1826 etiam
1470 1798 1497 1825 in
1516 1805 1583 1833 pace
1599 1796 1742 1824 Dominum
1758 1795 1850 1829 deprc-

1057 1854 1116 1874 cem
1120 1854 1152 1874 ur
1155 1867 1162 1874 .

1131 1901 1226 1929 Oratio
1240 1901 1358 1936 ﬁdelium
1371 1900 1396 1933 l,
1414 1905 1472 1936 post
1492 1901 1680 1935 expansioncm
1693 1899 1778 1927 lintei.

1096 1955 1149 1987 Tu,
1170 1954 1294 1987 Domine,
1310 1953 1453 1981 ostendisti
1476 1953 1555 1980 nohls
1569 1960 1695 1987 magnum
1712 1953 1764 1979 hoc
1776 1959 1850 1979 smn-

1060 2003 1096 2030 tis
1112 2000 1271 2036 mysterium
1284 2009 1290 2026 :
1303 2003 1332 2026 tu
1347 1998 1474 2033 dignatus
1486 2005 1516 2025 es
1541 2005 1590 2025 nos
1607 1997 1722 2024 humiles
1737 2002 1764 2024 ct
1780 1997 1851 2024 indi-

1061 2054 1130 2083 gnos
1144 2053 1239 2074 servos
1256 2048 1318 2072 tuos
1341 2043 1483 2071 ministros
1506 2043 1563 2071 ileri
1580 2043 1665 2070 sancti
1679 2043 1716 2070 tui
1734 2043 1848 2075 altaris;

1062 2098 1090 2121 tu
1117 2092 1214 2128 dignos
1229 2098 1280 2118 nos
1291 2089 1365 2118 eﬂlce
1390 2090 1490 2117 virtute
1514 2091 1601 2117 sancti
1624 2090 1662 2117 tui
1684 2088 1802 2123 Spiritus
1816 2089 1849 2115 ml

1062 2140 1115 2168 hoc
1131 2137 1323 2168 ministerium.
1349 2139 1377 2164 ut
1392 2136 1451 2164 sine
1461 2135 1563 2163 oﬂ'ensa
1586 2140 1688 2164 stantes
1708 2141 1771 2163 ante
1787 2143 1851 2163 san-

1062 2191 1134 2214 etam
1147 2185 1260 2220 gloriam
1281 2188 1356 2211 tuam
1375 2182 1522 2210 oil‘eramns
1538 2183 1586 2210 tibi
1603 2183 1719 2210 hostiam
1735 2183 1824 2210 laudis
1841 2193 1848 2211 :

1062 2237 1091 2259 tu
1107 2231 1180 2259 enim
1202 2237 1232 2258 es
1255 2228 1301 2265 qui
1321 2228 1443 2264 operaris
1458 2227 1550 2255 omnia
1573 2228 1600 2255 in
1629 2228 1767 2255 omnibus.
1786 2228 1850 2258 Far.

225 2272 345 2302 νέσεως’
368 2271 401 2298 σὺ
425 2270 481 2306 γὰρ
493 2268 521 2297 si
534 2271 549 2297 ὁ
572 2270 693 2306 ἐνεργῶν
708 2270 743 2297 τὰ
769 2270 859 2297 πάντα
879 2270 910 2297 έν
929 2270 1005 2297 πᾶσι.

1064 2276 1186 2309 Domine,
1205 2277 1235 2303 ut
1246 2282 1294 2310 pro
1306 2274 1408 2302 nostris
1424 2273 1530 2301 delictis
1544 2278 1570 2301 et
1582 2274 1742 2309 ignorantiis
1758 2275 1849 2309 populi

226 2318 285 2350 Δὸς,
303 2317 398 2352 Κύριε,
413 2316 461 2344 καὶ
478 2316 550 2352 ὑπὲρ
569 2316 623 2342 τῶν
643 2316 785 2352 ἡμετέρων
802 2316 1010 2352 ἁμαρτημάτων

227 2364 274 2389 καὶ
287 2363 340 2389 τῶν
352 2362 398 2389 τοῦ
411 2361 477 2389 λαοῦ
490 2363 671 2397 ἀγνοημάτων
687 2361 785 2398 δεκτήν
805 2361 933 2396 γενέσθαι
956 2362 1006 2398 τὴν

227 2407 323 2436 θυσίαν
345 2408 420 2444 ἡμῶν
435 2407 482 2435 καὶ
496 2407 695 2443 ιὺπρόσδεκτον
709 2407 825 2434 ἐνώπιόν
843 2415 902 2435 που.

521 2461 553 2489 '0
572 2462 721 2496 διάκονος.

238 2530 245 2535 ·
268 2517 438 2551 ’Λντιλασοῦ,
476 2517 577 2551 σῶσον,
613 2517 736 2552 ἐλέησον,
767 2518 814 2544 καὶ
846 2515 1010 2553 διαφύλαξον

227 2565 313 2600 ἡμᾶς,
325 2565 339 2591 ὀ
353 2565 428 2596 Θεὸς,
448 2564 482 2599 τῇ
499 2564 533 2599 σῇ
545 2563 647 2599 χάριτι.

439 2619 543 2654 Σοφία.
557 2635 592 2640 —
599 2618 796 2654 'Exgctbrnmc.

264 2678 326 2704 ’Ότι
344 2676 446 2712 πρέπει
460 2684 501 2702 σοι
517 2675 592 2702 πᾶσα
604 2673 678 2707 δόξα,
694 2673 762 2709 τιμὴ
785 2674 833 2700 καὶ
855 2673 1011 2709 προσκύνη-

229 2733 271 2755 σις
286 2724 325 2759 τῷ
340 2723 436 2758 Πατρὶ.
455 2721 503 2749 καὶ
520 2720 558 2755 τῷ
569 2719 637 2755 Υίῷ,
655 2720 702 2747 καὶ
718 2720 756 2758 τῷ
772 2719 842 2755 ἁγίῳ
861 2719 1010 2754 Πνεύματι,

229 2770 277 2797 νῦν
293 2769 341 2796 καὶ
354 2769 408 2801 ἀεὶ,
420 2768 467 2796 καὶ
477 2768 518 2799 εἰς
533 2766 597 2798 τοὺς
606 2766 708 2798 αἰῶνας
723 2765 778 2792 τῶν
789 2764 907 2794 αίὼνων.

529 2820 556 2848 '0
571 2819 672 2847 διὰκον
677 2828 720 2853 ος.

267 2878 328 2905 Ἔτι
345 2878 391 2905 καὶ
405 2877 446 2904 ἔτι
459 2878 488 2904 ὲν
507 2876 604 2912 εἰρήνῃ
616 2874 663 2902 τοῦ
677 2874 780 2911 Κυρίου
792 2873 942 2909 δεηθῶμεν.

1062 2328 1168 2358 gratum
1184 2322 1231 2350 tihi
1247 2322 1283 2350 sit
1298 2321 1350 2349 hoc
1361 2320 1525 2349 sacriﬁcium
1541 2325 1664 2348 nostrum
1677 2326 1849 2357 ctacccptum

1061 2376 1153 2398 coram
1169 2374 1204 2398 te.

1391 2460 1532 2489 Diaconus.

1097 2515 1176 2549 Juva,
1195 2522 1286 2548 serva,
1302 2516 1442 2549 miserere,
1454 2521 1481 2543 et
1494 2514 1599 2543 custodi
1614 2522 1674 2546 nos,
1695 2514 1764 2541 Deus
1775 2534 1782 2547 ,
1805 2518 1850 2541 tua

1064 2561 1159 2598 gratia.

1266 2616 1412 2652 Sapientia.
1428 2631 1463 2636 —
1479 2615 1659 2643 Exclamatim

1099 2671 1167 2700 Nam
1185 2671 1232 2699 tibi
1247 2671 1376 2699 convenit
1392 2671 1484 2698 omnis
1499 2670 1598 2704 gloria,
1621 2670 1708 2696 honor
1732 2673 1760 2694 et.
1785 2667 1850 2695 ado-

1065 2718 1145 2749 ratio,
1160 2716 1245 2750 Patri,
1261 2721 1288 2744 et
1312 2716 1390 2748 Filio,
1411 2720 1438 2743 et
1460 2719 1556 2743 sancto
1577 2714 1708 2750 Spiritui.
1733 2711 1806 2741 nunc
1824 2716 1853 2741 et

1066 2771 1184 2798 semper,
1203 2768 1230 2791 ct
1247 2763 1273 2790 in
1290 2762 1388 2791 saecula
1398 2762 1570 2790 saeculorum.

1394 2819 1536 2846 Diaconus.

1103 2874 1189 2902 Etiam
1206 2879 1285 2910 atque
1305 2873 1386 2902 etiam
1411 2873 1444 2909 in,
1460 2880 1527 2908 pace
1552 2871 1697 2900 Dominum
1721 2870 1853 2906 deprece-

1070 2927 1141 2947 mur.
