2076 3158
234 206 302 239 1303

492 265 584 294 Oratio
598 265 718 299 ﬁdelium
733 266 760 294 2.

265 318 346 351 Deus,
361 319 408 354 qui
425 319 452 347 in
468 318 656 347 misericordia
672 324 699 347 et
717 320 941 350 miserationibus
955 321 1022 348 visi-

229 365 292 392 tasti
309 370 430 392 nostram
446 365 638 400 humilitatem,
650 367 696 401 qui
712 367 831 395 statuisti
841 375 890 395 nos
904 367 1022 395 humiles

230 415 257 437 et
271 414 427 445 peccatores
448 415 475 438 et
489 411 617 446 indignos
630 420 724 440 servos
742 418 803 441 tuos
823 418 885 441 ante
897 418 1019 441 sanctam

229 457 344 491 gloriam
370 461 446 485 tuam
474 462 502 485 ut
523 459 711 487 ministremus
739 459 820 487 altari
844 465 941 488 sancto
962 465 1019 492 tuo,

230 504 378 531 corrobora
405 512 457 533 nos
478 505 580 533 virtute
601 506 688 533 sancti
717 507 756 534 tui
783 506 903 541 Spiritus
917 507 950 534 ad
967 507 1021 534 hoc

229 548 425 582 ministerium,
440 555 467 578 et
480 551 514 578 da
530 550 609 579 nobis
625 559 778 580 sermonem
789 572 797 584 ,
818 552 882 579 dum
911 558 942 579 os
957 559 1021 586 ape-

229 594 318 622 rimus
338 601 475 629 nostrum,
488 596 520 624 ad
545 596 728 624 invocondum
741 597 855 632 gratiam
880 597 967 625 sancti
981 598 1020 624 tui

229 643 347 679 Spiritus
360 644 389 672 in
406 645 456 673 bos
471 645 516 681 qui
532 645 632 674 debent
651 646 708 674 haec
720 654 834 674 munera
855 646 964 674 θῶπτε.

557 745 701 772 Diaconus.

264 798 344 831 Juva,
365 797 454 831 serva.
476 799 619 832 miserere,
641 800 747 828 custodi
774 808 836 833 nos,
864 800 947 833 Deus,
977 805 1021 827 tua

173 871 177 876 .
231 846 331 880 gratia.

444 901 633 936 Sapientia.--
647 902 828 930 Exclamatio.

267 952 302 980 Ut
315 958 360 981 tua
373 954 492 989 potentia
508 955 608 982 servati
624 963 744 990 semper,
759 955 808 983 tibi
825 955 940 991 gloriam
953 954 1025 983 reie-

230 1007 334 1034 ramus,
346 999 431 1033 Patri,
451 1005 479 1028 et
494 999 574 1032 Filio,
593 1005 620 1029 et
641 1005 737 1028 sancto
759 1001 885 1036 Spiritui,
902 1009 975 1028 nunc
998 1006 1025 1028 et

230 1052 348 1080 setnper,
366 1049 394 1072 et
410 1045 437 1072 in
451 1045 550 1073 saecula
567 1046 743 1074 saeculorum.

277 1146 372 1175 Oratio
389 1155 468 1182 quam
482 1147 578 1183 recitat
592 1147 715 1175 sacerdos
733 1148 804 1174 intra
816 1156 854 1181 se,
871 1147 977 1183 quando

479 1182 656 1210 Cherubicum
672 1183 781 1210 accinit.

265 1236 351 1266 Nemo
371 1237 471 1273 dignus
488 1242 529 1265 est
541 1245 648 1271 eorum,
663 1238 710 1273 qui
731 1237 828 1273 illigati
846 1242 910 1265 sunt
928 1245 1026 1266 carna—

231 1284 303 1312 libus
314 1284 460 1312 desideriis
472 1289 498 1312 et
513 1284 698 1319 voluptatibus
707 1305 715 1318 ,
724 1285 866 1316 accedere,
880 1284 1026 1319 appropin-

230 1338 316 1366 quare
336 1335 381 1359 aut
389 1331 544 1359 ministrare
554 1331 676 1361 tibi.l\ex
695 1331 799 1366 gloriae.
820 1330 960 1365 Siquidem
976 1329 1025 1356 tibi

231 1376 400 1410 ministrare,
416 1384 544 1412 magnum
561 1377 625 1413 quid
649 1381 690 1404 est
710 1381 738 1404 et
761 1376 933 1405 tremendum
958 1376 1026 1411 ipsis

230 1424 388 1454 caelestibus
403 1425 594 1459 potestatibus.
608 1424 791 1452 Nihilominus
807 1431 854 1459 pro
871 1427 917 1451 tua
931 1423 1026 1451 ineﬁ‘a-

232 1470 280 1498 bili
299 1475 327 1498 et
349 1470 484 1499 immensa
499 1471 680 1506 benignitate,
700 1471 761 1500 sine
781 1470 961 1498 conversione
984 1469 1027 1496 vel

232 1517 383 1545 mutatione
407 1516 495 1545 factus
519 1525 550 1545 es
576 1517 669 1550 homo,
697 1524 878 1551 summusque
897 1515 1027 1543 sacerdos

232 1567 325 1590 noster
350 1563 532 1593 constitutus.
557 1562 686 1590 solemnis
717 1562 799 1597 hujus
829 1566 857 1589 et
889 1559 1026 1588 incruenti

231 1609 359 1637 sacriﬁcii
387 1609 597 1637 celebrationem
625 1608 761 1636 tradidisti
787 1608 878 1642 nobis,
895 1599 1062 1642 tanquamC

234 1655 365 1682 Dominus
389 1655 532 1682 omnium.
558 1654 598 1681 Tu
613 1655 686 1681 enim
702 1654 789 1685 solus,
813 1653 927 1681 Domine
952 1653 1025 1679 Deus

233 1705 337 1732 noster,
357 1700 510 1727 dominaris
538 1700 697 1727 coelestibus
725 1704 754 1727 et
775 1698 972 1731 terrestribus;
995 1702 1024 1725 tu

233 1743 388 1772 Cberubico
400 1745 501 1772 throno
518 1745 636 1776 veheris,
654 1749 684 1771 tu
696 1743 839 1779 Seraphim
852 1751 911 1775 rex,
926 1743 1026 1771 Israel-

232 1798 287 1824 que
301 1788 432 1818 Dominus
449 1798 496 1823 es;
513 1794 540 1817 tu
556 1790 633 1821 solus
644 1793 805 1822 sanctus,et
822 1789 849 1815 in
867 1789 970 1817 sanctis
983 1789 1025 1816 in-

234 1835 370 1862 hubitans.
391 1834 429 1862 Te
447 1835 530 1869 igitur
553 1842 638 1863 exoro
658 1834 746 1862 solum
771 1835 874 1862 bonum
887 1839 915 1862 et
933 1834 1026 1869 propi-

234 1881 365 1913 tiabilem,
378 1881 484 1916 respice
492 1888 536 1908 me
549 1884 718 1916 peccatorem
736 1885 763 1908 et
779 1880 902 1908 inutilem
916 1888 1025 1909 servum

235 1933 323 1961 tuum,
333 1932 360 1956 et
374 1935 458 1964 purga
471 1932 588 1956 mentem
606 1935 693 1954 meam
709 1931 736 1954 et
750 1934 798 1954 cor
810 1934 900 1954 meum
917 1934 933 1954 a
948 1926 1026 1962 cogi-

235 1975 338 2003 tatione
360 1982 460 2010 prava,
486 1979 513 2002 ct
538 1974 665 2001 idoneum
689 1981 733 2001 me
756 1973 839 2001 redde
861 1973 961 2001 virtute
987 1973 1025 2000 tui

234 2021 321 2049 sancti
337 2021 467 2057 Spiritus,
489 2025 519 2048 ut
539 2020 652 2048 indutus
666 2020 752 2055 gratia
762 2019 919 2052 sacerdmii,
941 2019 1026 2047 assis-

235 2072 289 2095 tam
308 2071 409 2095 sancta:
425 2071 477 2094 tua:
492 2066 556 2094 huic
567 2073 677 2098 mensae,
691 2069 716 2092 ει
727 2072 887 2094 consecrem
900 2069 1025 2093 sanctum

233 2121 260 2142 υι
283 2113 489 2141 immaculatum
499 2119 599 2147 corpus
618 2116 695 2139 tuum
707 2117 734 2139 et
748 2111 897 2147 pretiosum
913 2111 1026 2146 sangui-

236 2168 307 2188 nem.
322 2160 361 2188 Ad
386 2164 413 2188 te
428 2159 501 2188 enim
517 2158 617 2187 accedo
635 2157 764 2186 inclinata
779 2157 885 2186 cervice
899 2165 958 2185 mea
970 2177 977 2190 ,
1001 2162 1028 2186 et

234 2209 365 2244 deprecor
390 2212 426 2238 te,
444 2207 498 2234 noli
520 2206 616 2233 faciem
635 2210 709 2232 tuam
721 2212 735 2232 a
753 2212 797 2233 me
816 2209 939 2232 avertere
951 2223 961 2238 ,
979 2212 1028 2232 ne-

234 2261 289 2288 que
305 2253 399 2289 ejicias
422 2260 455 2280 ex
471 2252 589 2279 ﬁliorum
611 2256 721 2278 tuorum
741 2258 857 2278 numero
880 2249 952 2278 :sed
978 2249 1027 2277 di-

235 2308 318 2336 gnum
333 2301 408 2328 eﬁica
430 2299 476 2334 qui
494 2299 606 2327 oﬁeram
624 2298 684 2332 tibi,
699 2305 749 2334 ego
765 2303 891 2333 peccator
908 2301 935 2325 ct
955 2296 1028 2324 indi-

235 2354 305 2381 gnus
319 2337 414 2374 servus
431 2350 504 2377 tuus,
517 2345 574 2372 haec
588 2345 658 2372 dona
675 2353 682 2371 :
697 2348 725 2371 tu
738 2344 811 2372 enim
829 2351 860 2371 es
879 2343 926 2378 qui
947 2342 1028 2370 oll'ers

234 2397 261 2419 ct
274 2391 382 2419 oﬁ'erris
396 2391 446 2426 (9).
470 2410 477 2418 .
506 2411 512 2417 .
544 2410 551 2417 .
577 2390 710 2418 .honesta
723 2394 750 2416 et
767 2388 952 2416 conducibilia
965 2388 1027 2416 ani-

234 2438 332 2465 mabus
343 2436 456 2470 nostris,
467 2441 495 2464 et
509 2444 600 2471 pacem
613 2435 715 2464 mundo
730 2443 745 2463 a
761 2434 876 2462 Domino
891 2441 1027 2470 rogemus.

603 208 799 240 OPUSCULA
817 209 1026 240 LITURGICA
1046 209 1223 241 INCERTJE
1244 210 1400 242 ETA'I‘IS.

1790 208 1858 241 1304

1327 266 1411 302 Εὐχὴ
1425 266 1541 294 πιστῶν
1555 266 1596 299 β’.

1113 321 1143 348 '0
1155 321 1231 354 Θεὸς,
1245 322 1260 349 6
1272 321 1493 357 ἐπισκεψάμενος
1507 322 1536 348 ἐν
1549 321 1618 347 ἐλέει
1633 321 1681 348 καὶ
1701 321 1859 355 οῐκτιρμοῖς

1072 368 1122 404 τὴν
1135 368 1297 395 ταπείνωσιν
1311 368 1401 404 ἡμῶν,
1424 369 1438 394 6
1463 368 1565 404 στήσας
1588 368 1662 402 ἡμᾶς
1674 368 1739 399 τοὺς
1762 375 1860 394 ταπει-

1073 415 1134 446 νοὺς
1144 413 1192 441 καὶ
1204 414 1382 450 ἁμαρτωλοὺς
1392 414 1439 441 καὶ
1448 413 1574 446 ἀναξίους
1583 413 1694 445 δούλους
1704 421 1751 439 σου
1762 421 1861 440 κατεν-

1073 461 1160 488 ώπιον
1178 461 1227 496 τῆς
1254 461 1336 495 ἁγίας
1364 460 1443 495 δόξης
1468 468 1515 486 σου
1533 459 1702 495 λειτουργεῖν
1724 458 1763 493 τῷ
1788 458 1860 493 ἁγίῳ

1074 515 1121 534 σου
1137 507 1335 543 θυσιαστηρίῳ,
1348 507 1380 534 σὺ
1396 507 1539 542 ἐνίσχυσον
1551 507 1626 541 ἡμᾶς
1641 507 1674 541 τῇ
1686 505 1802 540 δυνάμει
1813 504 1860 530 τοῦ

1074 553 1151 586 ἁγίου
1170 561 1218 580 σου
1233 553 1392 588 Πνεύματος
1408 554 1448 584 εἰς
1464 553 1514 588 τὴν
1526 551 1666 579 διακονίαν
1677 551 1792 585 ταύτην,
1814 550 1862 577 καὶ

1073 599 1117 631 δὸς
1133 600 1199 635 ἡμῖν
1213 599 1292 633 λόγον
1309 600 1340 626 ἐν
1354 598 1455 632 ἀνοίξει
1471 598 1518 626 τοῦ
1534 598 1669 633 στόματος
1682 597 1761 633 ἡμῶν
1774 597 1814 628 είς
1830 596 1861 622 τὸ

1073 645 1264 672 ἐπικαλεῖσθαι
1291 645 1340 681 τὴν
1363 645 1444 680 χάριν
1458 644 1504 672 τοῦ
1532 645 1610 679 ἁγίου
1627 653 1675 671 σου
1701 643 1862 676 Πνεύματος

1074 691 1120 718 ἐπὶ
1135 691 1190 719 τῶν
1206 691 1358 727 μελλόντων
1374 691 1569 726 προστίθεσθαι
1585 690 1690 725 δώρων.

1379 746 1411 771 '0
1426 745 1567 778 διάκονος
1607 751 1611 755 ·

1116 799 1284 831 Ἀντιλαὸοῦ,
1297 799 1396 831 σῶσον,
1412 798 1536 834 ἐλέησον,
1561 798 1726 832 διαφύλαξον
1746 799 1830 833 ἡμᾶς,
1849 798 1865 823 ὁ

1074 847 1151 878 Θεὸς,
1168 847 1200 881 τῇ
1213 847 1246 881 σῇ
1269 846 1373 882 χάριτι.

1285 900 1390 934 Σοφία.
1403 914 1436 920 --
1453 899 1652 934 Ἐκφώνησιςκ

1114 956 1208 988 Ὅπως
1221 956 1273 983 ὑπὸ
1286 964 1333 983 του
1353 955 1471 991 κράτους
1491 963 1539 982 σου
1564 953 1681 981 πάντοτε
1698 952 1868 989 φυλαττόμε-

1076 1011 1128 1034 νοι,
1147 1003 1188 1029 σοὶ
1202 1002 1282 1036 δόξαν
1293 1003 1504 1037 ἀναπέμπωμεν
1515 1000 1557 1036 τῷ
1564 1000 1662 1035 Πατρὶ,
1674 1000 1722 1027 καὶ
1743 999 1782 1034 τῷ
1795 998 1866 1033 Υίῷ,

1077 1048 1125 1076 καὶ
1140 1048 1178 1084 τῷ
1191 1049 1261 1084 ἁγίῳ
1283 1048 1434 1084 Πνεῦματι,
1456 1048 1504 1075 νῦν
1533 1048 1582 1074 καὶ¹
1600 1047 1655 1080 ἀεὶ,
1677 1047 1726 1074 καὶ
1747 1046 1787 1078 είς
1804 1046 1868 1077 τώς

1076 1095 1179 1124 αἰῶνας
1191 1095 1247 1122 τῶν
1258 1095 1377 1123 αἰώνων.

1077 1152 1115 1188 (8)
1134 1151 1218 1186 Εὐχή
1230 1151 1271 1186 ἣν
1284 1151 1363 1188 ποιεῖ
1375 1152 1391 1188 ᾀ
1401 1151 1499 1188 Ῑερεὺς
1524 1149 1731 1188 θέᾳθᾋέαυτὸν.
1739 1147 1793 1176 τοῦ
1816 1148 1869 1175 Xe-

1213 1183 1358 1222 ρὸυϐικοῦ
1375 1183 1521 1221 ᾀδόλιενσς
1530 1185 1561 1222 [ί.
1571 1183 1743 1220 docuerant].

1112 1241 1209 1273 Οὐδεὶς
1234 1240 1308 1272 ἄξιος
1326 1239 1382 1266 τῶν
1407 1238 1608 1273 συνδεδεμένων
1628 1239 1689 1270 ταῖς
1717 1237 1865 1272 σαρκικαίς

1077 1287 1237 1322 ἐπιθυμίαις
1252 1287 1300 1314 καὶ
1324 1285 1433 1321 ἡδοναῖς
1450 1284 1653 1321 προσέρχεσθαι
1681 1284 1699 1319 ἢ
1717 1283 1865 1320 προσεγγί-

1078 1333 1135 1365 ζειν
1149 1332 1166 1368 ἢ
1188 1333 1356 1368 λειτουργεῖν
1379 1340 1431 1365 σοι,
1448 1331 1563 1358 Βασιλεῦ
1586 1330 1637 1366 τῆς
1651 1329 1730 1366 δόξης
1742 1337 1751 1346 ·
1766 1329 1796 1357 τὸ
1811 1330 1867 1364 γὰρ

1077 1378 1211 1406 διακονεῖν
1237 1386 1288 1410 σοι,
1306 1378 1379 1413 μέγα
1397 1377 1445 1404 καὶ
1473 1377 1590 1413 φοϐερὸν
1615 1378 1662 1404 καὶ
1686 1376 1784 1408 αὐταῖς
1805 1378 1867 1408 ταῖς

1077 1425 1249 1461 ἐπουρανίοις
1260 1425 1417 1460 δυνάμεσιν·
1432 1423 1490 1451 ἀλλ’
1501 1424 1577 1460 ὅμως
1589 1423 1633 1451 διὰ
1642 1423 1692 1460 τὴν
1704 1423 1808 1458 ἁφατον
1819 1423 1868 1450 καὶ

1077 1471 1197 1507 ἁμετρόν
1210 1479 1257 1498 σου
1271 1470 1489 1506 φιλανθρωπίαν,
1504 1470 1648 1506 ἀτρέπτως
1663 1470 1710 1498 καὶ
1719 1468 1868 1497 ἀναλλοιὼ-

1077 1525 1132 1549 τως
1149 1516 1263 1551 γέγονας
1278 1515 1432 1552 ἄνθρωπος,
1456 1515 1503 1543 καὶ
1521 1516 1666 1552 ἀρχιερεὺς
1681 1515 1761 1552 ἡμῶν
1783 1515 1868 1550 ἐχρη-

1079 1563 1207 1599 μάτισας,
1234 1563 1282 1589 καὶ
1302 1562 1353 1597 τῆς
1375 1561 1567 1598 λειτουργικῆς
1595 1561 1699 1597 ταύτης
1721 1561 1768 1588 καὶ
1793 1561 1868 1588 ἀναι-

1079 1609 1184 1645 μάκτου
1205 1608 1300 1640 θυσίας
1315 1608 1365 1641 τὴν
1381 1608 1536 1644 ίερουργίαν
1552 1608 1715 1643 παρέδωκας
1730 1608 1808 1642 ἡμῖν,
1830 1605 1869 1638 ὡς

1079 1653 1219 1689 Δεσπότης
1242 1652 1300 1680 τῶν
1315 1653 1466 1680 ἁπάντων
1492 1653 1525 1680 σὺ
1548 1652 1604 1688 γὰρ
1635 1653 1730 1687 μόνος,
1757 1652 1871 1687 Κύριεό

1078 1700 1146 1732 Θεὸς
1163 1699 1252 1735 ἡμῶν,
1265 1699 1409 1732 δεσπόζεις
1423 1698 1478 1726 τῶν
1489 1699 1661 1734 ἐπουρανίων
1677 1698 1726 1725 καὶ
1743 1698 1798 1725 τῶν
1812 1698 1870 1724 ἐπι-

1078 1746 1177 1779 γείων·
1191 1746 1205 1772 6
1219 1746 1266 1772 ἐπὶ
1281 1745 1376 1781 Θρόνου
1392 1744 1561 1781 Χερουσικοῦ
1575 1745 1770 1781 ἐποχούμενος,
1781 1746 1795 1772 6
1813 1744 1871 1772 τῶν

1081 1791 1207 1826 Σεραφὶμ
1222 1790 1336 1826 Κύριος,
1354 1791 1401 1818 καὶ
1424 1791 1557 1823 Βασιλεὺς
1573 1791 1620 1821 τοῦ
1642 1791 1768 1827 Ἰσραήλ·
1786 1791 1801 1818 6
1821 1790 1866 1826 μό-

1079 1844 1124 1868 νος
1143 1836 1231 1870 ἁγιος,
1251 1836 1299 1863 καὶ
1311 1836 1342 1864 ἐν
1365 1837 1455 1871 ἁγίοις
1474 1837 1698 1872 ἀναπαυόμενος·
1725 1837 1756 1864 σέ
1779 1837 1871 1863 τοίνυν

1079 1882 1195 1910 δυσωπῶ
1209 1883 1255 1909 τὸν
1279 1883 1360 1918 μόνον
1385 1883 1489 1918 ἀγαθὸν
1510 1884 1558 1911 καὶ
1577 1884 1706 1919 εὐήκοον,
1723 1883 1870 1918 ἐπίϐλεψιν

1080 1929 1124 1956 ἐπ’
1141 1929 1191 1965 ἐμέ
1207 1930 1252 1957 τὸν
1267 1930 1431 1966 ἁμαρτωλὸν
1440 1931 1487 1958 καὶ
1503 1931 1614 1966 ἀχρεῖον
1628 1931 1722 1959 δοῦλόν
1746 1940 1806 1965 σου,
1823 1932 1871 1958 καὶ

1080 1975 1230 2012 καθάρισόν
1244 1985 1295 2011 μου
1310 1976 1360 2012 τὴν
1372 1976 1463 2012 ψυχὴν
1477 1976 1526 2004 καὶ
1545 1978 1596 2012 τὴν
1608 1977 1724 2012 καρδίαν
1736 1977 1792 2004 ἀπὸ
1808 1985 1872 2004 aov-

1081 2021 1210 2056 ειδήσεως
1225 2022 1358 2057 πονηρᾶς,
1376 2021 1424 2048 καὶ
1440 2021 1574 2048 ικὰνωσόν
1593 2030 1627 2058 με
1639 2023 1673 2057 τῇ
1690 2022 1808 2058 δυνάμει
1823 2022 1872 2049 τοῦ

1081 2068 1160 2102 ἁγίου
1175 2076 1221 2095 σου
1236 2068 1406 2103 Πνεύματος,
1422 2068 1596 2103 ἐνδεδυμένον
1609 2068 1660 2104 τὴν
1671 2070 1722 2105 τῆς
1735 2069 1873 2105 ίερατείας

1081 2113 1174 2148 χάριν,
1186 2113 1363 2148 παραστῆναι
1376 2115 1408 2150 τῇ
1425 2114 1492 2149 ἁγίᾳ
1509 2123 1558 2141 σου
1577 2115 1662 2150 ταύτῃ
1677 2115 1814 2152 τραπέζῃ,
1825 2116 1874 2142 καὶ

1082 2159 1262 2194 ίερουργῆσαι
1277 2159 1307 2186 τὸ
1318 2159 1395 2194 ἅγιον
1409 2160 1456 2187 καὶ
1466 2160 1604 2195 ἁχραντόν
1618 2169 1665 2187 σου
1684 2161 1764 2196 σῶμα
1781 2163 1829 2188 καὶ
1840 2161 1874 2188 τὸ

1082 2205 1173 2241 τίμιον
1189 2203 1269 2240 αἷμα.
1285 2206 1330 2233 Σοὶ
1342 2206 1398 2241 γὰρ
1414 2207 1605 2242 προσέρχομαι
1618 2207 1712 2239 κλίνας
1727 2207 1773 2234 τὸν
1785 2209 1873 2243 ἐμαυ-

1082 2251 1130 2278 τοῦ
1153 2251 1265 2287 αὐχένα,
1287 2252 1334 2280 καὶ
1357 2252 1453 2288 δέομαί
1483 2262 1542 2286 σου,
1573 2254 1612 2289 μὴ
1641 2254 1819 2290 ἁποστρέψῃς
1843 2255 1874 2281 τὸ

1083 2297 1230 2332 πρόσωπόν
1246 2306 1293 2325 σου
1307 2298 1356 2325 ἀπ’
1370 2299 1450 2333 ἐμοῦ,
1479 2299 1548 2334 μηδὲ
1569 2299 1778 2336 ἁποδοκιμὰσῃς
1795 2308 1828 2335 με
1840 2301 1875 2327 ἐκ

1082 2343 1187 2370 παίδων
1209 2352 1275 2371 σου·
1295 2344 1354 2371 ἀλλ’
1378 2345 1495 2378 ἀξίωσον
1521 2346 1738 2381 προσενεχθῆναι
1764 2355 1806 2373 σοι
1826 2346 1875 2373 ὑπ’

1082 2388 1151 2424 ἐμοῦ
1162 2389 1209 2416 τοῦ
1220 2390 1384 2425 ἁμαρτωλοῦ
1397 2393 1444 2418 καὶ
1454 2391 1564 2423 ἀναξίου
1574 2391 1669 2418 δούλου
1687 2400 1736 2418 σου
1752 2391 1786 2419 τὰ
1799 2392 1875 2427 δῶρα

1081 2435 1189 2462 ταῦτα·
1204 2437 1236 2463 σὺ
1262 2437 1317 2472 γὰρ
1334 2436 1360 2464 εἴ
1378 2438 1392 2464 6
1414 2438 1578 2473 προσφέρων
1609 2438 1656 2465 καὶ
1685 2439 1700 2465 6
1720 2440 1874 2474 προσφερό-

235 2493 375 2520 μενος.,...
391 2485 426 2511 τὰ
446 2483 516 2510 καλὰ
545 2484 592 2510 καὶ
621 2482 796 2518 συμφέροντα
813 2481 874 2517 vi;
900 2479 1000 2516 ψυχαῖς
1024 2480 1114 2516 ἡμῶν,
1132 2481 1179 2508 καὶ
1195 2482 1309 2517 εἰρήνην
1334 2482 1373 2517 τῷ
1402 2483 1497 2518 κόσμῳ
1520 2482 1596 2518 παρὰ
1611 2483 1658 2510 τοῦ
1674 2484 1778 2519 Κυρίου
1794 2485 1874 2521 αίτῃ-

234 2531 344 2567 σώμιθα
349 2553 355 2559 .

270 2579 306 2606 Ut
321 2578 457 2613 reliquum
469 2582 576 2612 tempus
593 2578 654 2605 vitae
667 2581 768 2605 nostra:
779 2577 806 2604 in
822 2585 888 2612 pace
900 2581 927 2605 et
939 2584 1026 2612 poem-

234 2625 320 2653 tentia
336 2625 525 2652 absolvamns.

268 2671 458 2699 Christianum
478 2671 557 2698 linem
578 2671 640 2698 vita:
653 2675 766 2702 nostrae,
779 2671 882 2698 doloris
893 2674 920 2697 ct
931 2670 1030 2697 confu-

233 2719 320 2748 sionis
333 2723 483 2753 expertem,
499 2722 626 2754 pacatum
638 2739 646 2751 ,
663 2724 691 2745 ct
713 2719 812 2746 bonum
842 2717 1029 2745 defensionem

233 2773 326 2793 coram
339 2765 480 2793 tremendo
497 2766 626 2792 tribunali
647 2765 749 2793 Christi
766 2772 908 2799 rogemus.

271 2810 407 2838 llnitatem
433 2811 494 2838 ﬁdei
511 2816 538 2838 ct
561 2811 782 2838 communionem
807 2810 926 2844 Spiritus
943 2809 1030 2836 sancti

271 2890 312 2924 (8)
345 2889 411 2917 Tam
453 2891 479 2916 in
508 2890 619 2924 Iitnrgia
649 2889 678 2916 S.
712 2889 900 2924 (Ihrysostotni
941 2897 1024 2924 φιλ-ιι

236 2926 265 2954 5.
295 2925 418 2961 Gregorii
433 2926 617 2954 Alexandrina
631 2930 658 2953 et
679 2925 745 2953 alibi
763 2925 863 2961 legitur
882 2924 940 2952 haec
961 2933 1023 2952 oru-

1116 2577 1168 2604 Τὴν
1184 2577 1325 2605 ἐπίλοιπον
1340 2580 1437 2615 χρόνον
1454 2581 1504 2616 τῆς
1529 2580 1603 2617 ζωῆς
1618 2580 1698 2616 ἡμῶν
1720 2581 1750 2608 ἓν
1776 2582 1875 2619 εἰρήνῃ

1085 2624 1132 2651 καὶ
1149 2625 1280 2660 μετανοίᾳ
1294 2626 1448 2653 ἐκτελέσαι.

1119 2670 1272 2705 Χριστιανὰ
1285 2671 1320 2698 τέι
1331 2672 1394 2708 τέλη
1407 2672 1457 2708 τῆς
1473 2673 1546 2708 ζωῆς
1562 2673 1642 2709 ἡμῶν
1672 2673 1808 2706 ἀνώδυνα,
1825 2675 1875 2701 ἀν-

1083 2716 1262 2751 επαίσχυντα,
1279 2718 1416 2753 εἰρηνικὰ,
1433 2719 1480 2745 καὶ
1495 2719 1582 2755 καλὴν
1593 2719 1743 2754 ἀπολογίαν
1761 2720 1813 2755 τὴν
1829 2720 1878 2747 ἐπὶ

1082 2762 1128 2789 τοῦ
1141 2763 1257 2797 φοϐεροῦ
1269 2763 1392 2799 βήματος
1410 2765 1456 2791 τοῦ
1472 2765 1593 2801 Χριστοῦ
1609 2765 1798 2801 αἰτησώμεθα.

1118 2809 1174 2844 Τὴν
1189 2809 1304 2844 ἑνότητα
1327 2810 1376 2844 τῆς
1390 2811 1509 2843 πίστεως
1530 2812 1577 2838 καὶ
1601 2811 1650 2846 τὴν
1664 2811 1808 2838 κοινωνίαν
1825 2811 1874 2837 τοῦ

1083 2893 1158 2960 Μία)
1179 2924 1262 2952 Multa
1279 2924 1323 2952 hic
1335 2925 1435 2952 desunt
1447 2929 1472 2953 et
1488 2924 1582 2953 fot‘sun
1603 2926 1707 2962 integra
1721 2926 1828 2954 charta.
