2076 3158
252 223 263 258 1
269 223 320 255 307

620 218 814 251 OPUSCULA
834 216 1042 248 LITURGECA
1062 212 1238 246 lNCERTtE
1257 213 1413 244 IETATIS.

1807 211 1876 245 1308

251 286 339 313 tuum,
355 279 452 312 Patris,
471 279 540 310 Filii,
554 283 580 305 et
597 278 714 312 Spiritus
727 277 827 309 sancti,
845 283 918 304 nunc
932 279 1037 303 ctsem-
1053 300 1057 309 Α

1095 273 1172 308 ενομά
1187 282 1245 305 σου,
1261 272 1308 298 τοῦ
1326 270 1443 306 nam,
1465 270 1569 297 καὶτοῦ
1589 270 1665 303 Υίοῦ,
1680 269 1727 297 καὶ
1741 270 1789 296 τοῦ
1798 270 1880 304 ἁγίου

252 335 312 361 per,
329 331 356 354 et
375 327 401 353 in
418 325 516 353 saecula
532 324 706 351 szeculorum.

290 417 321 444 Et
331 417 382 444 erit
395 417 582 444 misericordia
595 416 685 448 magni
697 415 742 442 Dei
752 420 779 442 et
790 415 940 442 Salvatoris
951 414 1039 442 nostri

252 464 316 491 Jcsn
331 463 430 490 Christi
448 470 511 490 cum
529 462 657 489 omnibus
670 462 756 489 vobis.

288 509 416 536 Omnium
435 514 592 536 sanctorum
603 509 890 536 commemorationem
900 508 1040 539 facientes.

253 557 335 583 etiam
361 561 443 590 atque
466 557 549 582 etiam
578 555 605 582 itt
639 563 705 590 pace
732 554 876 581 Dominum
905 554 1042 589 deprece-

255 610 326 630 mur.

294 649 326 676 Ut
341 649 474 683 benignus
493 649 566 675 Deus
581 652 686 679 noster,
712 646 849 682 accipiens
865 655 896 674 ea
923 647 950 673 in
976 654 1040 674 sau-

254 700 330 723 clum
351 699 378 722 et
395 695 507 722 caeleste
523 699 550 721 et
563 694 706 728 spirituale
722 701 801 720 Slllltll
818 693 915 722 altare.
929 693 956 719 itt
971 692 1040 720 ctio-

255 749 312 767 rem
339 740 482 767 snavitatis
504 739 665 773 spiritualis,
685 746 733 773 pro
756 738 797 765 eis
824 739 932 765 emittat
962 738 1041 764 nobis

255 785 375 813 divinam
399 786 515 821 gratiam
530 789 558 812 et
576 785 677 812 donum
693 784 812 819 Spiritus
827 783 927 816 sancti,
944 783 1042 818 deprc-

256 840 359 859 cemur.

294 879 329 905 Ut
343 878 489 905 liberemur
506 877 540 904 ab
554 876 628 903 omni
644 876 781 910 angustia,
799 876 850 909 ira,
867 875 1040 908 necessitate,

257 925 402 951 Dominum
418 924 604 958 deprecemur.

556 975 686 1004 Sacerdos
704 981 774 1004 oral.

293 1024 363 1052 Deus
379 1028 481 1056 noster,
499 1023 570 1051 Dens
583 1024 692 1056 salutis,
701 1023 768 1050 doce
781 1030 831 1050 nos
844 1023 945 1058 gratias
957 1030 1040 1058 agere

258 1071 304 1098 tibi
319 1070 416 1105 dignas
432 1070 486 1097 tuis
509 1069 660 1102 beneﬁciis,
681 1077 743 1104 quae
768 1070 918 1104 praestitisti
932 1074 959 1097 et
974 1077 1042 1104 pra:—

257 1121 313 1143 stas
326 1116 422 1148 nobis;
439 1119 468 1142 tu
486 1123 516 1142 es
531 1115 601 1142 Dens
613 1119 719 1147 noster,
730 1115 872 1149 excipiens
887 1115 944 1142 haec
957 1115 1041 1146 dona,

257 1162 369 1197 puriﬁca
390 1169 441 1189 nos
457 1161 492 1189 ab
510 1161 585 1188 omni
605 1161 711 1188 macula
726 1161 820 1188 carnis
833 1166 862 1188 et
876 1161 1001 1196 spiritus,
1015 1165 1043 1188 ct

257 1209 324 1236 doce
337 1208 466 1243 perﬁcere
481 1207 725 1235 sanctiﬁcationem
739 1207 765 1234 in
781 1207 881 1235 timore
898 1212 956 1239 tuo,
969 1212 1001 1234 ut
1015 1208 1043 1235 in

258 1262 328 1289 puro
351 1254 525 1282 conscientia
549 1254 707 1281 testimonio
734 1258 836 1281 nostra:
861 1254 1044 1289 suscipientes

257 1305 363 1335 partem
392 1304 500 1327 tuorum
526 1300 623 1327 horum
646 1305 890 1331 sacramentorum,
915 1300 1044 1327 uniamur

257 1354 320 1374 eum
337 1350 434 1374 sanelo
447 1353 562 1381 corpore
575 1350 603 1373 et
615 1345 751 1381 sanguine
763 1345 867 1373 Christi
883 1347 933 1378 tui,
956 1350 983 1373 et
1000 1353 1044 1373 re-

257 1392 390 1428 cipienles
399 1393 444 1420 illa
450 1392 533 1428 digne
539 1392 691 1420 habeamus
699 1391 838 1419 Christum
847 1392 1042 1419 iuliabitautem

259 1439 286 1465 in
301 1438 430 1466 cordibus
454 1438 565 1469 nostris,
583 1442 609 1465 et
630 1438 730 1465 tlamus
749 1438 879 1472 templum
897 1438 984 1464 sancti
1005 1437 1042 1464 tui

259 1484 388 1518 Spiritus.
410 1484 500 1516 Certe,
517 1483 588 1511 Deus
611 1489 714 1517 uoster,
738 1483 842 1510 nullum
866 1491 881 1510 e
907 1483 986 1510 nobis
1003 1482 1044 1510 l'a-

258 1530 316 1557 cias
330 1538 406 1557 reum
425 1529 628 1557 tremendorutn
647 1530 760 1557 istorum
779 1535 806 1556 et
820 1529 973 1557 caelestium
989 1537 1045 1564 my-

259 1576 414 1603 steriorum.
435 1583 521 1611 neque
536 1581 636 1610 a-grota
659 1575 750 1602 anima
768 1581 795 1602 et
810 1583 926 1610 corpore
938 1583 997 1602 esse
1008 1575 1045 1602 ob

259 1620 396 1656 indignant
416 1621 525 1648 illorum
549 1620 767 1656 susceptionem;
784 1620 831 1648 sed
852 1621 885 1647 da
905 1619 984 1647 nobis
999 1627 1045 1647 us-

258 1675 313 1702 que
338 1667 371 1694 ad
392 1667 516 1694 ultiutum
538 1672 662 1694 nostrum
680 1666 805 1701 spiritum
828 1666 909 1701 digne
923 1666 1044 1700 recipere

260 1719 363 1748 partetn
387 1719 620 1741 sacramentorum
638 1718 760 1744 tuorum,
783 1713 810 1739 in
838 1712 966 1739 viaticum
984 1711 1045 1738 vitm

259 1764 377 1790 αξιοι-ηερ.
400 1760 426 1786 in
443 1759 629 1786 defensionem
651 1758 854 1793 propitiabilem
871 1765 964 1784 coram
989 1761 1045 1783 tre-

260 1805 360 1832 ntendo
373 1804 501 1832 tribunali
517 1804 617 1831 Christi
630 1804 684 1835 tui;
700 1808 729 1830 ttt
740 1807 766 1830 et
778 1810 828 1830 nos
841 1810 904 1830 cum
917 1802 1045 1830 ontnibus

260 1851 374 1883 sanctis,
390 1850 436 1886 qui
450 1850 497 1877 tibi
512 1850 546 1877 ab
555 1855 657 1877 veterno
666 1849 838 1884 placuerunt,
854 1849 952 1876 fiamus
963 1849 1045 1883 parti-

260 1897 336 1931 cipes
350 1902 515 1924 aeternorum
529 1901 639 1924 tuorum
651 1895 796 1928 bonorum,
812 1903 872 1930 qure
885 1895 989 1931 parasti
1003 1894 1046 1922 di-

259 1943 407 1978 ligentibus
418 1947 454 1978 te,
471 1942 595 1970 Domine.

581 2091 725 2118 Diaconos.

295 2139 374 2172 Juva,
390 2146 481 2173 serva,
497 2139 639 2170 miserere,
655 2142 682 2164 et
703 2135 812 2164 custodi
827 2143 891 2168 nos,
905 2134 987 2168 Deus,
1001 2139 1047 2162 tua

261 2187 360 2220 gratia.

296 2232 411 2259 Omnem
429 2230 499 2258 diem
517 2231 678 2265 perlectam,
692 2233 827 2262 sanctam,
842 2227 998 2263 paciﬁcum,
1017 2229 1045 2253 ct

261 2278 434 2305 innocentem
447 2284 462 2304 a
480 2276 595 2302 Domino
610 2276 797 2310 deprecemur,

294 2323 425 2357 Augelum
443 2321 529 2356 pacis,
555 2321 659 2349 ﬁdelem
686 2321 794 2355 ducem,
816 2322 957 2350 custodem
986 2322 1045 2350 ani-
1064 2328 1086 2356 ι)

264 2376 372 2395 marum
387 2371 415 2394 et
429 2375 586 2402 corporum,

298 2411 498 2447 ludulgcntiam
527 2416 556 2439 et
590 2412 780 2440 remissionem
806 2417 983 2447 peccatorum
1020 2419 1049 2441 et

261 2456 403 2492 culparum
419 2457 574 2486 animarum
587 2463 744 2486 nostrarum
760 2463 788 2486 et
803 2466 961 2494 corporum.

295 2549 365 2585 Ipse,
381 2550 540 2578 Dominator
551 2550 686 2582 omnium,
701 2550 734 2578 da
750 2550 808 2578 ﬁeri
826 2551 905 2578 nobis
922 2557 1047 2578 commu-

261 2597 427 2625 nicationem
441 2597 527 2625 sancti
541 2596 666 2631 corporis
680 2600 706 2624 et
719 2596 862 2631 sanguinis
880 2595 981 2624 Christi
994 2596 1046 2627 tui,

261 2643 289 2671 in
299 2643 378 2670 [idem
390 2651 443 2670 non
453 2643 670 2676 erubescentem,
680 2643 841 2671 charitatem
849 2650 903 2670 non
913 2641 1044 2675 fucatam,

260 2690 459 2717 abun-lautiam
483 2689 634 2725 sapientiae,
652 2690 800 2717 sanitatem
815 2689 915 2717 anima:
934 2694 961 2717 et
984 2697 1048 2717 cor-

260 2737 347 2772 poris,
363 2736 534 2764 aversionem
551 2736 643 2764 omnis
664 2736 807 2768 contrarii,
826 2736 852 2764 in
878 2736 1050 2764 observatio-

262 2789 324 2810 nem
342 2786 538 2817 praeceptorum
564 2786 688 2814 tuorum,
706 2785 733 2809 et
752 2781 940 2809 defensionem
957 2779 1050 2816 propi-

263 2831 275 2854 t
287 2828 385 2857 abilcm
401 2833 465 2857 ante
480 2830 651 2858 tremendum
666 2828 788 2856 tribunal
801 2827 903 2855 Christi
916 2827 969 2855 tui.
991 2817 998 2824 ’

1093 318 1259 353 Πνεύματος,
1277 317 1326 344 νῦν
1350 316 1398 343 καὶ
1421 316 1475 349 ἀεὶ,
1492 317 1539 343 καὶ
1563 316 1606 348 εἰς
1627 316 1693 347 τοὺς
1707 315 1809 347 αιῶνας
1823 315 1879 342 τῶν

1091 364 1209 390 αἰώνων.

1127 411 1182 438 Καὶ
1207 411 1284 437 ἔσται
1302 409 1336 436 τὰ
1350 408 1412 444 tu»,
1429 408 1477 435 τοῦ
1493 408 1613 443 μεγάλου
1639 407 1707 434 Θεοῦ
1723 407 1770 434 καὶ¹
1786 406 1879 442 Σωτῆ-

1091 464 1138 491 ρος
1151 456 1229 490 ἡμῶν
1251 454 1338 490 Ἰησοῦ
1351 452 1471 490 Χριστοῦ
1490 453 1559 489 μετὰ
1572 453 1682 480 πάντων
1698 453 1788 487 ὑμῶν.

1128 502 1240 528 Πάντων
1269 500 1323 527 τῶν
1345 500 1432 534 ἁγίων
1449 499 1697 535 μνημονεύσαντες,
1713 499 1752 526 ἔτι
1775 500 1824 526 καὶ
1839 498 1880 526 ἔτι

1092 548 1121 574 ὲν
1135 547 1232 583 εἰρήνῃ
1242 546 1289 573 τοῦ
1307 547 1409 582 Κυρίου
1423 546 1580 582 δεηοῶμεν.

1130 640 1250 671 Ὅπωςδ
1276 639 1467 675 φιλάνθρωπος
1483 639 1551 670 Θεὸς
1576 638 1666 674 ἡμῶν,
1691 637 1706 664 ὁ
1731 635 1882 672 προσδεξὰ-

1091 693 1174 719 pavo;
1188 684 1258 710 αὐτὰ
1272 684 1312 715 είς
1326 684 1357 710 τὸ
1377 683 1456 718 ἅγιον
1472 684 1520 710 καὶ
1534 684 1585 710 ὑπε
1592 682 1734 718 ρουράνιον
1750 682 1796 708 καὶ
1823 690 1882 708 νοε-

1093 730 1140 765 ρὸν
1152 729 1236 756 αὐτοῦ
1261 730 1470 764 θυσιαστήριον,
1499 730 1538 760 είς
1554 729 1644 764 ὀσμὴν
1664 727 1780 759 εὐωδίας
1799 736 1882 754 πνευ-

1095 775 1226 810 ματικῆς,
1240 774 1479 808 ἁντικαταπέμψοι
1492 775 1559 809 ημῖν
1574 774 1624 809 τὴν
1643 772 1718 799 θείαν
1735 773 1814 808 χάριν
1833 771 1882 798 καὶ

1092 821 1142 856 τὴν
1153 819 1258 854 δωρεὰν
1272 819 1320 846 τοῦ
1336 819 1413 852 ἁγίου
1430 819 1600 854 Πνεὺματος,
1615 818 1765 852 δεηῢῶμεν.

1133 867 1219 901 ’Υπὲρ
1245 866 1292 893 τοῦ
1317 865 1450 901 ρυσθῆναι
1467 865 1540 900 ἡμᾶς
1557 865 1612 891 ἀπὸ
1636 865 1727 898 πάσης
1754 862 1880 898 θλίψεως,

1093 913 1189 949 ὀργῆς,
1205 913 1340 948 ἀνάγκης,
1359 911 1406 938 τοῦ
1423 911 1526 946 Κυρίου
1540 910 1694 945 δεηθῶμεν.

1297 967 1325 992 '0
1339 966 1434 1000 ἱερεὺς
1451 965 1611 1000 ἐπεύχεται
1624 965 1692 1000 (Η).

1133 1014 1162 1041 '0
1177 1013 1244 1045 Θεὸς
1261 1012 1350 1048 ἡμῶν,
1372 1013 1386 1039 ὁ
1400 1011 1467 1043 Θεὸς
1483 1011 1531 1038 τοῦ
1547 1010 1657 1043 σώζειν,
1688 1010 1720 1037 σὺ
1736 1009 1809 1045 ἡμᾶς
1839 1010 1881 1037 δί-

1092 1059 1170 1092 δαξον
1185 1059 1358 1094 εὐχαριστεῖν
1374 1066 1416 1084 σοι
1430 1057 1513 1090 ἁξίως
1523 1056 1580 1083 τῶν
1594 1056 1760 1091 εὐεργεσιῶν
1769 1064 1827 1088 σου,
1843 1052 1882 1083 ὧν

1091 1107 1226 1142 ἐποίησας
1236 1105 1286 1133 καὶ
1299 1106 1386 1136 ποιεῖς
1399 1104 1460 1139 μεθ’
1475 1103 1555 1139 ἡμῶν
1566 1110 1576 1118 ⁴
1594 1103 1626 1130 σὺ
1642 1101 1669 1129 εί
1682 1102 1696 1129 ό
1711 1102 1778 1134 Θεὸς
1792 1102 1881 1138 ἡμῶν,

1093 1153 1108 1179 ὁ
1122 1151 1342 1187 προσδεξάμενος
1356 1150 1390 1177 τά
1409 1150 1483 1185 δῶρα
1495 1148 1584 1176 ταῦτα
1597 1156 1606 1165 ⁵
1630 1148 1780 1184 καθάρισον
1791 1142 1797 1147 ”
1806 1146 1881 1183 ipsi;

1093 1199 1148 1226 άπδ
1173 1198 1274 1230 παντὸς
1292 1195 1430 1232 μολυσμοῦ
1449 1196 1552 1231 σαρκὸς
1577 1195 1624 1222 καὶ
1648 1194 1816 1230 πνεύματος,
1836 1195 1883 1222 καὶ

1092 1245 1199 1278 δίδαξον
1219 1244 1354 1270 ἐπιτελεῖν
1373 1242 1530 1277 ἁγιωσύνην
1554 1242 1583 1268 ἐν
1608 1240 1684 1276 φόὁῳ
1698 1249 1756 1273 σου,
1785 1240 1830 1267 τνα
1853 1240 1883 1266 ἑν

1097 1290 1210 1325 καθαρῷ
1226 1289 1266 1325 τῷ
1291 1287 1433 1324 μαρτυρίῳ
1455 1287 1505 1322 τῆς
1520 1286 1702 1322 συνειδήσεως
1723 1286 1803 1321 ἡμῶν
1822 1285 1884 1311 ὕπο-

1093 1338 1233 1373 δεχόμενοι
1246 1336 1296 1371 τὴν
1312 1336 1411 1372 μερίδα
1421 1335 1477 1362 τῶν
1497 1334 1679 1369 ἁγιασμάτων
1694 1341 1753 1365 σου,
1778 1332 1885 1360 ἑνωθῶ-

1096 1392 1147 1420 μεν
1168 1383 1207 1418 τῷ
1233 1382 1303 1418 ἁγίῳ
1317 1381 1424 1416 σώματι
1439 1381 1487 1408 καὶ
1501 1381 1599 1416 αἵματι
1613 1379 1661 1406 τοῦ
1678 1379 1798 1414 Χριστοῦ
1824 1387 1884 1409 σου,

1095 1430 1143 1457 καὶ
1157 1428 1353 1463 ὑποδεξάμενοι
1370 1426 1441 1454 αὑτὰ
1459 1426 1544 1459 ἀξίως
1564 1425 1676 1460 σχῶμεν
1698 1424 1744 1451 τὸν
1766 1424 1884 1459 Χριστὸν

1095 1474 1277 1502 κατοικοῦντα
1294 1474 1322 1500 ὲν
1338 1474 1400 1504 ταῖς
1424 1473 1552 1507 καρδίαις
1579 1471 1670 1507 ἡμῶν,
1683 1471 1730 1497 καὶ
1740 1469 1884 1505 γενὼμεῆα

1096 1521 1160 1552 ναὸς
1175 1519 1222 1546 τοῦ
1239 1520 1318 1554 ἁγίου
1347 1527 1396 1545 σου
1412 1518 1582 1553 Πνεύματος.
1602 1517 1667 1548 Ναὶ,
1684 1517 1698 1542 6
1714 1516 1781 1547 Θεδς
1796 1515 1884 1550 ὴμῶν,

1096 1567 1144 1595 καὶ
1160 1566 1263 1601 μηδένα
1279 1565 1358 1602 ἡμῶν
1373 1565 1466 1600 ἔνοχον
1488 1564 1605 1599 ποιήσῃς
1624 1562 1680 1589 τῶν
1694 1562 1819 1597 φρικτῶν
1837 1570 1884 1588 σου

1096 1613 1198 1640 τούτων
1222 1612 1270 1639 κα)⁸
1302 1610 1473 1646 ἐπουρανίων
1500 1608 1668 1645 μυστηρίων,
1691 1607 1759 1643 μηδὲ
1784 1607 1885 1642 ἀσθενῆ

1058 1657 1079 1686 C
1096 1658 1168 1693 ψυχῇ
1182 1658 1229 1685 καὶ
1240 1655 1347 1691 σώματι
1362 1657 1394 1682 ὲκ
1410 1654 1458 1681 τοῦ
1480 1654 1599 1687 ἀναξίως
1621 1653 1712 1681 αὐτῶν
1741 1653 1885 1687 μεταλαμ-

1097 1705 1190 1732 ϐάνειν
1207 1712 1214 1719 ·
1240 1702 1309 1730 άλλὰ
1333 1701 1378 1733 δὺς
1393 1701 1461 1737 ἡμίν
1484 1701 1566 1736 μέχρι
1593 1699 1643 1733 τῆς
1661 1698 1779 1734 ἐσχάτης
1807 1697 1886 1733 ήμῶν

1097 1749 1236 1785 ἀναπνοῆς
1253 1749 1337 1782 ἀξίως
1350 1747 1531 1783 ὑποδέχεσθαι
1548 1746 1599 1782 τὴν
1616 1745 1713 1781 μερίδα
1727 1745 1782 1771 τῶν
1807 1744 1886 1777 ἁγια-

1097 1797 1211 1832 σμάτων
1225 1805 1282 1829 σου,
1298 1796 1340 1827 εἷς
1366 1793 1474 1829 ἑφόδιον
1495 1792 1567 1827 ζωῆς
1585 1792 1707 1824 αἰωνίου,
1731 1791 1771 1823 είς
1788 1790 1886 1817 ἀπολο-

1097 1843 1162 1878 γίαν
1180 1842 1380 1877 εὖπρόσδεκτον
1408 1841 1458 1876 τὴν
1485 1840 1532 1866 ἐπὶ
1556 1839 1604 1866 τοῦ
1628 1837 1746 1873 φοὸεροῦ
1764 1837 1887 1872 βήματος

1096 1889 1144 1917 τοῦ
1160 1887 1280 1925 Χριστοῦ
1298 1896 1344 1914 σου
1359 1895 1366 1902 ⁵
1382 1887 1457 1918 ὅπως
1470 1886 1503 1914 ἂν
1529 1886 1585 1912 καὶ
1598 1885 1678 1920 ἡμεῖς
1693 1883 1763 1918 μετὰ
1777 1882 1887 1909 πάντων

1095 1934 1152 1962 τῶν
1168 1934 1264 1969 ἁγίων,
1280 1934 1336 1960 τῶν
1362 1932 1411 1959 ἀπ’
1424 1938 1428 1942 ·
1442 1931 1541 1963 αἰῶνός
1568 1938 1609 1957 σοι
1633 1928 1887 1964 εὑαρεστησάντων,

1097 1980 1244 2016 γενώμεθα
1269 1980 1380 2015 μέτοχοι
1403 1978 1460 2005 τῶν
1483 1977 1600 2004 αίωνίων
1630 1985 1678 2003 σου
1705 1975 1828 2010 ἀγαθῶν,
1850 1973 1889 2002 ὢν

1098 2028 1253 2064 ἡτοίμασας
1268 2027 1324 2058 τοῖς
1338 2024 1468 2060 ἀγαπῶσι
1493 2032 1534 2054 σι.
1555 2023 1652 2059 Κύριε.

1397 2078 1430 2105 '0
1446 2077 1598 2110 διάκονος.

1140 2124 1310 2155 ’Λντιλαὸοὖ,
1342 2124 1440 2157 σῶσον,
1482 2123 1604 2159 ἐλέησον,

1099 2172 1183 2207 ἡμᾶς,
1201 2172 1215 2198 6
1232 2170 1308 2203 θεὸς,
1322 2171 1355 2206 τῇ
1372 2171 1406 2205 σῇ
1423 2169 1526 2205 χάριτι.

1134 2218 1191 2253 Τὴν
1208 2218 1315 2253 ἡμέραν
1327 2217 1418 2244 πᾶσαν
1431 2215 1550 2249 τελείαν,
1565 2214 1659 2249 ἁγίαν,
1676 2213 1819 2250 εἰρηνικὴν
1840 2213 1891 2241 καὶ

1100 2264 1294 2300 ἀναμάρτητον
1311 2263 1388 2297 παρὰ
1400 2262 1438 2297 τῷ
1450 2262 1545 2298 Κυρίῳ
1558 2260 1747 2296 αίτησώμεθα,

1138 2310 1274 2345 Ἄγγελον
1292 2310 1415 2344 εἰρήνης,
1441 2307 1547 2341 πιστὸν,
1568 2307 1674 2342 ὁδηγὸν,
1694 2305 1804 2340 φύλακα
1834 2305 1892 2332 τῶν

1099 2357 1194 2392 ψυχῶν
1208 2356 1255 2384 καὶ
1265 2356 1318 2382 τῶν
1335 2355 1481 2391 σώματων,

1136 2402 1305 2438 Συγγνώμην
1326 2402 1373 2428 καὶ
1387 2402 1484 2435 ἄφεσιν
1508 2399 1564 2426 τῶν
1590 2398 1738 2434 ἁμαρτιῶν
1768 2397 1815 2424 καὶ
1835 2396 1892 2424 τῶν

1100 2448 1347 2485 πλημμελημάτων
1372 2448 1427 2475 τῶν
1451 2447 1547 2482 ψυχῶν
1572 2445 1652 2481 ὴμῶν
1679 2444 1727 2472 καὶ
1756 2444 1811 2471 τῶν
1836 2452 1893 2471 σω-

1107 2494 1204 2521 ιάτων.

1107 2503 1120 2520 ι
1157 2503 1179 2520 ω
1198 2514 1204 2520 .

1100 2503 1107 2530 ι
1123 2503 1235 2570 αἷίὺζὺς,
1249 2539 1371 2565 Δέσποτα
1381 2536 1585 2569 τῶνὰπάντων,
1604 2535 1649 2568 δὸς
1676 2534 1804 2569 γενέσθαι
1824 2535 1893 2570 ἡμῖν

1101 2585 1152 2620 τὴν
1167 2583 1309 2612 κοινωνίαν
1325 2583 1373 2610 τοῦ
1386 2583 1466 2618 ἁγίου
1484 2582 1612 2618 σώματος
1637 2582 1684 2609 καὶ
1708 2582 1825 2616 αἵματος
1843 2581 1893 2608 τινῦ

1101 2629 1221 2664 Χριστοῦ
1235 2637 1295 2661 σου,
1309 2629 1351 2660 είς
1367 2628 1460 2655 πίστιν
1471 2627 1699 2662 ἁκαταίσχυντον,
1715 2628 1755 2659 είς
1780 2627 1892 2662 ἀγάπην

1102 2674 1291 2710 ἀνυπόκριτον,
1318 2675 1356 2705 είς
1381 2673 1540 2709 πλησμονὴν
1558 2673 1664 2708 σοφίας,
1694 2673 1735 2704 είς
1754 2671 1828 2699 ίασιν
1839 2672 1894 2706 ψυ-

1105 2721 1156 2756 χῆς
1171 2721 1219 2747 καὶ
1234 2719 1369 2755 σώματος,
1388 2721 1428 2751 εἰς
1445 2718 1605 2755 ἀποτροπὴν
1623 2718 1726 2750 παντὸς
1753 2718 1891 2749 ἐναντίου,

1105 2767 1145 2798 εἰς
1162 2766 1337 2802 περιποίησιν
1363 2765 1418 2792 τῶν
1450 2765 1565 2792 ἐντολῶν
1596 2773 1654 2796 σου,
1680 2766 1720 2796 εἰς
1743 2763 1894 2798 ἀπολογίαν

1106 2813 1308 2848 εὺπρόσδεκτον
1319 2811 1368 2848 τὴν
1382 2812 1429 2839 ἐπὶ
1446 2811 1564 2848 φοὸεροῦ
1576 2811 1698 2847 βήματος
1713 2810 1760 2838 τοῦ
1771 2809 1892 2846 Χριστοῦ

1105 2868 1163 2887 σου.

1644 2123 1693 2150 καὶ
1724 2121 1889 2157 ἃιαφύλαξον

304 2940 360 2976 (ll)
380 2940 426 2968 Est
444 2942 502 2970 haec
516 2942 604 2971 oratio
621 2942 648 2970 in
667 2941 772 2977 vulgari
794 2941 835 2969 lit.
856 2941 884 2969 S.
904 2939 995 2968 Basilii
1014 2943 1040 2968 et
1053 2938 1080 2966 in
1093 2936 1276 2967 Alexandrina
1291 2936 1362 2974 apud
1380 2936 1532 2966 Rcuaudot.
