  <div class='ocr_page' id='page_1' title='image "/cluster/home/n/w/nwhite01/storage/ocr_20150623/106/njp.32101077772901/713.png"; bbox 0 0 2076 3158; ppageno 0'>
   <div class='ocr_carea' id='block_1_1' title="bbox 226 235 1046 270">
    <p class='ocr_par' dir='ltr' id='par_1_1' title="bbox 226 235 1046 270">
     <span class='ocr_line' id='line_1_1' title="bbox 226 235 1046 270; baseline -0.001 -2"><span class='ocrx_word' id='word_1_1' title='bbox 226 235 291 270; x_wconf 79' lang='grc'>1311</span> <span class='ocrx_word' id='word_1_2' title='bbox 596 238 790 269; x_wconf 77' lang='lat' dir='ltr'>OPUSCULA</span> <span class='ocrx_word' id='word_1_3' title='bbox 815 237 1024 268; x_wconf 75' lang='lat' dir='ltr'>LITURGICA</span> <span class='ocrx_word' id='word_1_4' title='bbox 1043 238 1046 267; x_wconf 76' lang='grc' dir='ltr'><strong>ἶ</strong></span> 
     </span>
    </p>
   </div>
   <div class='ocr_carea' id='block_1_2' title="bbox 1033 235 1853 270">
    <p class='ocr_par' dir='ltr' id='par_1_2' title="bbox 1043 237 1853 269">
     <span class='ocr_line' id='line_1_2' title="bbox 1043 237 1853 269; baseline 0.001 -1"><span class='ocrx_word' id='word_1_5' title='bbox 1043 237 1220 269; x_wconf 64' lang='grc' dir='ltr'>ΙΝΕΕΒΤΕ</span> <span class='ocrx_word' id='word_1_6' title='bbox 1240 239 1397 269; x_wconf 68' lang='grc' dir='ltr'>[ΈΤΛΤῙΞ.</span> <span class='ocrx_word' id='word_1_7' title='bbox 1784 237 1853 269; x_wconf 72' lang='grc'>1312</span> 
     </span>
    </p>
   </div>
   <div class='ocr_carea' id='block_1_3' title="bbox 258 291 1078 330">
    <p class='ocr_par' dir='ltr' id='par_1_3' title="bbox 258 291 1052 328">
     <span class='ocr_line' id='line_1_3' title="bbox 258 291 1052 328; baseline 0.004 -8"><span class='ocrx_word' id='word_1_8' title='bbox 258 310 294 315; x_wconf 92' lang='grc'><strong>-</strong></span> <span class='ocrx_word' id='word_1_9' title='bbox 309 293 337 321; x_wconf 89' lang='lat' dir='ltr'><strong>In</strong></span> <span class='ocrx_word' id='word_1_10' title='bbox 353 294 487 321; x_wconf 85' lang='lat' dir='ltr'><strong>matutino</strong></span> <span class='ocrx_word' id='word_1_11' title='bbox 501 293 633 328; x_wconf 73' lang='lat' dir='ltr'><strong>Dciparzc.</strong></span> <span class='ocrx_word' id='word_1_12' title='bbox 1026 291 1052 323; x_wconf 81' lang='grc' dir='ltr'>Α</span> 
     </span>
    </p>
   </div>
   <div class='ocr_carea' id='block_1_4' title="bbox 772 291 1592 330">
    <p class='ocr_par' dir='ltr' id='par_1_4' title="bbox 1026 291 1592 330">
     <span class='ocr_line' id='line_1_4' title="bbox 1026 291 1592 330; baseline -0.004 -7"><span class='ocrx_word' id='word_1_13' title='bbox 1026 291 1052 323; x_wconf 82' lang='grc' dir='ltr'>Α</span> <span class='ocrx_word' id='word_1_14' title='bbox 1098 310 1133 316; x_wconf 90' lang='grc'><strong>-</strong></span> <span class='ocrx_word' id='word_1_15' title='bbox 1149 295 1196 328; x_wconf 75' lang='grc' dir='ltr'>Εἰς</span> <span class='ocrx_word' id='word_1_16' title='bbox 1205 295 1252 322; x_wconf 87' lang='grc' dir='ltr'>τδν</span> <span class='ocrx_word' id='word_1_17' title='bbox 1271 295 1371 330; x_wconf 76' lang='grc' dir='ltr'>δρορον</span> <span class='ocrx_word' id='word_1_18' title='bbox 1381 294 1432 328; x_wconf 86' lang='grc' dir='ltr'>τῆς</span> <span class='ocrx_word' id='word_1_19' title='bbox 1448 293 1592 321; x_wconf 82' lang='grc' dir='ltr'>Θεοτόκου.</span> 
     </span>
    </p>
   </div>
   <div class='ocr_carea' id='block_1_5' title="bbox 258 339 1078 377">
    <p class='ocr_par' dir='ltr' id='par_1_5' title="bbox 258 339 631 374">
     <span class='ocr_line' id='line_1_5' title="bbox 258 339 631 374; baseline 0.003 -9"><span class='ocrx_word' id='word_1_20' title='bbox 258 354 294 359; x_wconf 87' lang='grc'><strong><em>-</em></strong></span> <span class='ocrx_word' id='word_1_21' title='bbox 306 339 334 366; x_wconf 93' lang='lat' dir='ltr'>ln</span> <span class='ocrx_word' id='word_1_22' title='bbox 349 344 484 366; x_wconf 84' lang='lat' dir='ltr'><strong>nocturno</strong></span> <span class='ocrx_word' id='word_1_23' title='bbox 498 339 631 374; x_wconf 66' lang='lat' dir='ltr'><strong>Deiparre.</strong></span> 
     </span>
    </p>
   </div>
   <div class='ocr_carea' id='block_1_6' title="bbox 828 339 1648 377">
    <p class='ocr_par' dir='ltr' id='par_1_6' title="bbox 1099 339 1648 377">
     <span class='ocr_line' id='line_1_6' title="bbox 1099 339 1648 377; baseline 0 -9"><span class='ocrx_word' id='word_1_24' title='bbox 1099 354 1136 361; x_wconf 51' lang='lat'><strong><em>~</em></strong></span> <span class='ocrx_word' id='word_1_25' title='bbox 1148 342 1195 372; x_wconf 81' lang='grc' dir='ltr'>Είς</span> <span class='ocrx_word' id='word_1_26' title='bbox 1211 341 1260 377; x_wconf 84' lang='grc' dir='ltr'>τὴν</span> <span class='ocrx_word' id='word_1_27' title='bbox 1271 340 1422 375; x_wconf 74' lang='grc' dir='ltr'>παννυχίδα</span> <span class='ocrx_word' id='word_1_28' title='bbox 1437 340 1488 374; x_wconf 85' lang='grc' dir='ltr'>τῆς</span> <span class='ocrx_word' id='word_1_29' title='bbox 1503 339 1648 368; x_wconf 85' lang='grc' dir='ltr'>Θεοτόκου.</span> 
     </span>
    </p>
   </div>
   <div class='ocr_carea' id='block_1_7' title="bbox 258 384 1078 422">
    <p class='ocr_par' dir='ltr' id='par_1_7' title="bbox 258 384 579 418">
     <span class='ocr_line' id='line_1_7' title="bbox 258 384 579 418; baseline 0 -7"><span class='ocrx_word' id='word_1_30' title='bbox 258 385 284 412; x_wconf 91' lang='lat'>8.</span> <span class='ocrx_word' id='word_1_31' title='bbox 299 384 431 412; x_wconf 83' lang='lat' dir='ltr'><strong>Nativitas</strong></span> <span class='ocrx_word' id='word_1_32' title='bbox 447 384 579 418; x_wconf 68' lang='lat' dir='ltr'><strong>Dciparaa.</strong></span> 
     </span>
    </p>
   </div>
   <div class='ocr_carea' id='block_1_8' title="bbox 726 384 1546 422">
    <p class='ocr_par' dir='ltr' id='par_1_8' title="bbox 1100 387 1546 422">
     <span class='ocr_line' id='line_1_8' title="bbox 1100 387 1546 422; baseline -0.004 -7"><span class='ocrx_word' id='word_1_33' title='bbox 1100 387 1136 422; x_wconf 82' lang='grc' dir='ltr'>η’.</span> <span class='ocrx_word' id='word_1_34' title='bbox 1153 388 1190 414; x_wconf 72' lang='lat' dir='ltr'><strong>To</strong></span> <span class='ocrx_word' id='word_1_35' title='bbox 1207 387 1330 422; x_wconf 76' lang='grc' dir='ltr'>γενίσιον</span> <span class='ocrx_word' id='word_1_36' title='bbox 1343 387 1392 422; x_wconf 87' lang='grc' dir='ltr'>τῆς</span> <span class='ocrx_word' id='word_1_37' title='bbox 1401 387 1546 413; x_wconf 86' lang='grc' dir='ltr'>Θεοτόκου.</span> 
     </span>
    </p>
   </div>
   <div class='ocr_carea' id='block_1_9' title="bbox 258 430 1078 468">
    <p class='ocr_par' dir='ltr' id='par_1_9' title="bbox 258 430 569 458">
     <span class='ocr_line' id='line_1_9' title="bbox 258 430 569 458; baseline 0 -1"><span class='ocrx_word' id='word_1_38' title='bbox 258 431 283 458; x_wconf 86' lang='grc'>9.</span> <span class='ocrx_word' id='word_1_39' title='bbox 300 430 421 457; x_wconf 73' lang='lat' dir='ltr'><strong>Joaclnim</strong></span> <span class='ocrx_word' id='word_1_40' title='bbox 438 434 465 458; x_wconf 88' lang='lat' dir='ltr'>et</span> <span class='ocrx_word' id='word_1_41' title='bbox 476 431 569 458; x_wconf 68' lang='lat' dir='ltr'><strong>Amne.</strong></span> 
     </span>
    </p>
   </div>
   <div class='ocr_carea' id='block_1_10' title="bbox 670 430 1490 468">
    <p class='ocr_par' dir='ltr' id='par_1_10' title="bbox 1105 431 1490 468">
     <span class='ocr_line' id='line_1_10' title="bbox 1105 431 1490 468; baseline -0.003 -9"><span class='ocrx_word' id='word_1_42' title='bbox 1105 431 1140 460; x_wconf 81' lang='grc' dir='ltr'>θ’.</span> <span class='ocrx_word' id='word_1_43' title='bbox 1166 432 1295 468; x_wconf 76' lang='grc' dir='ltr'>Ἰωακεὶμ</span> <span class='ocrx_word' id='word_1_44' title='bbox 1312 432 1361 459; x_wconf 83' lang='grc' dir='ltr'>καὶ</span> <span class='ocrx_word' id='word_1_45' title='bbox 1379 431 1490 466; x_wconf 78' lang='grc' dir='ltr'>Ἀννης.</span> 
     </span>
    </p>
   </div>
   <div class='ocr_carea' id='block_1_11' title="bbox 206 475 1026 513">
    <p class='ocr_par' dir='ltr' id='par_1_11' title="bbox 206 477 772 513">
     <span class='ocr_line' id='line_1_11' title="bbox 206 477 772 513; baseline 0.005 -10"><span class='ocrx_word' id='word_1_46' title='bbox 206 495 207 498; x_wconf 60' lang='grc' dir='ltr'><strong>η</strong></span> <span class='ocrx_word' id='word_1_47' title='bbox 259 477 302 504; x_wconf 77' lang='grc'>10,</span> <span class='ocrx_word' id='word_1_48' title='bbox 320 477 346 503; x_wconf 92' lang='lat' dir='ltr'><strong>In</strong></span> <span class='ocrx_word' id='word_1_49' title='bbox 359 477 518 504; x_wconf 84' lang='lat' dir='ltr'><strong>adoratione</strong></span> <span class='ocrx_word' id='word_1_50' title='bbox 532 477 678 506; x_wconf 85' lang='lat' dir='ltr'><strong>venerandi</strong></span> <span class='ocrx_word' id='word_1_51' title='bbox 693 478 772 513; x_wconf 81' lang='lat' dir='ltr'><strong>ligni.</strong></span> 
     </span>
    </p>
   </div>
   <div class='ocr_carea' id='block_1_12' title="bbox 914 475 1734 513">
    <p class='ocr_par' dir='ltr' id='par_1_12' title="bbox 1101 475 1734 512">
     <span class='ocr_line' id='line_1_12' title="bbox 1101 475 1734 512; baseline -0.003 -8"><span class='ocrx_word' id='word_1_52' title='bbox 1101 476 1127 504; x_wconf 87' lang='lat' dir='ltr'><strong>t&#39;.</strong></span> <span class='ocrx_word' id='word_1_53' title='bbox 1147 477 1194 509; x_wconf 78' lang='grc' dir='ltr'>Εἰς</span> <span class='ocrx_word' id='word_1_54' title='bbox 1210 477 1260 511; x_wconf 81' lang='grc' dir='ltr'>τὴν</span> <span class='ocrx_word' id='word_1_55' title='bbox 1269 476 1457 512; x_wconf 81' lang='grc' dir='ltr'>προσκύνησιν</span> <span class='ocrx_word' id='word_1_56' title='bbox 1471 475 1518 503; x_wconf 87' lang='grc' dir='ltr'>τοῦ</span> <span class='ocrx_word' id='word_1_57' title='bbox 1534 475 1626 512; x_wconf 85' lang='grc' dir='ltr'>τιμίου</span> <span class='ocrx_word' id='word_1_58' title='bbox 1645 475 1734 508; x_wconf 80' lang='grc' dir='ltr'>ξῦλου.</span> 
     </span>
    </p>
   </div>
   <div class='ocr_carea' id='block_1_13' title="bbox 259 522 1079 559">
    <p class='ocr_par' dir='ltr' id='par_1_13' title="bbox 259 522 531 550">
     <span class='ocr_line' id='line_1_13' title="bbox 259 522 531 550; baseline 0.007 -2"><span class='ocrx_word' id='word_1_59' title='bbox 259 523 302 550; x_wconf 84' lang='lat' dir='ltr'>ll.</span> <span class='ocrx_word' id='word_1_60' title='bbox 318 522 345 549; x_wconf 91' lang='lat' dir='ltr'><strong>In</strong></span> <span class='ocrx_word' id='word_1_61' title='bbox 361 523 531 550; x_wconf 85' lang='lat' dir='ltr'><strong>adoratione.</strong></span> 
     </span>
    </p>
   </div>
   <div class='ocr_carea' id='block_1_14' title="bbox 674 522 1494 559">
    <p class='ocr_par' dir='ltr' id='par_1_14' title="bbox 1101 522 1494 559">
     <span class='ocr_line' id='line_1_14' title="bbox 1101 522 1494 559; baseline 0 -9"><span class='ocrx_word' id='word_1_62' title='bbox 1101 522 1146 550; x_wconf 81' lang='grc' dir='ltr'>ια’.</span> <span class='ocrx_word' id='word_1_63' title='bbox 1166 524 1214 556; x_wconf 89' lang='grc' dir='ltr'>Είς</span> <span class='ocrx_word' id='word_1_64' title='bbox 1231 524 1281 558; x_wconf 85' lang='grc' dir='ltr'>τὴν</span> <span class='ocrx_word' id='word_1_65' title='bbox 1296 523 1494 559; x_wconf 78' lang='grc' dir='ltr'>προσκύνησιν.</span> 
     </span>
    </p>
   </div>
   <div class='ocr_carea' id='block_1_15' title="bbox 258 568 1078 606">
    <p class='ocr_par' dir='ltr' id='par_1_15' title="bbox 258 568 849 605">
     <span class='ocr_line' id='line_1_15' title="bbox 258 568 849 605; baseline 0.002 -10"><span class='ocrx_word' id='word_1_66' title='bbox 258 568 302 595; x_wconf 72' lang='grc'>12.</span> <span class='ocrx_word' id='word_1_67' title='bbox 318 568 346 596; x_wconf 85' lang='lat' dir='ltr'><strong>In</strong></span> <span class='ocrx_word' id='word_1_68' title='bbox 361 568 532 602; x_wconf 85' lang='lat' dir='ltr'><strong>adorationc,</strong></span> <span class='ocrx_word' id='word_1_69' title='bbox 549 574 576 597; x_wconf 89' lang='lat' dir='ltr'>et</span> <span class='ocrx_word' id='word_1_70' title='bbox 589 570 675 598; x_wconf 87' lang='lat' dir='ltr'><strong>sancti</strong></span> <span class='ocrx_word' id='word_1_71' title='bbox 691 570 849 605; x_wconf 77' lang='lat' dir='ltr'><strong>Antonynti.</strong></span> 
     </span>
    </p>
   </div>
   <div class='ocr_carea' id='block_1_16' title="bbox 1032 568 1852 606">
    <p class='ocr_par' dir='ltr' id='par_1_16' title="bbox 1101 569 1852 606">
     <span class='ocr_line' id='line_1_16' title="bbox 1101 569 1852 606; baseline 0 -10"><span class='ocrx_word' id='word_1_72' title='bbox 1101 569 1145 604; x_wconf 85' lang='grc' dir='ltr'>ιβ’.</span> <span class='ocrx_word' id='word_1_73' title='bbox 1159 569 1207 601; x_wconf 79' lang='lat' dir='ltr'><strong>Ei;</strong></span> <span class='ocrx_word' id='word_1_74' title='bbox 1232 569 1281 606; x_wconf 81' lang='grc' dir='ltr'>τὴν</span> <span class='ocrx_word' id='word_1_75' title='bbox 1307 569 1504 605; x_wconf 76' lang='grc' dir='ltr'>προσκύνησιν,</span> <span class='ocrx_word' id='word_1_76' title='bbox 1527 569 1575 597; x_wconf 80' lang='grc' dir='ltr'>καὶ</span> <span class='ocrx_word' id='word_1_77' title='bbox 1594 569 1641 596; x_wconf 86' lang='grc' dir='ltr'>τοῦ</span> <span class='ocrx_word' id='word_1_78' title='bbox 1664 569 1743 604; x_wconf 86' lang='grc' dir='ltr'>ἁγίου</span> <span class='ocrx_word' id='word_1_79' title='bbox 1770 570 1852 596; x_wconf 76' lang='grc' dir='ltr'>Αὐτο-</span> 
     </span>
    </p>
   </div>
   <div class='ocr_carea' id='block_1_17' title="bbox 1064 614 1160 649">
    <p class='ocr_par' dir='ltr' id='par_1_17' title="bbox 1064 614 1160 649">
     <span class='ocr_line' id='line_1_17' title="bbox 1064 614 1160 649; baseline 0.01 -8"><span class='ocrx_word' id='word_1_80' title='bbox 1064 614 1094 641; x_wconf 84' lang='grc' dir='ltr'>νό</span> <span class='ocrx_word' id='word_1_81' title='bbox 1097 623 1148 649; x_wconf 85' lang='grc' dir='ltr'>μου</span> <span class='ocrx_word' id='word_1_82' title='bbox 1153 636 1160 642; x_wconf 90' lang='grc'>.</span> 
     </span>
    </p>
   </div>
   <div class='ocr_carea' id='block_1_18' title="bbox 261 659 1081 696">
    <p class='ocr_par' dir='ltr' id='par_1_18' title="bbox 261 660 536 689">
     <span class='ocr_line' id='line_1_18' title="bbox 261 660 536 689; baseline 0.007 -2"><span class='ocrx_word' id='word_1_83' title='bbox 261 660 306 688; x_wconf 72' lang='grc'>15.</span> <span class='ocrx_word' id='word_1_84' title='bbox 322 661 350 688; x_wconf 89' lang='lat' dir='ltr'><strong>In</strong></span> <span class='ocrx_word' id='word_1_85' title='bbox 366 661 536 689; x_wconf 84' lang='lat' dir='ltr'><strong>adoratione.</strong></span> 
     </span>
    </p>
   </div>
   <div class='ocr_carea' id='block_1_19' title="bbox 669 659 1489 696">
    <p class='ocr_par' dir='ltr' id='par_1_19' title="bbox 1103 659 1489 696">
     <span class='ocr_line' id='line_1_19' title="bbox 1103 659 1489 696; baseline 0.003 -9"><span class='ocrx_word' id='word_1_86' title='bbox 1103 659 1148 694; x_wconf 85' lang='grc' dir='ltr'>ιγ’.</span> <span class='ocrx_word' id='word_1_87' title='bbox 1162 660 1210 692; x_wconf 67' lang='lat' dir='ltr'>Ei;</span> <span class='ocrx_word' id='word_1_88' title='bbox 1227 660 1278 694; x_wconf 77' lang='grc' dir='ltr'>τὴν</span> <span class='ocrx_word' id='word_1_89' title='bbox 1293 661 1489 696; x_wconf 81' lang='grc' dir='ltr'>προσκύνησιν.</span> 
     </span>
    </p>
   </div>
   <div class='ocr_carea' id='block_1_20' title="bbox 257 705 1077 742">
    <p class='ocr_par' dir='ltr' id='par_1_20' title="bbox 257 705 757 735">
     <span class='ocr_line' id='line_1_20' title="bbox 257 705 757 735; baseline 0.006 -3"><span class='ocrx_word' id='word_1_90' title='bbox 257 718 294 726; x_wconf 90' lang='lat'>—-</span> <span class='ocrx_word' id='word_1_91' title='bbox 308 705 457 733; x_wconf 82' lang='lat' dir='ltr'><strong>Sabbatuln</strong></span> <span class='ocrx_word' id='word_1_92' title='bbox 474 711 537 734; x_wconf 88' lang='lat' dir='ltr'><strong>ante</strong></span> <span class='ocrx_word' id='word_1_93' title='bbox 549 707 757 735; x_wconf 73' lang='lat' dir='ltr'><strong>exaltationcm.</strong></span> 
     </span>
    </p>
   </div>
   <div class='ocr_carea' id='block_1_21' title="bbox 767 705 1587 742">
    <p class='ocr_par' dir='ltr' id='par_1_21' title="bbox 1097 705 1587 742">
     <span class='ocr_line' id='line_1_21' title="bbox 1097 705 1587 742; baseline 0.004 -11"><span class='ocrx_word' id='word_1_94' title='bbox 1097 719 1128 724; x_wconf 94' lang='lat'>—</span> <span class='ocrx_word' id='word_1_95' title='bbox 1143 705 1284 733; x_wconf 79' lang='grc' dir='ltr'>Σὰῦὸατον</span> <span class='ocrx_word' id='word_1_96' title='bbox 1295 706 1349 742; x_wconf 73' lang='grc' dir='ltr'>πρὸ</span> <span class='ocrx_word' id='word_1_97' title='bbox 1361 706 1410 740; x_wconf 81' lang='grc' dir='ltr'>τῆς</span> <span class='ocrx_word' id='word_1_98' title='bbox 1432 705 1587 740; x_wconf 73' lang='grc' dir='ltr'>Ὑψὼσεως.</span> 
     </span>
    </p>
   </div>
   <div class='ocr_carea' id='block_1_22' title="bbox 257 751 1077 788">
    <p class='ocr_par' dir='ltr' id='par_1_22' title="bbox 257 751 753 781">
     <span class='ocr_line' id='line_1_22' title="bbox 257 751 753 781; baseline 0.006 -4"><span class='ocrx_word' id='word_1_99' title='bbox 257 765 293 771; x_wconf 88' lang='lat'>—-</span> <span class='ocrx_word' id='word_1_100' title='bbox 309 751 449 779; x_wconf 79' lang='lat' dir='ltr'><strong>Dominica</strong></span> <span class='ocrx_word' id='word_1_101' title='bbox 467 757 531 780; x_wconf 84' lang='lat' dir='ltr'><strong>ante</strong></span> <span class='ocrx_word' id='word_1_102' title='bbox 545 753 753 781; x_wconf 78' lang='lat' dir='ltr'><strong>exaltationem.</strong></span> 
     </span>
    </p>
   </div>
   <div class='ocr_carea' id='block_1_23' title="bbox 771 751 1591 788">
    <p class='ocr_par' dir='ltr' id='par_1_23' title="bbox 1097 752 1591 788">
     <span class='ocr_line' id='line_1_23' title="bbox 1097 752 1591 788; baseline 0.002 -10"><span class='ocrx_word' id='word_1_103' title='bbox 1097 765 1134 771; x_wconf 89' lang='lat'>-—</span> <span class='ocrx_word' id='word_1_104' title='bbox 1154 752 1281 788; x_wconf 81' lang='grc' dir='ltr'>Κυριακὴ</span> <span class='ocrx_word' id='word_1_105' title='bbox 1297 753 1350 788; x_wconf 78' lang='grc' dir='ltr'>πρὸ</span> <span class='ocrx_word' id='word_1_106' title='bbox 1364 753 1414 787; x_wconf 84' lang='grc' dir='ltr'>τῆς</span> <span class='ocrx_word' id='word_1_107' title='bbox 1434 753 1591 787; x_wconf 78' lang='grc' dir='ltr'>’Υψώσεως.</span> 
     </span>
    </p>
   </div>
   <div class='ocr_carea' id='block_1_24' title="bbox 259 796 1079 834">
    <p class='ocr_par' dir='ltr' id='par_1_24' title="bbox 259 796 705 825">
     <span class='ocr_line' id='line_1_24' title="bbox 259 796 705 825; baseline 0.004 -2"><span class='ocrx_word' id='word_1_108' title='bbox 259 796 302 823; x_wconf 78' lang='grc' dir='ltr'>Η.</span> <span class='ocrx_word' id='word_1_109' title='bbox 322 796 350 823; x_wconf 91' lang='lat' dir='ltr'><strong>In</strong></span> <span class='ocrx_word' id='word_1_110' title='bbox 370 801 507 824; x_wconf 86' lang='lat' dir='ltr'><strong>nocturno</strong></span> <span class='ocrx_word' id='word_1_111' title='bbox 519 797 705 825; x_wconf 77' lang='lat' dir='ltr'><strong>exaltationis.</strong></span> 
     </span>
    </p>
   </div>
   <div class='ocr_carea' id='block_1_25' title="bbox 857 796 1677 834">
    <p class='ocr_par' dir='ltr' id='par_1_25' title="bbox 1098 796 1677 834">
     <span class='ocr_line' id='line_1_25' title="bbox 1098 796 1677 834; baseline 0.005 -11"><span class='ocrx_word' id='word_1_112' title='bbox 1098 796 1140 824; x_wconf 83' lang='grc' dir='ltr'>ιδ’.</span> <span class='ocrx_word' id='word_1_113' title='bbox 1157 797 1203 829; x_wconf 77' lang='lat' dir='ltr'>El;</span> <span class='ocrx_word' id='word_1_114' title='bbox 1222 798 1272 834; x_wconf 80' lang='grc' dir='ltr'>τὴν</span> <span class='ocrx_word' id='word_1_115' title='bbox 1287 799 1437 834; x_wconf 82' lang='grc' dir='ltr'>παννυχίδα</span> <span class='ocrx_word' id='word_1_116' title='bbox 1450 799 1501 834; x_wconf 85' lang='grc' dir='ltr'>τῆς</span> <span class='ocrx_word' id='word_1_117' title='bbox 1519 799 1677 834; x_wconf 76' lang='grc' dir='ltr'>’Υψὼσεως.</span> 
     </span>
    </p>
   </div>
   <div class='ocr_carea' id='block_1_26' title="bbox 261 841 1081 879">
    <p class='ocr_par' dir='ltr' id='par_1_26' title="bbox 261 841 756 877">
     <span class='ocr_line' id='line_1_26' title="bbox 261 841 756 877; baseline 0.006 -10"><span class='ocrx_word' id='word_1_118' title='bbox 261 856 297 862; x_wconf 93' lang='grc'><strong>-</strong></span> <span class='ocrx_word' id='word_1_119' title='bbox 316 841 464 868; x_wconf 87' lang='lat' dir='ltr'><strong>Sabbatum</strong></span> <span class='ocrx_word' id='word_1_120' title='bbox 478 846 538 877; x_wconf 87' lang='lat' dir='ltr'><strong>post</strong></span> <span class='ocrx_word' id='word_1_121' title='bbox 552 842 756 870; x_wconf 78' lang='lat' dir='ltr'><strong>exalutionem.</strong></span> 
     </span>
    </p>
   </div>
   <div class='ocr_carea' id='block_1_27' title="bbox 751 841 1571 879">
    <p class='ocr_par' dir='ltr' id='par_1_27' title="bbox 751 843 1571 879">
     <span class='ocr_line' id='line_1_27' title="bbox 751 843 1571 879; baseline 0.005 -11"><span class='ocrx_word' id='word_1_122' title='bbox 751 861 756 869; x_wconf 84' lang='lat'>.</span> <span class='ocrx_word' id='word_1_123' title='bbox 1095 843 1277 871; x_wconf 78' lang='grc' dir='ltr'>-Σὰσϐατον</span> <span class='ocrx_word' id='word_1_124' title='bbox 1292 845 1362 878; x_wconf 86' lang='grc' dir='ltr'>μετὰ</span> <span class='ocrx_word' id='word_1_125' title='bbox 1372 845 1424 879; x_wconf 85' lang='grc' dir='ltr'>τὴν</span> <span class='ocrx_word' id='word_1_126' title='bbox 1436 845 1571 879; x_wconf 83' lang='grc' dir='ltr'>Ὕψωσιν.</span> 
     </span>
    </p>
   </div>
   <div class='ocr_carea' id='block_1_28' title="bbox 259 886 1079 926">
    <p class='ocr_par' dir='ltr' id='par_1_28' title="bbox 259 886 740 922">
     <span class='ocr_line' id='line_1_28' title="bbox 259 886 740 922; baseline 0.004 -9"><span class='ocrx_word' id='word_1_127' title='bbox 259 901 295 907; x_wconf 91' lang='lat'>—</span> <span class='ocrx_word' id='word_1_128' title='bbox 304 886 445 914; x_wconf 87' lang='lat' dir='ltr'><strong>Dominica</strong></span> <span class='ocrx_word' id='word_1_129' title='bbox 460 893 522 922; x_wconf 86' lang='lat' dir='ltr'><strong>post</strong></span> <span class='ocrx_word' id='word_1_130' title='bbox 535 887 740 915; x_wconf 81' lang='lat' dir='ltr'><strong>exaltationem.</strong></span> 
     </span>
    </p>
   </div>
   <div class='ocr_carea' id='block_1_29' title="bbox 738 886 1558 926">
    <p class='ocr_par' dir='ltr' id='par_1_29' title="bbox 738 890 1558 926">
     <span class='ocr_line' id='line_1_29' title="bbox 738 890 1558 926; baseline 0.004 -11"><span class='ocrx_word' id='word_1_131' title='bbox 738 908 740 915; x_wconf 95' lang='lat'>.</span> <span class='ocrx_word' id='word_1_132' title='bbox 1096 903 1132 910; x_wconf 91' lang='lat'><strong>——</strong></span> <span class='ocrx_word' id='word_1_133' title='bbox 1141 890 1268 926; x_wconf 77' lang='grc' dir='ltr'>Κυριακὴ</span> <span class='ocrx_word' id='word_1_134' title='bbox 1281 891 1350 926; x_wconf 83' lang='grc' dir='ltr'>μετὰ</span> <span class='ocrx_word' id='word_1_135' title='bbox 1362 891 1413 926; x_wconf 76' lang='grc' dir='ltr'>τὴν</span> <span class='ocrx_word' id='word_1_136' title='bbox 1425 891 1558 926; x_wconf 72' lang='grc' dir='ltr'>’Υψωσιν.</span> 
     </span>
    </p>
   </div>
   <div class='ocr_carea' id='block_1_30' title="bbox 259 933 1079 975">
    <p class='ocr_par' dir='ltr' id='par_1_30' title="bbox 259 933 1050 975">
     <span class='ocr_line' id='line_1_30' title="bbox 259 933 1050 975; baseline 0.003 -15"><span class='ocrx_word' id='word_1_137' title='bbox 259 933 303 960; x_wconf 79' lang='grc'>15.</span> <span class='ocrx_word' id='word_1_138' title='bbox 334 933 415 961; x_wconf 84' lang='lat' dir='ltr'><strong>Sexta</strong></span> <span class='ocrx_word' id='word_1_139' title='bbox 446 933 578 969; x_wconf 79' lang='lat' dir='ltr'><strong>synodus,</strong></span> <span class='ocrx_word' id='word_1_140' title='bbox 611 937 639 961; x_wconf 90' lang='lat' dir='ltr'>et</span> <span class='ocrx_word' id='word_1_141' title='bbox 668 939 827 962; x_wconf 77' lang='lat' dir='ltr'><strong>sanctorum</strong></span> <span class='ocrx_word' id='word_1_142' title='bbox 856 939 1008 970; x_wconf 88' lang='lat' dir='ltr'><strong>martyrum</strong></span> <span class='ocrx_word' id='word_1_143' title='bbox 1028 963 1050 975; x_wconf 53' lang='lat'><strong><em>‘-</em></strong></span> 
     </span>
    </p>
   </div>
   <div class='ocr_carea' id='block_1_31' title="bbox 1034 933 1854 975">
    <p class='ocr_par' dir='ltr' id='par_1_31' title="bbox 1034 934 1854 975">
     <span class='ocr_line' id='line_1_31' title="bbox 1034 934 1854 975; baseline 0.005 -13"><span class='ocrx_word' id='word_1_144' title='bbox 1034 963 1050 975; x_wconf 63' lang='grc' dir='ltr'>η</span> <span class='ocrx_word' id='word_1_145' title='bbox 1101 934 1142 963; x_wconf 81' lang='grc' dir='ltr'>ιε’.</span> <span class='ocrx_word' id='word_1_146' title='bbox 1163 937 1195 963; x_wconf 84' lang='grc' dir='ltr'><em>Ἦ</em></span> <span class='ocrx_word' id='word_1_147' title='bbox 1207 936 1234 969; x_wconf 84' lang='grc' dir='ltr'>ς’</span> <span class='ocrx_word' id='word_1_148' title='bbox 1250 937 1368 971; x_wconf 80' lang='grc' dir='ltr'>σύνοδος,</span> <span class='ocrx_word' id='word_1_149' title='bbox 1381 938 1493 965; x_wconf 78' lang='grc' dir='ltr'>καὶτῶν</span> <span class='ocrx_word' id='word_1_150' title='bbox 1509 939 1594 973; x_wconf 87' lang='grc' dir='ltr'>ἁγίων</span> <span class='ocrx_word' id='word_1_151' title='bbox 1610 939 1757 975; x_wconf 83' lang='grc' dir='ltr'>μαρτύρων</span> <span class='ocrx_word' id='word_1_152' title='bbox 1771 939 1854 966; x_wconf 78' lang='grc' dir='ltr'>Ἀκα-</span> 
     </span>
    </p>
   </div>
   <div class='ocr_carea' id='block_1_32' title="bbox 224 963 1044 1018">
    <p class='ocr_par' dir='ltr' id='par_1_32' title="bbox 224 963 1044 1008">
     <span class='ocr_line' id='line_1_32' title="bbox 224 963 1044 1008; baseline 0.004 -2"><span class='ocrx_word' id='word_1_153' title='bbox 224 979 314 1007; x_wconf 76' lang='lat' dir='ltr'><strong>Acacii</strong></span> <span class='ocrx_word' id='word_1_154' title='bbox 327 984 355 1007; x_wconf 87' lang='lat' dir='ltr'>et</span> <span class='ocrx_word' id='word_1_155' title='bbox 367 963 477 1008; x_wconf 49' lang='lat' dir='ltr'><strong>Nicen)...</strong></span> <span class='ocrx_word' id='word_1_156' title='bbox 570 963 576 966; x_wconf 23' lang='grc' dir='ltr'>ν</span> <span class='ocrx_word' id='word_1_157' title='bbox 930 963 939 970; x_wconf 38' lang='grc'><strong>1</strong></span> <span class='ocrx_word' id='word_1_158' title='bbox 1027 963 1044 994; x_wconf 59' lang='grc' dir='ltr'><strong><em>Ε</em></strong></span> 
     </span>
    </p>
   </div>
   <div class='ocr_carea' id='block_1_33' title="bbox 502 963 1322 1018">
    <p class='ocr_par' dir='ltr' id='par_1_33' title="bbox 570 963 1322 1018">
     <span class='ocr_line' id='line_1_33' title="bbox 570 963 1322 1018; baseline 0.009 -14"><span class='ocrx_word' id='word_1_159' title='bbox 570 963 576 966; x_wconf 23' lang='grc' dir='ltr'>ν</span> <span class='ocrx_word' id='word_1_160' title='bbox 930 963 939 970; x_wconf 39' lang='grc'><strong>1</strong></span> <span class='ocrx_word' id='word_1_161' title='bbox 1027 963 1051 994; x_wconf 70' lang='grc' dir='ltr'><strong>Β</strong></span> <span class='ocrx_word' id='word_1_162' title='bbox 1065 981 1126 1009; x_wconf 85' lang='grc' dir='ltr'>κίου</span> <span class='ocrx_word' id='word_1_163' title='bbox 1140 983 1188 1009; x_wconf 83' lang='grc' dir='ltr'>καὶ</span> <span class='ocrx_word' id='word_1_164' title='bbox 1202 963 1322 1018; x_wconf 45' lang='lat' dir='ltr'><strong>ﬁnitima.</strong></span> 
     </span>
    </p>
   </div>
   <div class='ocr_carea' id='block_1_34' title="bbox 261 1023 1081 1065">
    <p class='ocr_par' dir='ltr' id='par_1_34' title="bbox 261 1023 614 1059">
     <span class='ocr_line' id='line_1_34' title="bbox 261 1023 614 1059; baseline 0.003 -9"><span class='ocrx_word' id='word_1_165' title='bbox 261 1023 305 1051; x_wconf 75' lang='grc'>16.</span> <span class='ocrx_word' id='word_1_166' title='bbox 323 1023 431 1052; x_wconf 61' lang='lat' dir='ltr'><strong>Sanctae</strong></span> <span class='ocrx_word' id='word_1_167' title='bbox 444 1024 614 1059; x_wconf 66' lang='lat' dir='ltr'><strong>Enphemiae.</strong></span> 
     </span>
    </p>
   </div>
   <div class='ocr_carea' id='block_1_35' title="bbox 668 1023 1488 1065">
    <p class='ocr_par' dir='ltr' id='par_1_35' title="bbox 1101 1026 1488 1065">
     <span class='ocr_line' id='line_1_35' title="bbox 1101 1026 1488 1065; baseline 0.008 -11"><span class='ocrx_word' id='word_1_168' title='bbox 1101 1026 1149 1060; x_wconf 88' lang='grc' dir='ltr'>ις’.</span> <span class='ocrx_word' id='word_1_169' title='bbox 1164 1028 1220 1063; x_wconf 87' lang='grc' dir='ltr'>Τῆς</span> <span class='ocrx_word' id='word_1_170' title='bbox 1236 1029 1319 1062; x_wconf 90' lang='grc' dir='ltr'>ἁγίας</span> <span class='ocrx_word' id='word_1_171' title='bbox 1333 1029 1488 1065; x_wconf 82' lang='grc' dir='ltr'>Εὑφημίας.</span> 
     </span>
    </p>
   </div>
   <div class='ocr_carea' id='block_1_36' title="bbox 259 1067 1079 1112">
    <p class='ocr_par' dir='ltr' id='par_1_36' title="bbox 259 1067 1013 1104">
     <span class='ocr_line' id='line_1_36' title="bbox 259 1067 1013 1104; baseline 0 -8"><span class='ocrx_word' id='word_1_172' title='bbox 259 1069 304 1096; x_wconf 70' lang='grc'>1-7.</span> <span class='ocrx_word' id='word_1_173' title='bbox 323 1067 485 1097; x_wconf 79' lang='lat' dir='ltr'><strong>Sanctorum</strong></span> <span class='ocrx_word' id='word_1_174' title='bbox 503 1074 654 1104; x_wconf 89' lang='lat' dir='ltr'><strong>martyrum</strong></span> <span class='ocrx_word' id='word_1_175' title='bbox 672 1068 818 1104; x_wconf 82' lang='lat' dir='ltr'><strong>Eulampii.</strong></span> <span class='ocrx_word' id='word_1_176' title='bbox 832 1073 861 1096; x_wconf 84' lang='lat' dir='ltr'>et</span> <span class='ocrx_word' id='word_1_177' title='bbox 872 1068 1013 1097; x_wconf 75' lang='lat' dir='ltr'><strong>sociorum</strong></span> 
     </span>
    </p>
   </div>
   <div class='ocr_carea' id='block_1_37' title="bbox 1032 1067 1852 1112">
    <p class='ocr_par' dir='ltr' id='par_1_37' title="bbox 1101 1073 1852 1112">
     <span class='ocr_line' id='line_1_37' title="bbox 1101 1073 1852 1112; baseline 0.003 -12"><span class='ocrx_word' id='word_1_178' title='bbox 1101 1073 1145 1106; x_wconf 72' lang='grc' dir='ltr'>ιζ’.</span> <span class='ocrx_word' id='word_1_179' title='bbox 1171 1073 1232 1102; x_wconf 86' lang='grc' dir='ltr'>Τῶν</span> <span class='ocrx_word' id='word_1_180' title='bbox 1247 1075 1334 1110; x_wconf 80' lang='grc' dir='ltr'>ἁγίων</span> <span class='ocrx_word' id='word_1_181' title='bbox 1353 1075 1504 1112; x_wconf 83' lang='grc' dir='ltr'>μαρτύρων</span> <span class='ocrx_word' id='word_1_182' title='bbox 1529 1075 1700 1111; x_wconf 79' lang='grc' dir='ltr'>Εὺλαμπίου,</span> <span class='ocrx_word' id='word_1_183' title='bbox 1725 1077 1772 1103; x_wconf 80' lang='grc' dir='ltr'>καὶ</span> <span class='ocrx_word' id='word_1_184' title='bbox 1797 1075 1852 1102; x_wconf 65' lang='grc' dir='ltr'>τῶν</span> 
     </span>
    </p>
   </div>
   <div class='ocr_carea' id='block_1_38' title="bbox 223 1114 1043 1154">
    <p class='ocr_par' dir='ltr' id='par_1_38' title="bbox 223 1114 294 1150">
     <span class='ocr_line' id='line_1_38' title="bbox 223 1114 294 1150; baseline 0 -8"><span class='ocrx_word' id='word_1_185' title='bbox 223 1114 294 1150; x_wconf 72' lang='lat' dir='ltr'><strong>eius.</strong></span> 
     </span>
    </p>
   </div>
   <div class='ocr_carea' id='block_1_39' title="bbox 389 1114 1209 1154">
    <p class='ocr_par' dir='ltr' id='par_1_39' title="bbox 1064 1119 1209 1154">
     <span class='ocr_line' id='line_1_39' title="bbox 1064 1119 1209 1154; baseline 0.007 -8"><span class='ocrx_word' id='word_1_186' title='bbox 1064 1119 1114 1146; x_wconf 76' lang='grc' dir='ltr'>σὺν</span> <span class='ocrx_word' id='word_1_187' title='bbox 1125 1119 1209 1154; x_wconf 75' lang='grc' dir='ltr'>αὐτῷ.</span> 
     </span>
    </p>
   </div>
   <div class='ocr_carea' id='block_1_40' title="bbox 259 1159 1079 1201">
    <p class='ocr_par' dir='ltr' id='par_1_40' title="bbox 259 1159 607 1188">
     <span class='ocr_line' id='line_1_40' title="bbox 259 1159 607 1188; baseline 0.006 -2"><span class='ocrx_word' id='word_1_188' title='bbox 259 1159 304 1188; x_wconf 75' lang='grc'>18.</span> <span class='ocrx_word' id='word_1_189' title='bbox 325 1159 432 1188; x_wconf 65' lang='lat' dir='ltr'><strong>Sancta:</strong></span> <span class='ocrx_word' id='word_1_190' title='bbox 446 1159 607 1188; x_wconf 74' lang='lat' dir='ltr'><strong>Theodom.</strong></span> 
     </span>
    </p>
   </div>
   <div class='ocr_carea' id='block_1_41' title="bbox 655 1159 1475 1201">
    <p class='ocr_par' dir='ltr' id='par_1_41' title="bbox 1101 1164 1475 1201">
     <span class='ocr_line' id='line_1_41' title="bbox 1101 1164 1475 1201; baseline 0.008 -10"><span class='ocrx_word' id='word_1_191' title='bbox 1101 1164 1147 1199; x_wconf 87' lang='grc' dir='ltr'>ιη’.</span> <span class='ocrx_word' id='word_1_192' title='bbox 1160 1165 1216 1198; x_wconf 87' lang='grc' dir='ltr'>Τῆς</span> <span class='ocrx_word' id='word_1_193' title='bbox 1229 1165 1310 1200; x_wconf 89' lang='grc' dir='ltr'>ἁγίας</span> <span class='ocrx_word' id='word_1_194' title='bbox 1322 1165 1475 1201; x_wconf 77' lang='grc' dir='ltr'>Θιοδώρης.</span> 
     </span>
    </p>
   </div>
   <div class='ocr_carea' id='block_1_42' title="bbox 260 1205 1080 1249">
    <p class='ocr_par' dir='ltr' id='par_1_42' title="bbox 260 1205 1014 1242">
     <span class='ocr_line' id='line_1_42' title="bbox 260 1205 1014 1242; baseline 0 -9"><span class='ocrx_word' id='word_1_195' title='bbox 260 1205 305 1233; x_wconf 77' lang='grc'>19.</span> <span class='ocrx_word' id='word_1_196' title='bbox 335 1205 429 1234; x_wconf 88' lang='lat' dir='ltr'><strong>Sancti</strong></span> <span class='ocrx_word' id='word_1_197' title='bbox 465 1206 594 1242; x_wconf 69' lang='lat' dir='ltr'><strong>martyris</strong></span> <span class='ocrx_word' id='word_1_198' title='bbox 631 1205 785 1241; x_wconf 75' lang='lat' dir='ltr'><strong>Tropliimi,</strong></span> <span class='ocrx_word' id='word_1_199' title='bbox 818 1210 847 1234; x_wconf 82' lang='lat' dir='ltr'>et</span> <span class='ocrx_word' id='word_1_200' title='bbox 873 1206 1014 1235; x_wconf 83' lang='lat' dir='ltr'><strong>sociorum</strong></span> 
     </span>
    </p>
   </div>
   <div class='ocr_carea' id='block_1_43' title="bbox 1033 1205 1853 1249">
    <p class='ocr_par' dir='ltr' id='par_1_43' title="bbox 1101 1210 1853 1249">
     <span class='ocr_line' id='line_1_43' title="bbox 1101 1210 1853 1249; baseline 0.003 -12"><span class='ocrx_word' id='word_1_201' title='bbox 1101 1210 1144 1238; x_wconf 78' lang='grc' dir='ltr'>ιϐ’.</span> <span class='ocrx_word' id='word_1_202' title='bbox 1159 1211 1213 1238; x_wconf 90' lang='grc' dir='ltr'>Τοῦ</span> <span class='ocrx_word' id='word_1_203' title='bbox 1230 1211 1309 1246; x_wconf 83' lang='grc' dir='ltr'>ἁγίου</span> <span class='ocrx_word' id='word_1_204' title='bbox 1330 1211 1470 1248; x_wconf 76' lang='grc' dir='ltr'>μάρτυρος</span> <span class='ocrx_word' id='word_1_205' title='bbox 1483 1213 1636 1249; x_wconf 75' lang='grc' dir='ltr'>Τροφίμου,</span> <span class='ocrx_word' id='word_1_206' title='bbox 1653 1213 1702 1239; x_wconf 74' lang='grc' dir='ltr'>καὶ</span> <span class='ocrx_word' id='word_1_207' title='bbox 1727 1213 1782 1239; x_wconf 89' lang='grc' dir='ltr'>τῶν</span> <span class='ocrx_word' id='word_1_208' title='bbox 1803 1212 1853 1240; x_wconf 72' lang='grc' dir='ltr'>σὺν</span> 
     </span>
    </p>
   </div>
   <div class='ocr_carea' id='block_1_44' title="bbox 224 1256 1151 1291">
    <p class='ocr_par' dir='ltr' id='par_1_44' title="bbox 224 1256 1151 1291">
     <span class='ocr_line' id='line_1_44' title="bbox 224 1256 1151 1291; baseline 0.006 -14"><span class='ocrx_word' id='word_1_209' title='bbox 224 1256 295 1285; x_wconf 75' lang='lat' dir='ltr'><strong>ejus.</strong></span> <span class='ocrx_word' id='word_1_210' title='bbox 1064 1256 1151 1291; x_wconf 81' lang='grc' dir='ltr'>αὐτῷ.</span> 
     </span>
    </p>
   </div>
   <div class='ocr_carea' id='block_1_45' title="bbox 258 1296 1078 1340">
    <p class='ocr_par' dir='ltr' id='par_1_45' title="bbox 258 1296 856 1333">
     <span class='ocr_line' id='line_1_45' title="bbox 258 1296 856 1333; baseline 0.003 -9"><span class='ocrx_word' id='word_1_211' title='bbox 258 1296 303 1324; x_wconf 80' lang='grc'>20.</span> <span class='ocrx_word' id='word_1_212' title='bbox 315 1296 408 1325; x_wconf 82' lang='lat' dir='ltr'><strong>Sancti</strong></span> <span class='ocrx_word' id='word_1_213' title='bbox 424 1297 569 1329; x_wconf 79' lang='lat' dir='ltr'><strong>Eustathii.</strong></span> <span class='ocrx_word' id='word_1_214' title='bbox 587 1302 614 1325; x_wconf 83' lang='lat' dir='ltr'>et</span> <span class='ocrx_word' id='word_1_215' title='bbox 628 1297 767 1326; x_wconf 87' lang='lat' dir='ltr'><strong>sociorum</strong></span> <span class='ocrx_word' id='word_1_216' title='bbox 784 1297 856 1333; x_wconf 83' lang='lat' dir='ltr'>ejus.</span> 
     </span>
    </p>
   </div>
   <div class='ocr_carea' id='block_1_46' title="bbox 943 1296 1763 1340">
    <p class='ocr_par' dir='ltr' id='par_1_46' title="bbox 1099 1303 1763 1340">
     <span class='ocr_line' id='line_1_46' title="bbox 1099 1303 1763 1340; baseline 0.003 -11"><span class='ocrx_word' id='word_1_217' title='bbox 1099 1305 1134 1330; x_wconf 82' lang='grc' dir='ltr'>κ’.</span> <span class='ocrx_word' id='word_1_218' title='bbox 1151 1303 1205 1330; x_wconf 85' lang='grc' dir='ltr'>Τοῦ</span> <span class='ocrx_word' id='word_1_219' title='bbox 1218 1303 1297 1338; x_wconf 82' lang='grc' dir='ltr'>ἁγίου</span> <span class='ocrx_word' id='word_1_220' title='bbox 1313 1304 1475 1337; x_wconf 82' lang='grc' dir='ltr'>Εὗσταθίου,</span> <span class='ocrx_word' id='word_1_221' title='bbox 1490 1305 1536 1331; x_wconf 83' lang='grc' dir='ltr'>καὶ</span> <span class='ocrx_word' id='word_1_222' title='bbox 1549 1305 1604 1332; x_wconf 80' lang='grc' dir='ltr'>τῶν</span> <span class='ocrx_word' id='word_1_223' title='bbox 1615 1305 1665 1332; x_wconf 80' lang='grc' dir='ltr'>σὺν</span> <span class='ocrx_word' id='word_1_224' title='bbox 1681 1305 1763 1340; x_wconf 83' lang='grc' dir='ltr'>αὑτῳ.</span> 
     </span>
    </p>
   </div>
   <div class='ocr_carea' id='block_1_47' title="bbox 257 1342 1077 1386">
    <p class='ocr_par' dir='ltr' id='par_1_47' title="bbox 257 1342 680 1377">
     <span class='ocr_line' id='line_1_47' title="bbox 257 1342 680 1377; baseline -0.002 -7"><span class='ocrx_word' id='word_1_225' title='bbox 257 1342 303 1370; x_wconf 77' lang='lat'>2|.</span> <span class='ocrx_word' id='word_1_226' title='bbox 322 1342 413 1370; x_wconf 89' lang='lat' dir='ltr'><strong>Sancti</strong></span> <span class='ocrx_word' id='word_1_227' title='bbox 430 1343 545 1377; x_wconf 65' lang='lat' dir='ltr'><strong>apoxtoli</strong></span> <span class='ocrx_word' id='word_1_228' title='bbox 558 1342 680 1370; x_wconf 84' lang='lat' dir='ltr'><strong>Codrati.</strong></span> 
     </span>
    </p>
   </div>
   <div class='ocr_carea' id='block_1_48' title="bbox 820 1342 1640 1386">
    <p class='ocr_par' dir='ltr' id='par_1_48' title="bbox 1098 1347 1640 1386">
     <span class='ocr_line' id='line_1_48' title="bbox 1098 1347 1640 1386; baseline 0.006 -11"><span class='ocrx_word' id='word_1_229' title='bbox 1098 1347 1153 1376; x_wconf 88' lang='grc' dir='ltr'>κα’.</span> <span class='ocrx_word' id='word_1_230' title='bbox 1167 1349 1221 1376; x_wconf 90' lang='grc' dir='ltr'>Τοῦ</span> <span class='ocrx_word' id='word_1_231' title='bbox 1234 1350 1311 1384; x_wconf 84' lang='grc' dir='ltr'>ἁγίου</span> <span class='ocrx_word' id='word_1_232' title='bbox 1323 1351 1474 1378; x_wconf 79' lang='grc' dir='ltr'>ἀποστόλου</span> <span class='ocrx_word' id='word_1_233' title='bbox 1488 1351 1640 1386; x_wconf 86' lang='grc' dir='ltr'>Κοδρὰτου.</span> 
     </span>
    </p>
   </div>
   <div class='ocr_carea' id='block_1_49' title="bbox 257 1389 1077 1432">
    <p class='ocr_par' dir='ltr' id='par_1_49' title="bbox 257 1389 679 1425">
     <span class='ocr_line' id='line_1_49' title="bbox 257 1389 679 1425; baseline 0 -9"><span class='ocrx_word' id='word_1_234' title='bbox 257 1389 302 1416; x_wconf 69' lang='lat'>22.</span> <span class='ocrx_word' id='word_1_235' title='bbox 321 1389 414 1416; x_wconf 88' lang='lat' dir='ltr'><strong>Sancti</strong></span> <span class='ocrx_word' id='word_1_236' title='bbox 427 1389 556 1425; x_wconf 75' lang='lat' dir='ltr'><strong>martyris</strong></span> <span class='ocrx_word' id='word_1_237' title='bbox 569 1389 679 1417; x_wconf 57' lang='lat' dir='ltr'><strong>Phocar.</strong></span> 
     </span>
    </p>
   </div>
   <div class='ocr_carea' id='block_1_50' title="bbox 752 1389 1572 1432">
    <p class='ocr_par' dir='ltr' id='par_1_50' title="bbox 1099 1395 1572 1432">
     <span class='ocr_line' id='line_1_50' title="bbox 1099 1395 1572 1432; baseline 0.004 -10"><span class='ocrx_word' id='word_1_238' title='bbox 1099 1395 1151 1431; x_wconf 84' lang='grc' dir='ltr'>κβ’.</span> <span class='ocrx_word' id='word_1_239' title='bbox 1165 1395 1219 1422; x_wconf 92' lang='grc' dir='ltr'>Τοῦ</span> <span class='ocrx_word' id='word_1_240' title='bbox 1235 1396 1314 1430; x_wconf 84' lang='grc' dir='ltr'>ἁγίου</span> <span class='ocrx_word' id='word_1_241' title='bbox 1332 1397 1471 1432; x_wconf 82' lang='grc' dir='ltr'>μάρτυρος</span> <span class='ocrx_word' id='word_1_242' title='bbox 1481 1398 1572 1425; x_wconf 78' lang='grc' dir='ltr'>Φωκᾶ.</span> 
     </span>
    </p>
   </div>
   <div class='ocr_carea' id='block_1_51' title="bbox 259 1434 1079 1478">
    <p class='ocr_par' dir='ltr' id='par_1_51' title="bbox 259 1434 718 1470">
     <span class='ocr_line' id='line_1_51' title="bbox 259 1434 718 1470; baseline 0.002 -9"><span class='ocrx_word' id='word_1_243' title='bbox 259 1449 291 1455; x_wconf 94' lang='lat'>-—</span> <span class='ocrx_word' id='word_1_244' title='bbox 308 1434 408 1462; x_wconf 86' lang='lat' dir='ltr'><strong>Eadem</strong></span> <span class='ocrx_word' id='word_1_245' title='bbox 427 1434 472 1462; x_wconf 83' lang='lat' dir='ltr'>die</span> <span class='ocrx_word' id='word_1_246' title='bbox 485 1437 623 1470; x_wconf 66' lang='lat' dir='ltr'><strong>propheta:</strong></span> <span class='ocrx_word' id='word_1_247' title='bbox 635 1434 718 1462; x_wconf 82' lang='lat' dir='ltr'><strong>Jona.</strong></span> 
     </span>
    </p>
   </div>
   <div class='ocr_carea' id='block_1_52' title="bbox 926 1434 1746 1478">
    <p class='ocr_par' dir='ltr' id='par_1_52' title="bbox 1100 1442 1746 1478">
     <span class='ocr_line' id='line_1_52' title="bbox 1100 1442 1746 1478; baseline 0.005 -10"><span class='ocrx_word' id='word_1_248' title='bbox 1100 1456 1133 1463; x_wconf 92' lang='lat'><strong>—</strong></span> <span class='ocrx_word' id='word_1_249' title='bbox 1146 1442 1186 1477; x_wconf 79' lang='grc' dir='ltr'>Τῇ</span> <span class='ocrx_word' id='word_1_250' title='bbox 1204 1442 1273 1477; x_wconf 75' lang='grc' dir='ltr'>αὐτῇ</span> <span class='ocrx_word' id='word_1_251' title='bbox 1293 1442 1395 1478; x_wconf 84' lang='grc' dir='ltr'>ἡμέρᾳ.</span> <span class='ocrx_word' id='word_1_252' title='bbox 1411 1442 1464 1469; x_wconf 89' lang='grc' dir='ltr'>Τοῦ</span> <span class='ocrx_word' id='word_1_253' title='bbox 1483 1443 1623 1478; x_wconf 82' lang='grc' dir='ltr'>προφήτου</span> <span class='ocrx_word' id='word_1_254' title='bbox 1643 1444 1746 1472; x_wconf 71' lang='grc' dir='ltr'>Ἴων’-ἆ.</span> 
     </span>
    </p>
   </div>
   <div class='ocr_carea' id='block_1_53' title="bbox 256 1479 1076 1525">
    <p class='ocr_par' dir='ltr' id='par_1_53' title="bbox 256 1479 685 1514">
     <span class='ocr_line' id='line_1_53' title="bbox 256 1479 685 1514; baseline 0 -8"><span class='ocrx_word' id='word_1_255' title='bbox 256 1480 302 1506; x_wconf 77' lang='grc'>25.</span> <span class='ocrx_word' id='word_1_256' title='bbox 324 1479 473 1514; x_wconf 84' lang='lat' dir='ltr'><strong>Com-eptio</strong></span> <span class='ocrx_word' id='word_1_257' title='bbox 489 1479 685 1507; x_wconf 66' lang='lat' dir='ltr'><strong>Praecursoris.</strong></span> 
     </span>
    </p>
   </div>
   <div class='ocr_carea' id='block_1_54' title="bbox 792 1479 1612 1525">
    <p class='ocr_par' dir='ltr' id='par_1_54' title="bbox 1099 1486 1612 1525">
     <span class='ocr_line' id='line_1_54' title="bbox 1099 1486 1612 1525; baseline 0.004 -11"><span class='ocrx_word' id='word_1_258' title='bbox 1099 1486 1152 1522; x_wconf 88' lang='grc' dir='ltr'>κγ’.</span> <span class='ocrx_word' id='word_1_259' title='bbox 1180 1487 1212 1514; x_wconf 85' lang='grc' dir='ltr'><strong>Ἦ</strong></span> <span class='ocrx_word' id='word_1_260' title='bbox 1229 1488 1361 1523; x_wconf 82' lang='grc' dir='ltr'>σύλληψις</span> <span class='ocrx_word' id='word_1_261' title='bbox 1378 1488 1425 1515; x_wconf 89' lang='grc' dir='ltr'>τοῦ</span> <span class='ocrx_word' id='word_1_262' title='bbox 1442 1489 1612 1525; x_wconf 85' lang='grc' dir='ltr'>Προδρόμου.</span> 
     </span>
    </p>
   </div>
   <div class='ocr_carea' id='block_1_55' title="bbox 255 1525 1075 1569">
    <p class='ocr_par' dir='ltr' id='par_1_55' title="bbox 255 1525 557 1555">
     <span class='ocr_line' id='line_1_55' title="bbox 255 1525 557 1555; baseline 0 -2"><span class='ocrx_word' id='word_1_263' title='bbox 255 1526 301 1553; x_wconf 74' lang='lat' dir='ltr'><strong>2i.</strong></span> <span class='ocrx_word' id='word_1_264' title='bbox 318 1526 426 1555; x_wconf 79' lang='lat' dir='ltr'><strong>Sancta:</strong></span> <span class='ocrx_word' id='word_1_265' title='bbox 440 1525 557 1553; x_wconf 63' lang='lat' dir='ltr'><strong>Thecla.</strong></span> 
     </span>
    </p>
   </div>
   <div class='ocr_carea' id='block_1_56' title="bbox 627 1525 1447 1569">
    <p class='ocr_par' dir='ltr' id='par_1_56' title="bbox 1099 1534 1447 1569">
     <span class='ocr_line' id='line_1_56' title="bbox 1099 1534 1447 1569; baseline 0.003 -8"><span class='ocrx_word' id='word_1_266' title='bbox 1099 1534 1150 1562; x_wconf 77' lang='grc' dir='ltr'>κδ’.</span> <span class='ocrx_word' id='word_1_267' title='bbox 1163 1534 1220 1569; x_wconf 80' lang='grc' dir='ltr'>Τῆς</span> <span class='ocrx_word' id='word_1_268' title='bbox 1238 1534 1318 1568; x_wconf 83' lang='grc' dir='ltr'>ἁγίας</span> <span class='ocrx_word' id='word_1_269' title='bbox 1334 1534 1447 1567; x_wconf 83' lang='grc' dir='ltr'>Θέκλας.</span> 
     </span>
    </p>
   </div>
   <div class='ocr_carea' id='block_1_57' title="bbox 255 1570 1075 1618">
    <p class='ocr_par' dir='ltr' id='par_1_57' title="bbox 255 1570 910 1607">
     <span class='ocr_line' id='line_1_57' title="bbox 255 1570 910 1607; baseline -0.003 -7"><span class='ocrx_word' id='word_1_270' title='bbox 255 1572 302 1600; x_wconf 69' lang='lat'>25.</span> <span class='ocrx_word' id='word_1_271' title='bbox 317 1572 426 1599; x_wconf 66' lang='lat' dir='ltr'><strong>Sancta:</strong></span> <span class='ocrx_word' id='word_1_272' title='bbox 437 1571 634 1607; x_wconf 67' lang='lat' dir='ltr'><strong>Euphrosynaz,</strong></span> <span class='ocrx_word' id='word_1_273' title='bbox 647 1575 674 1599; x_wconf 88' lang='lat' dir='ltr'>ct</span> <span class='ocrx_word' id='word_1_274' title='bbox 690 1570 790 1598; x_wconf 81' lang='lat' dir='ltr'><strong>lilania:</strong></span> <span class='ocrx_word' id='word_1_275' title='bbox 805 1570 910 1606; x_wconf 87' lang='lat' dir='ltr'><strong>Campi.</strong></span> 
     </span>
    </p>
   </div>
   <div class='ocr_carea' id='block_1_58' title="bbox 1030 1570 1850 1618">
    <p class='ocr_par' dir='ltr' id='par_1_58' title="bbox 1099 1579 1850 1618">
     <span class='ocr_line' id='line_1_58' title="bbox 1099 1579 1850 1618; baseline 0.004 -12"><span class='ocrx_word' id='word_1_276' title='bbox 1099 1579 1150 1607; x_wconf 81' lang='grc' dir='ltr'>κε’.</span> <span class='ocrx_word' id='word_1_277' title='bbox 1167 1580 1223 1615; x_wconf 85' lang='grc' dir='ltr'>Τῆς</span> <span class='ocrx_word' id='word_1_278' title='bbox 1237 1580 1313 1612; x_wconf 84' lang='grc' dir='ltr'>ὁσίας</span> <span class='ocrx_word' id='word_1_279' title='bbox 1335 1581 1522 1617; x_wconf 74' lang='grc' dir='ltr'>Εὕφροσύνης,</span> <span class='ocrx_word' id='word_1_280' title='bbox 1538 1581 1585 1608; x_wconf 85' lang='grc' dir='ltr'>καὶ</span> <span class='ocrx_word' id='word_1_281' title='bbox 1617 1583 1667 1618; x_wconf 82' lang='grc' dir='ltr'>τῆς</span> <span class='ocrx_word' id='word_1_282' title='bbox 1697 1582 1776 1617; x_wconf 84' lang='grc' dir='ltr'>λιτῆς</span> <span class='ocrx_word' id='word_1_283' title='bbox 1803 1582 1850 1609; x_wconf 59' lang='lat' dir='ltr'>cui</span> 
     </span>
    </p>
   </div>
   <div class='ocr_carea' id='block_1_59' title="bbox 1063 1627 1196 1662">
    <p class='ocr_par' dir='ltr' id='par_1_59' title="bbox 1063 1627 1196 1662">
     <span class='ocr_line' id='line_1_59' title="bbox 1063 1627 1196 1662; baseline 0 -9"><span class='ocrx_word' id='word_1_284' title='bbox 1063 1627 1196 1662; x_wconf 80' lang='grc' dir='ltr'>Κάμπου.</span> 
     </span>
    </p>
   </div>
   <div class='ocr_carea' id='block_1_60' title="bbox 257 1637 1077 1708">
    <p class='ocr_par' dir='ltr' id='par_1_60' title="bbox 257 1637 1077 1698">
     <span class='ocr_line' id='line_1_60' title="bbox 257 1637 1077 1698; baseline -0.001 -8"><span class='ocrx_word' id='word_1_285' title='bbox 257 1662 302 1690; x_wconf 79' lang='grc'>26.</span> <span class='ocrx_word' id='word_1_286' title='bbox 317 1662 456 1697; x_wconf 82' lang='lat' dir='ltr'><strong>Depositio</strong></span> <span class='ocrx_word' id='word_1_287' title='bbox 471 1661 556 1690; x_wconf 83' lang='lat' dir='ltr'><strong>sancti</strong></span> <span class='ocrx_word' id='word_1_288' title='bbox 569 1661 681 1690; x_wconf 81' lang='lat' dir='ltr'><strong>Joannis</strong></span> <span class='ocrx_word' id='word_1_289' title='bbox 695 1661 837 1698; x_wconf 78' lang='lat' dir='ltr'><strong>Thcologi.</strong></span> <span class='ocrx_word' id='word_1_290' title='bbox 1024 1637 1048 1667; x_wconf 57' lang='grc' dir='ltr'>θ</span> <span class='ocrx_word' id='word_1_291' title='bbox 1064 1637 1077 1654; x_wconf 54' lang='grc' dir='ltr'><strong>Ι</strong></span> 
     </span>
    </p>
   </div>
   <div class='ocr_carea' id='block_1_61' title="bbox 1029 1637 1849 1708">
    <p class='ocr_par' dir='ltr' id='par_1_61' title="bbox 1029 1637 1849 1708">
     <span class='ocr_line' id='line_1_61' title="bbox 1029 1637 1196 1667; baseline 0 -14"><span class='ocrx_word' id='word_1_292' title='bbox 1029 1637 1048 1667; x_wconf 65' lang='grc' dir='ltr'>ε</span> <span class='ocrx_word' id='word_1_293' title='bbox 1064 1637 1196 1662; x_wconf 64' lang='grc' dir='ltr'>Ααμπου.</span> 
     </span>
     <span class='ocr_line' id='line_1_62' title="bbox 1099 1671 1849 1708; baseline 0.003 -10"><span class='ocrx_word' id='word_1_294' title='bbox 1099 1671 1157 1704; x_wconf 81' lang='grc' dir='ltr'>κς’.</span> <span class='ocrx_word' id='word_1_295' title='bbox 1178 1671 1210 1699; x_wconf 85' lang='lat' dir='ltr'>&#39;H</span> <span class='ocrx_word' id='word_1_296' title='bbox 1226 1672 1393 1708; x_wconf 79' lang='grc' dir='ltr'>μετάστασις</span> <span class='ocrx_word' id='word_1_297' title='bbox 1406 1673 1452 1700; x_wconf 78' lang='grc' dir='ltr'>τοῦ</span> <span class='ocrx_word' id='word_1_298' title='bbox 1479 1674 1558 1708; x_wconf 84' lang='grc' dir='ltr'>ἁγίου</span> <span class='ocrx_word' id='word_1_299' title='bbox 1580 1673 1703 1702; x_wconf 77' lang='grc' dir='ltr'>Ἰωάννου</span> <span class='ocrx_word' id='word_1_300' title='bbox 1720 1674 1768 1701; x_wconf 83' lang='grc' dir='ltr'>τοῦ</span> <span class='ocrx_word' id='word_1_301' title='bbox 1785 1674 1849 1700; x_wconf 76' lang='grc' dir='ltr'>Θεο-</span> 
     </span>
    </p>
   </div>
   <div class='ocr_carea' id='block_1_62' title="bbox 1063 1716 1155 1750">
    <p class='ocr_par' dir='ltr' id='par_1_62' title="bbox 1063 1716 1155 1750">
     <span class='ocr_line' id='line_1_63' title="bbox 1063 1716 1155 1750; baseline 0.011 -7"><span class='ocrx_word' id='word_1_302' title='bbox 1063 1716 1155 1750; x_wconf 82' lang='grc' dir='ltr'>λόγου.</span> 
     </span>
    </p>
   </div>
   <div class='ocr_carea' id='block_1_63' title="bbox 256 1755 1076 1802">
    <p class='ocr_par' dir='ltr' id='par_1_63' title="bbox 256 1755 581 1784">
     <span class='ocr_line' id='line_1_64' title="bbox 256 1755 581 1784; baseline -0.003 -1"><span class='ocrx_word' id='word_1_303' title='bbox 256 1756 302 1784; x_wconf 73' lang='lat'>27.</span> <span class='ocrx_word' id='word_1_304' title='bbox 317 1755 409 1783; x_wconf 81' lang='lat' dir='ltr'><strong>Sancti</strong></span> <span class='ocrx_word' id='word_1_305' title='bbox 421 1756 581 1783; x_wconf 86' lang='lat' dir='ltr'><strong>Callistrati.</strong></span> 
     </span>
    </p>
   </div>
   <div class='ocr_carea' id='block_1_64' title="bbox 714 1755 1534 1802">
    <p class='ocr_par' dir='ltr' id='par_1_64' title="bbox 1099 1763 1534 1802">
     <span class='ocr_line' id='line_1_65' title="bbox 1099 1763 1534 1802; baseline 0.009 -12"><span class='ocrx_word' id='word_1_306' title='bbox 1099 1763 1150 1796; x_wconf 67' lang='grc' dir='ltr'>κζ’.</span> <span class='ocrx_word' id='word_1_307' title='bbox 1163 1764 1216 1790; x_wconf 87' lang='grc' dir='ltr'>Τοῦ</span> <span class='ocrx_word' id='word_1_308' title='bbox 1227 1764 1306 1799; x_wconf 86' lang='grc' dir='ltr'>ἁγίου</span> <span class='ocrx_word' id='word_1_309' title='bbox 1316 1765 1534 1802; x_wconf 79' lang='grc' dir='ltr'>Καλλιστράτου.</span> 
     </span>
    </p>
   </div>
   <div class='ocr_carea' id='block_1_65' title="bbox 255 1801 1075 1847">
    <p class='ocr_par' dir='ltr' id='par_1_65' title="bbox 255 1801 578 1830">
     <span class='ocr_line' id='line_1_66' title="bbox 255 1801 578 1830; baseline -0.003 0"><span class='ocrx_word' id='word_1_310' title='bbox 255 1802 302 1830; x_wconf 59' lang='grc' dir='ltr'>εδ.</span> <span class='ocrx_word' id='word_1_311' title='bbox 319 1802 393 1829; x_wconf 73' lang='lat' dir='ltr'><strong>Beati</strong></span> <span class='ocrx_word' id='word_1_312' title='bbox 408 1801 578 1830; x_wconf 83' lang='lat' dir='ltr'><strong>Charitonis.</strong></span> 
     </span>
    </p>
   </div>
   <div class='ocr_carea' id='block_1_66' title="bbox 677 1801 1497 1847">
    <p class='ocr_par' dir='ltr' id='par_1_66' title="bbox 1098 1809 1497 1847">
     <span class='ocr_line' id='line_1_67' title="bbox 1098 1809 1497 1847; baseline 0.01 -12"><span class='ocrx_word' id='word_1_313' title='bbox 1098 1812 1153 1844; x_wconf 82' lang='grc' dir='ltr'>κη’.</span> <span class='ocrx_word' id='word_1_314' title='bbox 1169 1809 1223 1836; x_wconf 89' lang='grc' dir='ltr'>Τοῦ</span> <span class='ocrx_word' id='word_1_315' title='bbox 1241 1811 1315 1837; x_wconf 77' lang='grc' dir='ltr'>ὁσίου</span> <span class='ocrx_word' id='word_1_316' title='bbox 1332 1811 1497 1847; x_wconf 83' lang='grc' dir='ltr'>Χαρίτωνος.</span> 
     </span>
    </p>
   </div>
   <div class='ocr_carea' id='block_1_67' title="bbox 255 1847 1075 1891">
    <p class='ocr_par' dir='ltr' id='par_1_67' title="bbox 255 1847 526 1882">
     <span class='ocr_line' id='line_1_68' title="bbox 255 1847 526 1882; baseline -0.004 -8"><span class='ocrx_word' id='word_1_317' title='bbox 255 1847 303 1875; x_wconf 79' lang='lat'>‘29.</span> <span class='ocrx_word' id='word_1_318' title='bbox 319 1847 393 1874; x_wconf 84' lang='lat' dir='ltr'><strong>Beati</strong></span> <span class='ocrx_word' id='word_1_319' title='bbox 407 1847 526 1882; x_wconf 86' lang='lat' dir='ltr'><strong>Cyriaci.</strong></span> 
     </span>
    </p>
   </div>
   <div class='ocr_carea' id='block_1_68' title="bbox 651 1847 1471 1891">
    <p class='ocr_par' dir='ltr' id='par_1_68' title="bbox 1098 1853 1471 1891">
     <span class='ocr_line' id='line_1_69' title="bbox 1098 1853 1471 1891; baseline 0.008 -11"><span class='ocrx_word' id='word_1_320' title='bbox 1098 1853 1149 1880; x_wconf 85' lang='grc' dir='ltr'>κο’.</span> <span class='ocrx_word' id='word_1_321' title='bbox 1164 1854 1217 1880; x_wconf 85' lang='grc' dir='ltr'>Τοῦ</span> <span class='ocrx_word' id='word_1_322' title='bbox 1230 1855 1304 1881; x_wconf 82' lang='grc' dir='ltr'>ὁσίου</span> <span class='ocrx_word' id='word_1_323' title='bbox 1321 1856 1471 1891; x_wconf 76' lang='grc' dir='ltr'>Κυριακοῦ.</span> 
     </span>
    </p>
   </div>
   <div class='ocr_carea' id='block_1_69' title="bbox 187 1886 1007 1940">
    <p class='ocr_par' dir='ltr' id='par_1_69' title="bbox 187 1886 835 1928">
     <span class='ocr_line' id='line_1_70' title="bbox 187 1886 835 1928; baseline 0 -8"><span class='ocrx_word' id='word_1_324' title='bbox 187 1886 196 1892; x_wconf 70' lang='grc'><em>’</em></span> <span class='ocrx_word' id='word_1_325' title='bbox 257 1893 301 1920; x_wconf 74' lang='lat'>30.</span> <span class='ocrx_word' id='word_1_326' title='bbox 317 1893 409 1921; x_wconf 78' lang='lat' dir='ltr'><strong>Sancti</strong></span> <span class='ocrx_word' id='word_1_327' title='bbox 425 1892 550 1928; x_wconf 74' lang='lat' dir='ltr'><strong>Gregorii</strong></span> <span class='ocrx_word' id='word_1_328' title='bbox 568 1899 673 1928; x_wconf 74' lang='lat' dir='ltr'><strong>magnae</strong></span> <span class='ocrx_word' id='word_1_329' title='bbox 687 1891 835 1920; x_wconf 63' lang='lat' dir='ltr'><strong>Armeniae.</strong></span> 
     </span>
    </p>
   </div>
   <div class='ocr_carea' id='block_1_70' title="bbox 1028 1886 1848 1940">
    <p class='ocr_par' dir='ltr' id='par_1_70' title="bbox 1098 1886 1848 1940">
     <span class='ocr_line' id='line_1_71' title="bbox 1098 1886 1848 1940; baseline 0.007 -14"><span class='ocrx_word' id='word_1_330' title='bbox 1098 1897 1131 1927; x_wconf 87' lang='grc' dir='ltr'>λ’.</span> <span class='ocrx_word' id='word_1_331' title='bbox 1150 1899 1204 1926; x_wconf 87' lang='grc' dir='ltr'>Τοῦ</span> <span class='ocrx_word' id='word_1_332' title='bbox 1217 1901 1296 1935; x_wconf 86' lang='grc' dir='ltr'>ἁγίου</span> <span class='ocrx_word' id='word_1_333' title='bbox 1313 1886 1466 1938; x_wconf 44' lang='grc' dir='ltr'>ΓρηΙγορίου</span> <span class='ocrx_word' id='word_1_334' title='bbox 1480 1902 1530 1938; x_wconf 78' lang='grc' dir='ltr'>τῆς</span> <span class='ocrx_word' id='word_1_335' title='bbox 1550 1903 1672 1940; x_wconf 82' lang='grc' dir='ltr'>μεγάλης</span> <span class='ocrx_word' id='word_1_336' title='bbox 1691 1904 1848 1940; x_wconf 81' lang='grc' dir='ltr'>Ἀρμενίας.</span> 
     </span>
    </p>
   </div>
   <div class='ocr_carea' id='block_1_71' title="bbox 453 1954 1273 1994">
    <p class='ocr_par' dir='ltr' id='par_1_71' title="bbox 453 1954 783 1983">
     <span class='ocr_line' id='line_1_72' title="bbox 453 1954 783 1983; baseline 0.003 -1"><span class='ocrx_word' id='word_1_337' title='bbox 453 1955 579 1983; x_wconf 73' lang='lat' dir='ltr'><strong>HENSIS</strong></span> <span class='ocrx_word' id='word_1_338' title='bbox 613 1954 783 1983; x_wconf 79' lang='lat' dir='ltr'>OCTOBER.</span> 
     </span>
    </p>
   </div>
   <div class='ocr_carea' id='block_1_72' title="bbox 784 1954 1604 1994">
    <p class='ocr_par' dir='ltr' id='par_1_72' title="bbox 1312 1965 1604 1994">
     <span class='ocr_line' id='line_1_73' title="bbox 1312 1965 1604 1994; baseline 0.01 -3"><span class='ocrx_word' id='word_1_339' title='bbox 1312 1965 1392 1992; x_wconf 85' lang='lat' dir='ltr'>MHN</span> <span class='ocrx_word' id='word_1_340' title='bbox 1401 1965 1604 1994; x_wconf 79' lang='grc' dir='ltr'>ΟΚΤΩΒΡΙΟΣ.</span> 
     </span>
    </p>
   </div>
   <div class='ocr_carea' id='block_1_73' title="bbox 258 2019 1078 2062">
    <p class='ocr_par' dir='ltr' id='par_1_73' title="bbox 258 2019 667 2054">
     <span class='ocr_line' id='line_1_74' title="bbox 258 2019 667 2054; baseline 0 -7"><span class='ocrx_word' id='word_1_341' title='bbox 258 2019 285 2049; x_wconf 75' lang='grc' dir='ltr'>ί.</span> <span class='ocrx_word' id='word_1_342' title='bbox 303 2019 396 2047; x_wconf 78' lang='lat' dir='ltr'><strong>Sancti</strong></span> <span class='ocrx_word' id='word_1_343' title='bbox 413 2019 528 2054; x_wconf 81' lang='lat' dir='ltr'><strong>apostoli</strong></span> <span class='ocrx_word' id='word_1_344' title='bbox 542 2019 667 2047; x_wconf 71' lang='lat' dir='ltr'><strong>Ananiae.</strong></span> 
     </span>
    </p>
   </div>
   <div class='ocr_carea' id='block_1_74' title="bbox 799 2019 1619 2062">
    <p class='ocr_par' dir='ltr' id='par_1_74' title="bbox 1097 2027 1619 2062">
     <span class='ocr_line' id='line_1_75' title="bbox 1097 2027 1619 2062; baseline 0.002 -6"><span class='ocrx_word' id='word_1_345' title='bbox 1097 2027 1132 2056; x_wconf 73' lang='grc' dir='ltr'>σι’.</span> <span class='ocrx_word' id='word_1_346' title='bbox 1149 2028 1202 2055; x_wconf 90' lang='grc' dir='ltr'>Τοῦ</span> <span class='ocrx_word' id='word_1_347' title='bbox 1216 2029 1295 2062; x_wconf 84' lang='grc' dir='ltr'>ἁγίου</span> <span class='ocrx_word' id='word_1_348' title='bbox 1311 2029 1462 2057; x_wconf 82' lang='grc' dir='ltr'>ἀποστόλου</span> <span class='ocrx_word' id='word_1_349' title='bbox 1484 2030 1619 2058; x_wconf 80' lang='grc' dir='ltr'>Ἀνανίου.</span> 
     </span>
    </p>
   </div>
   <div class='ocr_carea' id='block_1_75' title="bbox 256 2065 1076 2113">
    <p class='ocr_par' dir='ltr' id='par_1_75' title="bbox 256 2065 913 2098">
     <span class='ocr_line' id='line_1_76' title="bbox 256 2065 913 2098; baseline 0.003 -6"><span class='ocrx_word' id='word_1_350' title='bbox 256 2080 293 2085; x_wconf 91' lang='lat'><strong><em>—</em></strong></span> <span class='ocrx_word' id='word_1_351' title='bbox 306 2065 406 2092; x_wconf 81' lang='lat' dir='ltr'><strong>Eadem</strong></span> <span class='ocrx_word' id='word_1_352' title='bbox 424 2066 469 2092; x_wconf 84' lang='lat' dir='ltr'>die</span> <span class='ocrx_word' id='word_1_353' title='bbox 484 2066 571 2093; x_wconf 78' lang='lat' dir='ltr'><strong>sancti</strong></span> <span class='ocrx_word' id='word_1_354' title='bbox 589 2065 727 2098; x_wconf 83' lang='lat' dir='ltr'><strong>Domnini,</strong></span> <span class='ocrx_word' id='word_1_355' title='bbox 743 2072 771 2093; x_wconf 90' lang='lat' dir='ltr'>ct</span> <span class='ocrx_word' id='word_1_356' title='bbox 785 2066 913 2094; x_wconf 76' lang='lat' dir='ltr'><strong>Romani.</strong></span> 
     </span>
    </p>
   </div>
   <div class='ocr_carea' id='block_1_76' title="bbox 1006 2065 1826 2113">
    <p class='ocr_par' dir='ltr' id='par_1_76' title="bbox 1097 2074 1826 2113">
     <span class='ocr_line' id='line_1_77' title="bbox 1097 2074 1826 2113; baseline 0.005 -12"><span class='ocrx_word' id='word_1_357' title='bbox 1097 2089 1132 2094; x_wconf 95' lang='lat'><em>—</em></span> <span class='ocrx_word' id='word_1_358' title='bbox 1150 2074 1189 2110; x_wconf 80' lang='grc' dir='ltr'>Τῇ</span> <span class='ocrx_word' id='word_1_359' title='bbox 1202 2076 1282 2111; x_wconf 81' lang='grc' dir='ltr'>αὐτῇ.</span> <span class='ocrx_word' id='word_1_360' title='bbox 1297 2075 1350 2102; x_wconf 87' lang='grc' dir='ltr'>Τοῦ</span> <span class='ocrx_word' id='word_1_361' title='bbox 1367 2076 1443 2110; x_wconf 86' lang='grc' dir='ltr'>ἁγίου</span> <span class='ocrx_word' id='word_1_362' title='bbox 1459 2076 1588 2112; x_wconf 85' lang='grc' dir='ltr'>Δομνίνου</span> <span class='ocrx_word' id='word_1_363' title='bbox 1603 2078 1650 2104; x_wconf 85' lang='grc' dir='ltr'>καὶ</span> <span class='ocrx_word' id='word_1_364' title='bbox 1673 2076 1826 2113; x_wconf 82' lang='grc' dir='ltr'>Ῥωμανοῦ.</span> 
     </span>
    </p>
   </div>
   <div class='ocr_carea' id='block_1_77' title="bbox 256 2110 1720 2159">
    <p class='ocr_par' dir='ltr' id='par_1_77' title="bbox 256 2110 1720 2159">
     <span class='ocr_line' id='line_1_78' title="bbox 256 2110 1720 2159; baseline 0.003 -14"><span class='ocrx_word' id='word_1_365' title='bbox 256 2111 285 2138; x_wconf 58' lang='lat'><strong>2-</strong></span> <span class='ocrx_word' id='word_1_366' title='bbox 303 2111 396 2159; x_wconf 60' lang='lat' dir='ltr'>sane&quot;</span> <span class='ocrx_word' id='word_1_367' title='bbox 415 2110 545 2146; x_wconf 66' lang='grc' dir='ltr'>εἲίπίίηιί</span> <span class='ocrx_word' id='word_1_368' title='bbox 566 2115 594 2138; x_wconf 69' lang='grc' dir='ltr'>οι</span> <span class='ocrx_word' id='word_1_369' title='bbox 608 2110 736 2139; x_wconf 61' lang='grc' dir='ltr'>³υδίί¹¹³εο</span> <span class='ocrx_word' id='word_1_370' title='bbox 1099 2120 1131 2156; x_wconf 84' lang='grc' dir='ltr'>β’.</span> <span class='ocrx_word' id='word_1_371' title='bbox 1150 2122 1202 2148; x_wconf 85' lang='grc' dir='ltr'>Τοῦ</span> <span class='ocrx_word' id='word_1_372' title='bbox 1216 2110 1294 2156; x_wconf 84' lang='grc' dir='ltr'>ἁγίου</span> <span class='ocrx_word' id='word_1_373' title='bbox 1306 2122 1465 2157; x_wconf 78' lang='grc' dir='ltr'>Κυπριανοῦ</span> <span class='ocrx_word' id='word_1_374' title='bbox 1494 2110 1541 2150; x_wconf 75' lang='grc' dir='ltr'>καὶ</span> <span class='ocrx_word' id='word_1_375' title='bbox 1561 2123 1720 2159; x_wconf 87' lang='grc' dir='ltr'>Ἰουστίνης.</span> 
     </span>
    </p>
   </div>
   <div class='ocr_carea' id='block_1_78' title="bbox 257 2158 1077 2201">
    <p class='ocr_par' dir='ltr' id='par_1_78' title="bbox 257 2158 539 2195">
     <span class='ocr_line' id='line_1_79' title="bbox 257 2158 539 2195; baseline 0.004 -9"><span class='ocrx_word' id='word_1_376' title='bbox 257 2158 283 2186; x_wconf 77' lang='lat'><strong>3.</strong></span> <span class='ocrx_word' id='word_1_377' title='bbox 298 2158 390 2187; x_wconf 86' lang='lat' dir='ltr'><strong>Sancti</strong></span> <span class='ocrx_word' id='word_1_378' title='bbox 408 2159 539 2195; x_wconf 88' lang='lat' dir='ltr'><strong>Dionysii.</strong></span> 
     </span>
    </p>
   </div>
   <div class='ocr_carea' id='block_1_79' title="bbox 641 2158 1461 2201">
    <p class='ocr_par' dir='ltr' id='par_1_79' title="bbox 1099 2167 1461 2201">
     <span class='ocr_line' id='line_1_80' title="bbox 1099 2167 1461 2201; baseline 0.003 -7"><span class='ocrx_word' id='word_1_379' title='bbox 1099 2169 1133 2200; x_wconf 88' lang='grc' dir='ltr'>γ’.</span> <span class='ocrx_word' id='word_1_380' title='bbox 1145 2167 1198 2194; x_wconf 83' lang='grc' dir='ltr'>Τοῦ</span> <span class='ocrx_word' id='word_1_381' title='bbox 1215 2168 1292 2201; x_wconf 87' lang='grc' dir='ltr'>ἁγίου</span> <span class='ocrx_word' id='word_1_382' title='bbox 1308 2169 1461 2195; x_wconf 84' lang='grc' dir='ltr'>Διονυσίου.</span> 
     </span>
    </p>
   </div>
   <div class='ocr_carea' id='block_1_80' title="bbox 256 2204 1076 2250">
    <p class='ocr_par' dir='ltr' id='par_1_80' title="bbox 256 2204 675 2240">
     <span class='ocr_line' id='line_1_81' title="bbox 256 2204 675 2240; baseline 0.005 -8"><span class='ocrx_word' id='word_1_383' title='bbox 256 2204 284 2232; x_wconf 73' lang='grc'>4.</span> <span class='ocrx_word' id='word_1_384' title='bbox 302 2204 395 2233; x_wconf 87' lang='lat' dir='ltr'><strong>Sancti</strong></span> <span class='ocrx_word' id='word_1_385' title='bbox 414 2205 530 2240; x_wconf 87' lang='lat' dir='ltr'><strong>apostoli</strong></span> <span class='ocrx_word' id='word_1_386' title='bbox 544 2204 675 2234; x_wconf 77' lang='lat' dir='ltr'><strong>Jcrothci.</strong></span> 
     </span>
    </p>
   </div>
   <div class='ocr_carea' id='block_1_81' title="bbox 796 2204 1616 2250">
    <p class='ocr_par' dir='ltr' id='par_1_81' title="bbox 1098 2211 1616 2250">
     <span class='ocr_line' id='line_1_82' title="bbox 1098 2211 1616 2250; baseline 0.006 -11"><span class='ocrx_word' id='word_1_387' title='bbox 1098 2211 1129 2241; x_wconf 88' lang='grc' dir='ltr'>δ’.</span> <span class='ocrx_word' id='word_1_388' title='bbox 1146 2213 1199 2240; x_wconf 89' lang='grc' dir='ltr'>Τοῦ</span> <span class='ocrx_word' id='word_1_389' title='bbox 1212 2213 1290 2247; x_wconf 89' lang='grc' dir='ltr'>ἁγίου</span> <span class='ocrx_word' id='word_1_390' title='bbox 1301 2214 1452 2241; x_wconf 77' lang='grc' dir='ltr'>ἀποστόλου</span> <span class='ocrx_word' id='word_1_391' title='bbox 1473 2214 1616 2250; x_wconf 83' lang='grc' dir='ltr'>Ἰεροθέου.</span> 
     </span>
    </p>
   </div>
   <div class='ocr_carea' id='block_1_82' title="bbox 257 2250 1077 2295">
    <p class='ocr_par' dir='ltr' id='par_1_82' title="bbox 257 2250 580 2278">
     <span class='ocr_line' id='line_1_83' title="bbox 257 2250 580 2278; baseline 0 0"><span class='ocrx_word' id='word_1_392' title='bbox 257 2250 284 2278; x_wconf 86' lang='grc'>5.</span> <span class='ocrx_word' id='word_1_393' title='bbox 300 2250 409 2278; x_wconf 68' lang='lat' dir='ltr'><strong>Sancta:</strong></span> <span class='ocrx_word' id='word_1_394' title='bbox 423 2251 580 2278; x_wconf 65' lang='lat' dir='ltr'><strong>Charilinar.</strong></span> 
     </span>
    </p>
   </div>
   <div class='ocr_carea' id='block_1_83' title="bbox 647 2250 1467 2295">
    <p class='ocr_par' dir='ltr' id='par_1_83' title="bbox 1099 2258 1467 2295">
     <span class='ocr_line' id='line_1_84' title="bbox 1099 2258 1467 2295; baseline 0.003 -9"><span class='ocrx_word' id='word_1_395' title='bbox 1099 2258 1129 2286; x_wconf 78' lang='grc' dir='ltr'>ε’.</span> <span class='ocrx_word' id='word_1_396' title='bbox 1144 2260 1201 2293; x_wconf 84' lang='grc' dir='ltr'>Τῆς</span> <span class='ocrx_word' id='word_1_397' title='bbox 1213 2259 1295 2293; x_wconf 87' lang='grc' dir='ltr'>ἁγίας</span> <span class='ocrx_word' id='word_1_398' title='bbox 1308 2259 1467 2295; x_wconf 85' lang='grc' dir='ltr'>Χαριτίνης.</span> 
     </span>
    </p>
   </div>
   <div class='ocr_carea' id='block_1_84' title="bbox 259 2296 1079 2340">
    <p class='ocr_par' dir='ltr' id='par_1_84' title="bbox 259 2296 1050 2335">
     <span class='ocr_line' id='line_1_85' title="bbox 259 2296 1050 2335; baseline 0.001 -10"><span class='ocrx_word' id='word_1_399' title='bbox 259 2296 286 2325; x_wconf 83' lang='grc'>6.</span> <span class='ocrx_word' id='word_1_400' title='bbox 307 2297 399 2325; x_wconf 84' lang='lat' dir='ltr'><strong>Sancti</strong></span> <span class='ocrx_word' id='word_1_401' title='bbox 417 2298 534 2333; x_wconf 86' lang='lat' dir='ltr'><strong>apostoli</strong></span> <span class='ocrx_word' id='word_1_402' title='bbox 548 2297 672 2325; x_wconf 69' lang='lat' dir='ltr'><strong>Titomtc.</strong></span> <span class='ocrx_word' id='word_1_403' title='bbox 1025 2306 1050 2335; x_wconf 78' lang='grc' dir='ltr'>ο</span> 
     </span>
    </p>
   </div>
   <div class='ocr_carea' id='block_1_85' title="bbox 751 2296 1571 2340">
    <p class='ocr_par' dir='ltr' id='par_1_85' title="bbox 1025 2304 1571 2340">
     <span class='ocr_line' id='line_1_86' title="bbox 1025 2304 1571 2340; baseline 0.004 -9"><span class='ocrx_word' id='word_1_404' title='bbox 1025 2306 1050 2335; x_wconf 86' lang='lat' dir='ltr'><strong>D</strong></span> <span class='ocrx_word' id='word_1_405' title='bbox 1098 2304 1135 2337; x_wconf 85' lang='grc' dir='ltr'>ς’.</span> <span class='ocrx_word' id='word_1_406' title='bbox 1150 2305 1204 2332; x_wconf 86' lang='grc' dir='ltr'>Τοῦ</span> <span class='ocrx_word' id='word_1_407' title='bbox 1220 2305 1298 2339; x_wconf 88' lang='grc' dir='ltr'>ἁγίου</span> <span class='ocrx_word' id='word_1_408' title='bbox 1309 2305 1459 2333; x_wconf 76' lang='grc' dir='ltr'>ἀποστόλου</span> <span class='ocrx_word' id='word_1_409' title='bbox 1476 2306 1571 2340; x_wconf 77' lang='grc' dir='ltr'>Θωμᾶ.</span> 
     </span>
    </p>
   </div>
   <div class='ocr_carea' id='block_1_86' title="bbox 257 2342 1077 2387">
    <p class='ocr_par' dir='ltr' id='par_1_86' title="bbox 257 2342 744 2379">
     <span class='ocr_line' id='line_1_87' title="bbox 257 2342 744 2379; baseline 0.006 -10"><span class='ocrx_word' id='word_1_410' title='bbox 257 2342 285 2370; x_wconf 82' lang='lat'><strong>7.</strong></span> <span class='ocrx_word' id='word_1_411' title='bbox 302 2342 465 2370; x_wconf 89' lang='lat' dir='ltr'><strong>Sanctorum</strong></span> <span class='ocrx_word' id='word_1_412' title='bbox 486 2343 573 2379; x_wconf 75' lang='lat' dir='ltr'><strong>Sergii</strong></span> <span class='ocrx_word' id='word_1_413' title='bbox 593 2349 620 2371; x_wconf 89' lang='lat' dir='ltr'>ct</span> <span class='ocrx_word' id='word_1_414' title='bbox 635 2344 744 2372; x_wconf 83' lang='lat' dir='ltr'><strong>Bacchi.</strong></span> 
     </span>
    </p>
   </div>
   <div class='ocr_carea' id='block_1_87' title="bbox 803 2342 1623 2387">
    <p class='ocr_par' dir='ltr' id='par_1_87' title="bbox 1098 2350 1623 2387">
     <span class='ocr_line' id='line_1_88' title="bbox 1098 2350 1623 2387; baseline 0 -9"><span class='ocrx_word' id='word_1_415' title='bbox 1098 2350 1131 2383; x_wconf 79' lang='grc' dir='ltr'>ζ’.</span> <span class='ocrx_word' id='word_1_416' title='bbox 1147 2351 1207 2377; x_wconf 85' lang='grc' dir='ltr'>Τῶν</span> <span class='ocrx_word' id='word_1_417' title='bbox 1217 2351 1304 2385; x_wconf 87' lang='grc' dir='ltr'>ἁγίων</span> <span class='ocrx_word' id='word_1_418' title='bbox 1317 2351 1431 2387; x_wconf 85' lang='grc' dir='ltr'>Σεργίου</span> <span class='ocrx_word' id='word_1_419' title='bbox 1443 2351 1490 2378; x_wconf 78' lang='grc' dir='ltr'>καὶ</span> <span class='ocrx_word' id='word_1_420' title='bbox 1506 2351 1623 2387; x_wconf 78' lang='grc' dir='ltr'>Βάκχου.</span> 
     </span>
    </p>
   </div>
   <div class='ocr_carea' id='block_1_88' title="bbox 258 2388 1078 2430">
    <p class='ocr_par' dir='ltr' id='par_1_88' title="bbox 258 2388 529 2425">
     <span class='ocr_line' id='line_1_89' title="bbox 258 2388 529 2425; baseline 0.004 -9"><span class='ocrx_word' id='word_1_421' title='bbox 258 2390 285 2417; x_wconf 90' lang='grc'>8.</span> <span class='ocrx_word' id='word_1_422' title='bbox 301 2388 390 2416; x_wconf 72' lang='lat' dir='ltr'><strong>Beata:</strong></span> <span class='ocrx_word' id='word_1_423' title='bbox 403 2389 529 2425; x_wconf 59' lang='lat' dir='ltr'><strong>Pelagia.</strong></span> 
     </span>
    </p>
   </div>
   <div class='ocr_carea' id='block_1_89' title="bbox 637 2388 1457 2430">
    <p class='ocr_par' dir='ltr' id='par_1_89' title="bbox 1097 2394 1457 2430">
     <span class='ocr_line' id='line_1_90' title="bbox 1097 2394 1457 2430; baseline 0.003 -8"><span class='ocrx_word' id='word_1_424' title='bbox 1097 2397 1134 2429; x_wconf 82' lang='grc' dir='ltr'>η’.</span> <span class='ocrx_word' id='word_1_425' title='bbox 1151 2395 1207 2429; x_wconf 84' lang='grc' dir='ltr'>Τῆς</span> <span class='ocrx_word' id='word_1_426' title='bbox 1220 2394 1296 2427; x_wconf 80' lang='grc' dir='ltr'>ὁσίας</span> <span class='ocrx_word' id='word_1_427' title='bbox 1312 2395 1457 2430; x_wconf 83' lang='grc' dir='ltr'>Πελαγίας.</span> 
     </span>
    </p>
   </div>
   <div class='ocr_carea' id='block_1_90' title="bbox 258 2433 1078 2480">
    <p class='ocr_par' dir='ltr' id='par_1_90' title="bbox 258 2433 767 2472">
     <span class='ocr_line' id='line_1_91' title="bbox 258 2433 767 2472; baseline 0.006 -11"><span class='ocrx_word' id='word_1_428' title='bbox 258 2434 286 2462; x_wconf 84' lang='grc'>9.</span> <span class='ocrx_word' id='word_1_429' title='bbox 303 2433 395 2462; x_wconf 83' lang='lat' dir='ltr'><strong>Sancti</strong></span> <span class='ocrx_word' id='word_1_430' title='bbox 413 2435 528 2470; x_wconf 84' lang='lat' dir='ltr'><strong>apostoli</strong></span> <span class='ocrx_word' id='word_1_431' title='bbox 541 2434 637 2464; x_wconf 82' lang='lat' dir='ltr'><strong>Jacobi</strong></span> <span class='ocrx_word' id='word_1_432' title='bbox 653 2435 767 2472; x_wconf 62' lang='lat' dir='ltr'><strong>Alpinaei.</strong></span> 
     </span>
    </p>
   </div>
   <div class='ocr_carea' id='block_1_91' title="bbox 1026 2433 1846 2480">
    <p class='ocr_par' dir='ltr' id='par_1_91' title="bbox 1098 2440 1846 2480">
     <span class='ocr_line' id='line_1_92' title="bbox 1098 2440 1846 2480; baseline 0.003 -14"><span class='ocrx_word' id='word_1_433' title='bbox 1098 2440 1131 2466; x_wconf 89' lang='lat'><strong>0’.</strong></span> <span class='ocrx_word' id='word_1_434' title='bbox 1143 2441 1196 2466; x_wconf 85' lang='grc' dir='ltr'>Τοῦ</span> <span class='ocrx_word' id='word_1_435' title='bbox 1213 2440 1291 2475; x_wconf 83' lang='grc' dir='ltr'>ἁγίου</span> <span class='ocrx_word' id='word_1_436' title='bbox 1311 2440 1461 2467; x_wconf 80' lang='grc' dir='ltr'>ἀποστόλου</span> <span class='ocrx_word' id='word_1_437' title='bbox 1482 2440 1613 2468; x_wconf 78' lang='grc' dir='ltr'>Ίακώὃου</span> <span class='ocrx_word' id='word_1_438' title='bbox 1637 2440 1685 2467; x_wconf 85' lang='grc' dir='ltr'>τοῦ</span> <span class='ocrx_word' id='word_1_439' title='bbox 1705 2440 1846 2480; x_wconf 60' lang='grc' dir='ltr'>’Δλφαίτω</span> 
     </span>
    </p>
   </div>
   <div class='ocr_carea' id='block_1_92' title="bbox 258 2481 1078 2523">
    <p class='ocr_par' dir='ltr' id='par_1_92' title="bbox 258 2481 1010 2523">
     <span class='ocr_line' id='line_1_93' title="bbox 258 2481 1010 2523; baseline 0.003 -14"><span class='ocrx_word' id='word_1_440' title='bbox 258 2481 303 2509; x_wconf 76' lang='grc'>10.</span> <span class='ocrx_word' id='word_1_441' title='bbox 326 2481 489 2510; x_wconf 88' lang='lat' dir='ltr'><strong>Sanctorum</strong></span> <span class='ocrx_word' id='word_1_442' title='bbox 514 2485 665 2523; x_wconf 81' lang='lat' dir='ltr'><strong>martyrum</strong></span> <span class='ocrx_word' id='word_1_443' title='bbox 690 2482 823 2519; x_wconf 86' lang='lat' dir='ltr'><strong>Eulampii</strong></span> <span class='ocrx_word' id='word_1_444' title='bbox 846 2488 874 2511; x_wconf 89' lang='lat' dir='ltr'>et</span> <span class='ocrx_word' id='word_1_445' title='bbox 899 2484 1010 2511; x_wconf 84' lang='lat' dir='ltr'><strong>Eulam-</strong></span> 
     </span>
    </p>
   </div>
   <div class='ocr_carea' id='block_1_93' title="bbox 1025 2481 1845 2523">
    <p class='ocr_par' dir='ltr' id='par_1_93' title="bbox 1098 2486 1845 2522">
     <span class='ocr_line' id='line_1_94' title="bbox 1098 2486 1845 2522; baseline 0.001 -10"><span class='ocrx_word' id='word_1_446' title='bbox 1098 2489 1123 2514; x_wconf 89' lang='grc' dir='ltr'>ι’.</span> <span class='ocrx_word' id='word_1_447' title='bbox 1137 2486 1196 2513; x_wconf 86' lang='grc' dir='ltr'>Τῶν</span> <span class='ocrx_word' id='word_1_448' title='bbox 1215 2487 1301 2521; x_wconf 84' lang='grc' dir='ltr'>ἁγίων</span> <span class='ocrx_word' id='word_1_449' title='bbox 1317 2486 1466 2522; x_wconf 83' lang='grc' dir='ltr'>μαρτύρων</span> <span class='ocrx_word' id='word_1_450' title='bbox 1490 2486 1651 2522; x_wconf 85' lang='grc' dir='ltr'>Εὑλαμπίου</span> <span class='ocrx_word' id='word_1_451' title='bbox 1673 2486 1720 2513; x_wconf 75' lang='grc' dir='ltr'>καὶ</span> <span class='ocrx_word' id='word_1_452' title='bbox 1736 2486 1845 2522; x_wconf 85' lang='grc' dir='ltr'>Εὑλαμ-</span> 
     </span>
    </p>
   </div>
   <div class='ocr_carea' id='block_1_94' title="bbox 222 2527 1138 2564">
    <p class='ocr_par' dir='ltr' id='par_1_94' title="bbox 222 2527 1138 2564">
     <span class='ocr_line' id='line_1_95' title="bbox 222 2527 1138 2564; baseline -0.005 -1"><span class='ocrx_word' id='word_1_453' title='bbox 222 2527 285 2563; x_wconf 61' lang='grc' dir='ltr'>βίω·</span> <span class='ocrx_word' id='word_1_454' title='bbox 1062 2532 1138 2564; x_wconf 84' lang='grc' dir='ltr'>πίας.</span> 
     </span>
    </p>
   </div>
   <div class='ocr_carea' id='block_1_95' title="bbox 258 2572 1078 2613">
    <p class='ocr_par' dir='ltr' id='par_1_95' title="bbox 258 2572 746 2609">
     <span class='ocr_line' id='line_1_96' title="bbox 258 2572 746 2609; baseline 0.004 -9"><span class='ocrx_word' id='word_1_455' title='bbox 258 2574 302 2600; x_wconf 86' lang='lat' dir='ltr'>lt.</span> <span class='ocrx_word' id='word_1_456' title='bbox 319 2572 485 2601; x_wconf 76' lang='lat' dir='ltr'><strong>Ortlnodoxia</strong></span> <span class='ocrx_word' id='word_1_457' title='bbox 500 2573 621 2609; x_wconf 64' lang='lat' dir='ltr'><strong>septimae</strong></span> <span class='ocrx_word' id='word_1_458' title='bbox 639 2575 746 2609; x_wconf 86' lang='lat' dir='ltr'><strong>synodi.</strong></span> 
     </span>
    </p>
   </div>
   <div class='ocr_carea' id='block_1_96' title="bbox 754 2572 1574 2613">
    <p class='ocr_par' dir='ltr' id='par_1_96' title="bbox 1098 2576 1574 2613">
     <span class='ocr_line' id='line_1_97' title="bbox 1098 2576 1574 2613; baseline 0.002 -9"><span class='ocrx_word' id='word_1_459' title='bbox 1098 2580 1143 2604; x_wconf 87' lang='grc' dir='ltr'>ια’.</span> <span class='ocrx_word' id='word_1_460' title='bbox 1164 2577 1197 2604; x_wconf 82' lang='grc' dir='ltr'><strong>Ἦ</strong></span> <span class='ocrx_word' id='word_1_461' title='bbox 1211 2577 1350 2613; x_wconf 73' lang='grc' dir='ltr'>όρθοδοξία</span> <span class='ocrx_word' id='word_1_462' title='bbox 1361 2577 1410 2612; x_wconf 87' lang='grc' dir='ltr'>τῆς</span> <span class='ocrx_word' id='word_1_463' title='bbox 1422 2576 1444 2610; x_wconf 76' lang='grc' dir='ltr'><strong>ζ’</strong></span> <span class='ocrx_word' id='word_1_464' title='bbox 1455 2577 1574 2605; x_wconf 85' lang='grc' dir='ltr'>συνόδου.</span> 
     </span>
    </p>
   </div>
   <div class='ocr_carea' id='block_1_97' title="bbox 256 2621 1076 2660">
    <p class='ocr_par' dir='ltr' id='par_1_97' title="bbox 256 2621 849 2660">
     <span class='ocr_line' id='line_1_98' title="bbox 256 2621 849 2660; baseline 0.008 -12"><span class='ocrx_word' id='word_1_465' title='bbox 256 2621 300 2649; x_wconf 72' lang='grc'>12.</span> <span class='ocrx_word' id='word_1_466' title='bbox 317 2622 479 2649; x_wconf 86' lang='lat' dir='ltr'><strong>Sanctorum</strong></span> <span class='ocrx_word' id='word_1_467' title='bbox 492 2622 572 2650; x_wconf 87' lang='lat' dir='ltr'><strong>Prohi</strong></span> <span class='ocrx_word' id='word_1_468' title='bbox 586 2626 612 2650; x_wconf 87' lang='lat' dir='ltr'>et</span> <span class='ocrx_word' id='word_1_469' title='bbox 626 2623 763 2652; x_wconf 82' lang='lat' dir='ltr'><strong>sociorum</strong></span> <span class='ocrx_word' id='word_1_470' title='bbox 779 2623 849 2660; x_wconf 85' lang='lat' dir='ltr'><strong>ejus.</strong></span> 
     </span>
    </p>
   </div>
   <div class='ocr_carea' id='block_1_98' title="bbox 924 2621 1744 2660">
    <p class='ocr_par' dir='ltr' id='par_1_98' title="bbox 1097 2622 1744 2658">
     <span class='ocr_line' id='line_1_99' title="bbox 1097 2622 1744 2658; baseline 0.002 -9"><span class='ocrx_word' id='word_1_471' title='bbox 1097 2622 1141 2658; x_wconf 86' lang='grc' dir='ltr'>ιβ’.</span> <span class='ocrx_word' id='word_1_472' title='bbox 1155 2622 1215 2648; x_wconf 85' lang='grc' dir='ltr'>Τῶν</span> <span class='ocrx_word' id='word_1_473' title='bbox 1233 2622 1318 2656; x_wconf 89' lang='grc' dir='ltr'>ἁγίων</span> <span class='ocrx_word' id='word_1_474' title='bbox 1334 2622 1451 2658; x_wconf 80' lang='grc' dir='ltr'>Πρόὸου,</span> <span class='ocrx_word' id='word_1_475' title='bbox 1468 2623 1515 2650; x_wconf 78' lang='grc' dir='ltr'>καὶ</span> <span class='ocrx_word' id='word_1_476' title='bbox 1530 2623 1586 2650; x_wconf 87' lang='grc' dir='ltr'>τῶν</span> <span class='ocrx_word' id='word_1_477' title='bbox 1601 2623 1650 2650; x_wconf 78' lang='grc' dir='ltr'>σὺν</span> <span class='ocrx_word' id='word_1_478' title='bbox 1660 2623 1744 2658; x_wconf 78' lang='grc' dir='ltr'>αὐτῷ.</span> 
     </span>
    </p>
   </div>
   <div class='ocr_carea' id='block_1_99' title="bbox 257 2667 1077 2704">
    <p class='ocr_par' dir='ltr' id='par_1_99' title="bbox 257 2667 717 2704">
     <span class='ocr_line' id='line_1_100' title="bbox 257 2667 717 2704; baseline 0.002 -9"><span class='ocrx_word' id='word_1_479' title='bbox 257 2667 302 2697; x_wconf 81' lang='grc'>15.</span> <span class='ocrx_word' id='word_1_480' title='bbox 317 2667 478 2698; x_wconf 86' lang='lat' dir='ltr'><strong>Sanctorum</strong></span> <span class='ocrx_word' id='word_1_481' title='bbox 492 2668 571 2702; x_wconf 80' lang='lat' dir='ltr'><strong>Carpi</strong></span> <span class='ocrx_word' id='word_1_482' title='bbox 583 2673 610 2696; x_wconf 83' lang='lat' dir='ltr'>ct</span> <span class='ocrx_word' id='word_1_483' title='bbox 621 2667 717 2704; x_wconf 84' lang='lat' dir='ltr'><strong>Palyli.</strong></span> 
     </span>
    </p>
   </div>
   <div class='ocr_carea' id='block_1_100' title="bbox 846 2667 1666 2704">
    <p class='ocr_par' dir='ltr' id='par_1_100' title="bbox 1096 2667 1666 2703">
     <span class='ocr_line' id='line_1_101' title="bbox 1096 2667 1666 2703; baseline 0 -8"><span class='ocrx_word' id='word_1_484' title='bbox 1096 2668 1141 2703; x_wconf 62' lang='lat' dir='ltr'>vf.</span> <span class='ocrx_word' id='word_1_485' title='bbox 1160 2668 1220 2695; x_wconf 85' lang='grc' dir='ltr'>Τῶν</span> <span class='ocrx_word' id='word_1_486' title='bbox 1235 2668 1321 2700; x_wconf 82' lang='grc' dir='ltr'>ἁγίων</span> <span class='ocrx_word' id='word_1_487' title='bbox 1333 2668 1462 2703; x_wconf 78' lang='grc' dir='ltr'>Κὰρπου,</span> <span class='ocrx_word' id='word_1_488' title='bbox 1473 2669 1521 2694; x_wconf 80' lang='grc' dir='ltr'>καὶ</span> <span class='ocrx_word' id='word_1_489' title='bbox 1530 2667 1666 2696; x_wconf 83' lang='grc' dir='ltr'>Πατὺλου.</span> 
     </span>
    </p>
   </div>
   <div class='ocr_carea' id='block_1_101' title="bbox 258 2713 1078 2753">
    <p class='ocr_par' dir='ltr' id='par_1_101' title="bbox 258 2713 899 2753">
     <span class='ocr_line' id='line_1_102' title="bbox 258 2713 899 2753; baseline 0.006 -13"><span class='ocrx_word' id='word_1_490' title='bbox 258 2713 302 2742; x_wconf 75' lang='grc' dir='ltr'>Η,</span> <span class='ocrx_word' id='word_1_491' title='bbox 319 2715 480 2741; x_wconf 68' lang='lat' dir='ltr'><strong>Sanctorum</strong></span> <span class='ocrx_word' id='word_1_492' title='bbox 496 2713 605 2741; x_wconf 85' lang='lat' dir='ltr'><strong>Nazarii</strong></span> <span class='ocrx_word' id='word_1_493' title='bbox 629 2719 656 2742; x_wconf 88' lang='lat' dir='ltr'>et</span> <span class='ocrx_word' id='word_1_494' title='bbox 673 2715 810 2743; x_wconf 85' lang='lat' dir='ltr'><strong>sociorum</strong></span> <span class='ocrx_word' id='word_1_495' title='bbox 827 2716 899 2753; x_wconf 82' lang='lat' dir='ltr'><strong>ejus.</strong></span> 
     </span>
    </p>
   </div>
   <div class='ocr_carea' id='block_1_102' title="bbox 953 2713 1773 2753">
    <p class='ocr_par' dir='ltr' id='par_1_102' title="bbox 1097 2714 1773 2752">
     <span class='ocr_line' id='line_1_103' title="bbox 1097 2714 1773 2752; baseline 0.003 -10"><span class='ocrx_word' id='word_1_496' title='bbox 1097 2715 1138 2742; x_wconf 86' lang='grc' dir='ltr'>ιδ’.</span> <span class='ocrx_word' id='word_1_497' title='bbox 1153 2714 1214 2741; x_wconf 89' lang='grc' dir='ltr'>Τῶν</span> <span class='ocrx_word' id='word_1_498' title='bbox 1227 2714 1312 2748; x_wconf 82' lang='grc' dir='ltr'>ἁγίων</span> <span class='ocrx_word' id='word_1_499' title='bbox 1327 2714 1476 2751; x_wconf 79' lang='grc' dir='ltr'>Ναζαρίου,</span> <span class='ocrx_word' id='word_1_500' title='bbox 1492 2715 1539 2741; x_wconf 84' lang='grc' dir='ltr'>καὶ</span> <span class='ocrx_word' id='word_1_501' title='bbox 1557 2715 1612 2742; x_wconf 89' lang='grc' dir='ltr'>τῶν</span> <span class='ocrx_word' id='word_1_502' title='bbox 1629 2716 1677 2742; x_wconf 68' lang='grc' dir='ltr'>σὺν</span> <span class='ocrx_word' id='word_1_503' title='bbox 1689 2715 1773 2752; x_wconf 80' lang='grc' dir='ltr'>αὐτῷ.</span> 
     </span>
    </p>
   </div>
   <div class='ocr_carea' id='block_1_103' title="bbox 258 2759 1078 2796">
    <p class='ocr_par' dir='ltr' id='par_1_103' title="bbox 258 2759 686 2796">
     <span class='ocr_line' id='line_1_104' title="bbox 258 2759 686 2796; baseline 0.002 -9"><span class='ocrx_word' id='word_1_504' title='bbox 258 2760 302 2788; x_wconf 81' lang='lat' dir='ltr'><strong>l5.</strong></span> <span class='ocrx_word' id='word_1_505' title='bbox 318 2759 410 2788; x_wconf 81' lang='lat' dir='ltr'><strong>Sancti</strong></span> <span class='ocrx_word' id='word_1_506' title='bbox 425 2761 551 2796; x_wconf 88' lang='lat' dir='ltr'><strong>martyris</strong></span> <span class='ocrx_word' id='word_1_507' title='bbox 564 2759 686 2789; x_wconf 85' lang='lat' dir='ltr'><strong>Luciani.</strong></span> 
     </span>
    </p>
   </div>
   <div class='ocr_carea' id='block_1_104' title="bbox 815 2759 1635 2796">
    <p class='ocr_par' dir='ltr' id='par_1_104' title="bbox 1097 2760 1635 2796">
     <span class='ocr_line' id='line_1_105' title="bbox 1097 2760 1635 2796; baseline 0 -8"><span class='ocrx_word' id='word_1_508' title='bbox 1097 2764 1138 2789; x_wconf 77' lang='grc' dir='ltr'>ιε’.</span> <span class='ocrx_word' id='word_1_509' title='bbox 1155 2760 1209 2788; x_wconf 90' lang='grc' dir='ltr'>Τοῦ</span> <span class='ocrx_word' id='word_1_510' title='bbox 1226 2761 1305 2795; x_wconf 85' lang='grc' dir='ltr'>ἁγίου</span> <span class='ocrx_word' id='word_1_511' title='bbox 1319 2760 1458 2796; x_wconf 84' lang='grc' dir='ltr'>μάρτυρος</span> <span class='ocrx_word' id='word_1_512' title='bbox 1473 2760 1635 2788; x_wconf 87' lang='grc' dir='ltr'>Λουκιανοῦ.</span> 
     </span>
    </p>
   </div>
   <div class='ocr_carea' id='block_1_105' title="bbox 259 2805 1079 2843">
    <p class='ocr_par' dir='ltr' id='par_1_105' title="bbox 259 2805 835 2842">
     <span class='ocr_line' id='line_1_106' title="bbox 259 2805 835 2842; baseline 0.007 -10"><span class='ocrx_word' id='word_1_513' title='bbox 259 2806 302 2833; x_wconf 80' lang='grc'>16.</span> <span class='ocrx_word' id='word_1_514' title='bbox 322 2805 414 2833; x_wconf 85' lang='lat' dir='ltr'><strong>Sancti</strong></span> <span class='ocrx_word' id='word_1_515' title='bbox 430 2805 546 2841; x_wconf 72' lang='lat' dir='ltr'><strong>Longini</strong></span> <span class='ocrx_word' id='word_1_516' title='bbox 572 2811 599 2832; x_wconf 85' lang='lat' dir='ltr'>et</span> <span class='ocrx_word' id='word_1_517' title='bbox 612 2807 749 2834; x_wconf 86' lang='lat' dir='ltr'><strong>sociorum</strong></span> <span class='ocrx_word' id='word_1_518' title='bbox 765 2807 835 2842; x_wconf 78' lang='lat' dir='ltr'><strong>ejus.</strong></span> 
     </span>
    </p>
   </div>
   <div class='ocr_carea' id='block_1_106' title="bbox 956 2805 1776 2843">
    <p class='ocr_par' dir='ltr' id='par_1_106' title="bbox 1098 2807 1776 2843">
     <span class='ocr_line' id='line_1_107' title="bbox 1098 2807 1776 2843; baseline -0.003 -8"><span class='ocrx_word' id='word_1_519' title='bbox 1098 2811 1146 2841; x_wconf 80' lang='grc' dir='ltr'>ις’.</span> <span class='ocrx_word' id='word_1_520' title='bbox 1161 2807 1214 2834; x_wconf 87' lang='grc' dir='ltr'>Τοῦ</span> <span class='ocrx_word' id='word_1_521' title='bbox 1229 2807 1309 2841; x_wconf 88' lang='grc' dir='ltr'>ἁγίου</span> <span class='ocrx_word' id='word_1_522' title='bbox 1326 2807 1469 2841; x_wconf 87' lang='grc' dir='ltr'>Δογγίνου,</span> <span class='ocrx_word' id='word_1_523' title='bbox 1487 2807 1535 2833; x_wconf 78' lang='grc' dir='ltr'>καὶ</span> <span class='ocrx_word' id='word_1_524' title='bbox 1550 2807 1605 2834; x_wconf 85' lang='grc' dir='ltr'>τῶν</span> <span class='ocrx_word' id='word_1_525' title='bbox 1618 2807 1667 2834; x_wconf 80' lang='grc' dir='ltr'>σὺν</span> <span class='ocrx_word' id='word_1_526' title='bbox 1682 2807 1776 2843; x_wconf 80' lang='grc' dir='ltr'>αὐτῷ.¹</span> 
     </span>
    </p>
   </div>
   <div class='ocr_carea' id='block_1_107' title="bbox 260 2851 1080 2889">
    <p class='ocr_par' dir='ltr' id='par_1_107' title="bbox 260 2851 1007 2888">
     <span class='ocr_line' id='line_1_108' title="bbox 260 2851 1007 2888; baseline 0.009 -11"><span class='ocrx_word' id='word_1_527' title='bbox 260 2851 302 2878; x_wconf 85' lang='grc' dir='ltr'>Π.</span> <span class='ocrx_word' id='word_1_528' title='bbox 317 2851 478 2880; x_wconf 87' lang='lat' dir='ltr'><strong>Sanctorum</strong></span> <span class='ocrx_word' id='word_1_529' title='bbox 510 2856 660 2888; x_wconf 88' lang='lat' dir='ltr'><strong>martyrum</strong></span> <span class='ocrx_word' id='word_1_530' title='bbox 685 2851 780 2881; x_wconf 87' lang='lat' dir='ltr'><strong>lsidori</strong></span> <span class='ocrx_word' id='word_1_531' title='bbox 816 2857 843 2882; x_wconf 89' lang='lat' dir='ltr'>ct</span> <span class='ocrx_word' id='word_1_532' title='bbox 871 2854 1007 2883; x_wconf 84' lang='lat' dir='ltr'><strong>sociorum</strong></span> 
     </span>
    </p>
   </div>
   <div class='ocr_carea' id='block_1_108' title="bbox 1027 2851 1847 2889">
    <p class='ocr_par' dir='ltr' id='par_1_108' title="bbox 1097 2853 1847 2889">
     <span class='ocr_line' id='line_1_109' title="bbox 1097 2853 1847 2889; baseline 0 -8"><span class='ocrx_word' id='word_1_533' title='bbox 1097 2854 1140 2886; x_wconf 82' lang='grc' dir='ltr'>ιζ’.</span> <span class='ocrx_word' id='word_1_534' title='bbox 1158 2853 1220 2881; x_wconf 82' lang='grc' dir='ltr'>Τῶν</span> <span class='ocrx_word' id='word_1_535' title='bbox 1236 2853 1321 2888; x_wconf 87' lang='grc' dir='ltr'>ἁγίων</span> <span class='ocrx_word' id='word_1_536' title='bbox 1332 2853 1478 2889; x_wconf 84' lang='grc' dir='ltr'>μαρτύρων</span> <span class='ocrx_word' id='word_1_537' title='bbox 1498 2853 1645 2888; x_wconf 78' lang='grc' dir='ltr'>Ἰσιδώρου,</span> <span class='ocrx_word' id='word_1_538' title='bbox 1657 2853 1772 2881; x_wconf 79' lang='grc' dir='ltr'>καὶτῶν</span> <span class='ocrx_word' id='word_1_539' title='bbox 1799 2854 1847 2882; x_wconf 81' lang='grc' dir='ltr'>σὺν</span> 
     </span>
    </p>
   </div>
   <div class='ocr_carea' id='block_1_109' title="bbox 224 2900 1146 2936">
    <p class='ocr_par' dir='ltr' id='par_1_109' title="bbox 224 2900 1146 2936">
     <span class='ocr_line' id='line_1_110' title="bbox 224 2900 1146 2936; baseline 0.015 -14"><span class='ocrx_word' id='word_1_540' title='bbox 224 2900 292 2932; x_wconf 81' lang='lat' dir='ltr'><strong>cjns.</strong></span> <span class='ocrx_word' id='word_1_541' title='bbox 1060 2900 1146 2936; x_wconf 70' lang='grc' dir='ltr'>αὺτῷ-</span> 
     </span>
    </p>
   </div>
   <div class='ocr_carea' id='block_1_110' title="bbox 263 2943 1083 2982">
    <p class='ocr_par' dir='ltr' id='par_1_110' title="bbox 263 2943 653 2979">
     <span class='ocr_line' id='line_1_111' title="bbox 263 2943 653 2979; baseline 0.008 -8"><span class='ocrx_word' id='word_1_542' title='bbox 263 2943 305 2972; x_wconf 91' lang='lat' dir='ltr'>l8.</span> <span class='ocrx_word' id='word_1_543' title='bbox 323 2943 415 2972; x_wconf 82' lang='lat' dir='ltr'><strong>Sancti</strong></span> <span class='ocrx_word' id='word_1_544' title='bbox 431 2944 546 2979; x_wconf 85' lang='lat' dir='ltr'><strong>apostoli</strong></span> <span class='ocrx_word' id='word_1_545' title='bbox 564 2944 653 2974; x_wconf 64' lang='lat' dir='ltr'><strong>Lucan.</strong></span> 
     </span>
    </p>
   </div>
   <div class='ocr_carea' id='block_1_111' title="bbox 769 2943 1589 2982">
    <p class='ocr_par' dir='ltr' id='par_1_111' title="bbox 1099 2944 1589 2982">
     <span class='ocr_line' id='line_1_112' title="bbox 1099 2944 1589 2982; baseline 0.002 -10"><span class='ocrx_word' id='word_1_546' title='bbox 1099 2945 1145 2982; x_wconf 89' lang='grc' dir='ltr'>ιη’.</span> <span class='ocrx_word' id='word_1_547' title='bbox 1163 2945 1217 2973; x_wconf 88' lang='grc' dir='ltr'>Τοῦ</span> <span class='ocrx_word' id='word_1_548' title='bbox 1231 2946 1309 2981; x_wconf 87' lang='grc' dir='ltr'>ἁγίου</span> <span class='ocrx_word' id='word_1_549' title='bbox 1329 2946 1478 2974; x_wconf 80' lang='grc' dir='ltr'>ἀποστόλου</span> <span class='ocrx_word' id='word_1_550' title='bbox 1488 2944 1589 2973; x_wconf 70' lang='grc' dir='ltr'>Λουκὶ.</span> 
     </span>
    </p>
   </div>
  </div>
