2076 3158
205 188 272 221 1313
882 186 1143 217 SYNAXARIUM.
1766 189 1834 222 1314

235 245 278 273 tﬂ'.
295 244 349 271 Τοῦ
369 244 451 278 ἁγίου
463 243 623 275 Μνάσωνος,
641 242 688 269 καὶ
703 242 757 269 τῶν
774 242 823 269 σὺν
833 241 919 276 αὐτῷ.
1007 247 1029 272 Α

880 241 919 276 ;ῷ.
1007 247 1029 272 Α
1083 243 1124 269 19.
1147 243 1239 270 Sancti
1259 243 1409 271 Muesionis
1430 249 1457 272 ct
1471 245 1610 273 sociorum
1629 245 1700 280 ejus.

235 289 269 317 κ’.
282 289 336 316 Τοῦ
348 290 428 324 ἁγίου
449 289 588 324 μάρτυρος
612 287 770 324 Ἀρτεμίου.

235 336 290 364 κα¹.
306 337 360 363 Τοῦ
375 336 450 362 ὁσίου
472 335 637 370 Ὶλαρίωνος.

235 383 287 417 κβ’.
305 382 359 408 Τοῦ
374 382 452 417 ἁγίου
472 380 627 415 Ἀὃερκίου.

235 428 290 463 κγ’.
306 429 360 455 Τοῦ
384 428 462 462 ἁγίου
484 426 636 454 ἀποστόλου
660 425 790 452 Ἰακώϐου
805 424 852 452 τοῦ
876 424 993 459 ἀδελφοῦ

204 473 272 500 Θεοῦ
283 472 500 509 [’Λδελφοοέου].

236 519 287 546 κδ’.
300 518 353 545 Τοῦ
365 519 443 553 ἁγίου
467 518 579 554 ’Apé‘la,
594 517 642 544 καὶ
656 517 712 544 τῶν
729 517 779 544 σὺν
792 516 877 552 αὐτῷ.

239 568 289 592 κε’.
302 565 364 591 Τῶν
380 563 466 598 ἁγίων
479 564 634 599 Νοταρίων.

239 611 296 644 σις’.
315 611 369 638 Τοῦ
387 611 466 645 ἁγίου
491 610 629 645 μάρτυρος
647 608 817 644 Δημητρίου.

239 658 292 689 κζ’.
306 657 360 684 Τοῦ
382 657 462 691 ἁγίου
483 655 697 692 Ἀρτεμιδώρου.
712 655 760 682 καὶ
774 654 829 681 τῶν
841 653 890 680 σὺν
908 652 994 688 αὐτῷ.

240 702 294 738 κη’.
315 702 369 730 Τοῦ
384 703 463 737 ἁγίου
476 702 626 736 Στεφάνου,
636 701 749 728 καὶτῶν
760 701 810 728 σὺν
825 699 912 735 αὐτῷ.

240 748 292 776 κίΥ.
309 749 361 775 Τοῦ
378 749 452 775 ὁσίου
472 748 636 784 Ἀϐραμίου.

240 795 272 822 λ’.
288 795 341 821 Τοῦ
353 795 432 829 ἁγίου
445 794 587 830 Κυριακοῦ
603 793 786 829 πατριάρχου.

240 841 291 867 λα’.
308 840 362 867 Τοῦ
378 841 456 875 ἁγίου
476 840 628 868 ἀποστόλου
643 840 774 874 Στὰχυος,
799 838 848 866 καὶ
864 838 918 866 τῶν
947 838 997 866 σὺν

205 886 291 922 αὐτῷ.

433 940 511 967 ΜΗΝ
530 938 766 966 ΝΟΥΕΜΒΡΙΟΣ.

239 999 274 1024 α’.
291 995 352 1023 Τῶν
370 994 457 1028 ἁγίων
477 993 666 1029 Ἀναργύρων.

238 1041 272 1077 β’.
289 1041 343 1068 Τοῦ
358 1041 438 1075 ἁγίου
460 1039 629 1070 Ἀκινδύνου,
646 1038 763 1066 καὶτῶν
779 1038 827 1064 σὺν
844 1036 930 1073 αὐτῷ.

238 1087 274 1122 γ’.
294 1087 348 1114 Τοῦ
368 1087 447 1121 ἁγίου
469 1085 616 1121 ’Δκεψιμᾶ,
633 1084 748 1112 καὶτῶν
759 1084 811 1111 σὺν
824 1083 908 1118 αὐτῷ.

237 1133 268 1161 δ’.
289 1134 346 1169 Τῆς
361 1133 442 1168 ἁγίας
458 1133 600 1168 Θεοδότης.

238 1184 270 1208 ε’.
289 1180 350 1206 Τῶν
364 1179 450 1214 ἁγίων
465 1179 655 1210 Γαλαχτίωνος
669 1178 716 1205 καὶ
738 1177 921 1212 Ἐπιστήμης.

239 1230 276 1259 ς’.
293 1226 348 1253 Τοῦ
366 1226 443 1261 ἁγίου
465 1226 572 1252 Παύλου
588 1225 635 1252 τοῦ
655 1223 833 1260 ὀμολογητοῦ.

239 1272 271 1304 ζ’.
291 1272 351 1299 Τῶν
364 1272 450 1307 ἁγίων
466 1270 506 1306 λγ¹
523 1271 681 1307 μαρτύρων.

237 1318 273 1353 η’.
290 1318 343 1345 Τοῦ
360 1318 533 1353 ἀρχαγγέλου
549 1317 671 1352 Μιχαήλ.

240 1364 273 1391 θ’.
288 1364 341 1391 Τοῦ
357 1364 435 1399 ἁγίου
449 1364 596 1399 Τιμοθέου,
609 1364 657 1390 καί
673 1363 798 1399 Μαύρας.

248 1410 274 1438 ι’.
292 1410 346 1437 Τοῦ
361 1411 443 1445 ἁγίου
463 1411 606 1446 μάρτυρος
624 1409 767 1445 Ὀρέστου.

240 1455 284 1483 ια’.
299 1455 352 1482 Τοῦ
365 1456 444 1489 ἁγίου
459 1455 552 1490 Μηνᾶ,
569 1455 616 1480 καὶ
632 1454 686 1480 τῶν
701 1455 749 1480 σὺν
766 1453 851 1489 αὐτῷ.

241 1501 284 1536 ιβ’.
308 1500 362 1528 Τοῦ
383 1500 461 1535 ἁγίου
483 1500 607 1527 ἰωὰννου
623 1499 671 1526 τοῦ
697 1499 873 1535 Ἐλεήμονος.

243 1549 286 1580 ιγ’.
304 1546 358 1572 Τοῦ
374 1545 582 1581 Χρυσοστόμου.

242 1592 284 1619 ιδ’.
305 1593 359 1619 Τοῦ
379 1593 458 1626 ἁγίου
475 1591 627 1618 ἀποστόλου
639 1590 784 1617 Φιλίππου.

243 1643 283 1668 ιε’,
304 1639 364 1666 Τῶν
381 1638 468 1673 ἁγίων
481 1637 668 1674 ὁμολογητῶν.

243 1686 292 1719 ις’.
311 1685 365 1713 Τοῦ
384 1685 465 1720 ἁγίου
485 1684 636 1711 ἀποστόλου
652 1682 806 1711 Ματθαίου.

245 1732 289 1765 ιζ’.
307 1732 390 1759 Λείπ.

243 1779 289 1814 ιη’.
309 1778 370 1805 Τῶν
395 1777 482 1813 ἁγίων
521 1776 669 1813 μαρτύρων
694 1775 838 1807 Πλάτωνος
862 1775 909 1802 καὶ
933 1775 1001 1801 Ῥω-

208 1824 305 1860 μανοῦ.
320 1829 323 1831 ‘

244 1870 287 1898 t0’.
309 1870 363 1898 Τοῦ
386 1870 464 1905 ἁγίου
485 1870 623 1906 μάρτυρος
645 1869 799 1905 Νεοφύτου,
815 1869 863 1895 καὶ
881 1867 935 1894 τῶν
951 1866 999 1893 σὺν

207 1917 294 1952 αὐτῷ.

244 1962 279 1990 κ’,
294 1962 348 1990 Τοῦ
361 1962 440 1996 ἁγίου
465 1961 605 1996 Μαξίμου,
621 1959 734 1988 καὶτῶν
750 1959 799 1986 σὺν
818 1959 905 1994 αὐτῷ.

246 2008 301 2036 κα¹.
321 2009 362 2035 Τὰ
379 2009 463 2042 ’Δγια
478 2007 534 2034 τῶν
547 2007 645 2041 ἁγίων.

245 2054 298 2089 κβ’.
322 2054 378 2089 Τῆς
394 2053 474 2088 ἁγίας
491 2052 630 2083 Κικιλίας.

245 2106 298 2136 κγ’.
317 2102 371 2129 Τοῦ
387 2101 465 2136 ἁγίου
487 2099 674 2136 Ἀμφιλοχίου.

247 2148 298 2175 κδ’.
318 2147 371 2174 Τοῦ
388 2147 466 2181 ἁγίου
480 2145 632 2181 Γρηγορίου
648 2143 696 2170 τοῦ
719 2144 914 2180 Ἀκράγαντος.

247 2198 297 2222 κε’.
321 2193 381 2220 Τῶν
394 2193 478 2227 ἁγίων
494 2192 640 2227 μαρτύρων
651 2191 810 2226 Κλήμεντος
824 2192 871 2218 καὶ
886 2192 1002 2227 Πέτρου.

248 2243 306 2272 κς’.
320 2240 373 2266 Τοῦ
393 2239 468 2266 ὁσίου
491 2237 631 2265 ’Λλυπίου.

250 2288 301 2320 κζ’.
317 2274 369 2313 Τοῦ
387 2286 465 2320 ἁγίου
487 2285 616 2312 Ίακώῦου
631 2284 678 2312 τοῦ
696 2285 811 2321 Πέρσου.

250 2332 303 2367 κη’.
325 2332 380 2359 Τοῦ
396 2332 475 2366 ἁγίου
488 2331 670 2366 Εἰρηνὰρχου.

251 2379 302 2405 κο’.
319 2377 372 2404 Τοῦ
388 2378 461 2404 ὁσίου
475 2377 632 2404 Θεοδούλου.

251 2425 283 2451 λ’.
299 2423 353 2451 Τοῦ
373 2424 451 2459 ἁγίου
470 2423 620 2450 ἀποστόλου
644 2422 780 2457 Ἀνδρέου.

445 2488 524 2515 MHN
546 2485 777 2514 ΔΕΚΕΜΒΡΙΟΣ.

251 2543 285 2570 α’.
304 2543 358 2570 Τοῦ
374 2543 610 2579 ἁγίουίπροφήτου
624 2540 732 2576 Ναούμ.

244 2589 286 2626 “β¹.
303 2590 357 2616 Τοῦ
374 2590 515 2625 προφήτου
536 2582 709 2623 Ἀμῖίικούμι

253 2635 287 2670 γ’.
303 2635 357 2663 Τοῦ
372 2636 512 2671 προφήτου
528 2633 667 2668 Σοφονίου.

253 2685 285 2711 δ’.
304 2683 360 2718 Τῆς
377 2682 458 2717 ἁγίας
477 2681 632 2717 Βαρϐἁρας.

254 2734 285 2757 ε’.
307 2730 361 2757 Τοῦ
377 2729 451 2756 ὁσίου
465 2729 551 2756 Σάὸα.

257 2780 294 2809 ς’.
315 2776 369 2803 Τοῦ
385 2775 463 2811 ἁγίου
479 2774 625 2802 Νικολάου.

256 2822 290 2855 ζ’.
311 2822 365 2849 Τοῦ
379 2822 452 2849 ὁσίου
475 2819 651 2856 Ἀμῦροσίου.

256 2868 292 2903 η’.
312 2868 365 2895 Τοῦ
378 2868 452 2895 ὁσίου
470 2866 623 2902 Σωφρονίου
639 2864 789 2892 ἐπισκόπου
806 2862 930 2899 Κύπρου.

258 2915 291 2944 θ’.
310 2915 344 2941 'll
362 2913 494 2949 σύλληψις
508 2913 558 2948 τῆς
573 2911 654 2947 ἁγίας
670 2910 770 2946 Ἀννης

1020 2269 1042 2297 ι)

1079 289 1124 316 20.
1138 289 1231 316 Sancti
1252 291 1378 326 martyris
1390 291 1516 319 Artemii.

1079 336 1126 363 2|.
1139 335 1215 363 Beati
1227 335 1386 365 Hilarioiiis.

1079 381 1126 410 22.
1143 381 1235 410 Sancti
1250 383 1370 410 Abercii.

1079 427 1125 454 25.
1140 426 1234 455 Sancti
1250 429 1368 463 apostoli
1384 428 1479 456 Jacobi
1494 429 1588 457 fratris
1607 430 1656 458 Dei

1081 519 1125 546 24.
1140 519 1232 547 Sancti
1249 521 1359 548 Arethre
1384 526 1412 549 et
1424 523 1562 550 sociorum
1580 524 1650 559 ejus.

1080 564 1126 591 25.
1141 564 1306 594 Sanctorum
1325 567 1511 598 Notariorum.

1080 611 1126 637 ‘26.
1147 610 1242 638 Sancti
1261 613 1391 648 martyris
1407 613 1544 642 Demetrii.

1080 654 1126 682 27.
1143 654 1236 683 Sancti
1253 656 1418 685 Artemidori
1448 664 1474 686 et
1491 660 1629 688 sociorum
1645 662 1716 697 ejus.

1081 701 1126 729 28.
1143 701 1236 729 Sancti
1251 702 1382 738 Stephani
1413 709 1441 732 et
1455 705 1593 734 scciorum
1606 707 1677 742 ejus.

1079 747 1124 775 29.
1139 747 1213 775 Beati
1230 749 1378 777 Arhramii.

1082 793 1127 820 30.
1145 793 1236 822 Sancti
1250 795 1357 830 Cyriaci
1375 797 1547 831 patriarcha.

1081 839 1126 867 51.
1142 841 1236 868 Sancti
1254 843 1370 876 apostoli
1386 843 1500 878 Stachii,
1518 850 1545 872 οι
1562 845 1699 873 sociorum
1711 846 1782 882 ejus.

1269 941 1397 970 MENSIS
1416 942 1616 973 NOVEMBEB.

1084 995 1110 1022 Ι.
1128 995 1292 1024 Sanctorum
1312 997 1527 1033 Anargyrorum.

1083 1041 1111 1070 2.
1126 1042 1220 1070 Sancti
1233 1043 1370 1080 Acindyni
1394 1050 1421 1073 et
1436 1046 1574 1073 sociorum
1590 1046 1660 1082 cjus.

1082 1088 1110 1116 ὅ.
1128 1089 1221 1118 Sancti
1233 1090 1387 1126 Acepsinue
1412 1097 1439 1120 et
1456 1094 1592 1121 sociorqu
1610 1095 1682 1129 ejus.

1083 1135 1112 1162 ι.
1129 1135 1238 1164 Sancta:
1255 1137 1414 1166 Theodotae.

1086 1181 1113 1209 5.
1133 1181 1297 1210 Sanctorum
1313 1183 1482 1212 Galastionis
1497 1191 1524 1213 et
1541 1186 1704 1222 Epistemcs.

1085 1229 1112 1256 6.
1130 1228 1224 1257 Sancli
1244 1230 1321 1258 Pauli
1341 1230 1519 1260 confessmis.

1084 1275 1111 1303 7.
1127 1275 1290 1304 Sanctorum
1308 1278 1430 1313 Triginta
1447 1279 1529 1307 trium
1548 1285 1710 1316 martyrum.

1084 1322 1111 1350 8.
1125 1323 1288 1358 Archangeli
1307 1323 1432 1352 Michael.

1085 1367 1113 1394 9.
1127 1366 1220 1395 Sancti
1235 1367 1370 1396 Timothei
1398 1374 1424 1396 et
1439 1369 1548 1397 Maurae.

1087 1413 1132 1440 10.
1149 1412 1243 1441 Sancti
1262 1415 1388 1450 martyris
1407 1415 1507 1442 Oresti.

1089 1459 1133 1486 Il.
1146 1459 1239 1487 Sancti
1260 1460 1344 1488 Mena:
1363 1466 1390 1489 et
1415 1462 1555 1489 sociorum
1566 1462 1637 1496 ejus.

1087 1505 1131 1532 12.
1148 1505 1241 1533 Sancti
1255 1506 1371 1534 Joannis
1387 1508 1611 1544 Eleemosynarii.

1087 1550 1130 1577 l5.
1144 1550 1174 1578 S.
1188 1551 1389 1586 Chrysoatomi.

1085 1595 1129 1622 Η.
1145 1595 1237 1624 Sancti
1252 1597 1367 1631 apostoli
1382 1597 1512 1633 Philippi.

1087 1641 1131 1669 15.
1150 1641 1315 1670 Sanctorum
1332 1642 1531 1670 confessoruin.

1089 1687 1131 1714 l6.
1149 1687 1242 1715 Sancti
1258 1689 1373 1723 apostoli
1390 1689 1520 1717 Matthrei.

1089 1734 1132 1760 l7.
1151 1733 1259 1762 Nullius
1276 1737 1305 1762 llt
1319 1736 1430 1762 mentio.

1089 1779 1133 1808 18.
1149 1779 1312 1809 Sanctorum
1325 1787 1474 1818 martyrum
1486 1782 1607 1811 Platonis
1621 1787 1648 1810 et
1664 1783 1790 1812 Rontani.

1088 1870 1132 1898 l9.
1152 1870 1245 1899 Sancti
1261 1872 1389 1908 martyris
1405 1871 1539 1909 Neophyti
1570 1877 1597 1901 et
1619 1873 1756 1902 sociorqu
1772 1873 1843 1910 ejus.

1088 1961 1134 1988 20.
1152 1961 1245 1988 Sancti
1259 1960 1370 1989 Maximi
1399 1968 1427 1990 et
1438 1964 1576 1991 sociorum
1592 1963 1663 1999 ejus.

1089 2007 1135 2032 21.
1150 2005 1248 2034 Sancta
1266 2012 1434 2036 sanctorum.

1090 2051 1136 2077 22.
1154 2051 1262 2079 Sanctae
1274 2051 1391 2090 Ceciliae.

1089 2096 1135 2124 25.
1157 2096 1251 2125 Sancti
1267 2094 1462 2133 Amplillcchii.

1086 2142 1133 2170 24.
1149 2143 1244 2170 Sancti
1258 2143 1383 2179 Gregorii
1399 2145 1571 2180 Acragantis.

1090 2189 1136 2215 25.
1155 2189 1318 2216 Sanctorum
1335 2195 1486 2226 martyrum
1503 2191 1652 2220 Clementis
1663 2199 1690 2221 et
1703 2193 1787 2222 Petri.

1091 2235 1136 2263 26.
1153 2235 1228 2263 Beati
1240 2236 1339 2271 Alypii.

1096 2281 1142 2308 27.
1160 2281 1252 2308 Sancti
1268 2281 1361 2309 Jacobi
1379 2282 1479 2310 Persae.

1089 2326 1135 2354 28.
1151 2326 1242 2354 Sancti
1257 2326 1408 2355 lrcnarchi.

1091 2373 1136 2400 29.
1158 2373 1233 2400 Beati
1245 2373 1388 2401 Theoduli.

1092 2419 1136 2447 '50.
1151 2420 1245 2448 Sancti
1259 2421 1376 2456 apostoli
1392 2421 1517 2450 Andreae.

1281 2485 1407 2514 MENSIS
1430 2486 1543 2515 DECEM
1550 2487 1627 2517 BER.

1095 2540 1122 2567 L
1143 2539 1236 2568 Sancti
1250 2541 1390 2575 prophetae
1410 2540 1527 2569 Nahum.

1095 2586 1122 2612 2.
1141 2586 1284 2621 Propheta
1295 2586 1434 2615 llabacuc.

1093 2633 1121 2660 3.
1136 2632 1278 2668 Propheta:
1296 2633 1450 2669 Sophonite.

1095 2679 1123 2706 4.
1141 2678 1248 2707 Sanctae
1265 2679 1403 2709 Barbare.

1096 2724 1123 2752 5.
1138 2723 1213 2752 Beati
1229 2724 1316 2752 Saba.

1096 2772 1122 2799 6.
1140 2771 1232 2799 Sancti
1248 2771 1365 2800 Nicolai.

1098 2817 1125 2844 7.
1141 2817 1215 2844 Beati
1229 2817 1379 2846 Ambrosii.

1101 2864 1127 2891 8.
1147 2863 1221 2891 Beati
1235 2863 1382 2899 Sophronii
1401 2865 1522 2900 episcopi
1538 2866 1630 2902 Cypri.

1102 2909 1129 2937 9.
1148 2910 1297 2946 Conceptio
1316 2915 1417 2940 sanctae
1432 2911 1527 2940 Anna‘.
