2076 3158
600 177 795 208 OPUSCULA
814 175 1022 206 LITURGICA
1043 173 1220 205 INCERTE
1239 172 1394 204 IETATIS.
1781 169 1851 201 1316

1024 232 1049 262 Α
1100 234 1125 258 ι’.
1143 230 1197 257 Τοῦ
1214 230 1290 257 ὁσίου
1308 228 1495 264 Ἀμφιλοχίαν.

1097 280 1143 304 ια’.
1162 267 1216 303 Τοῦ
1231 276 1305 302 ὁσίου
1321 275 1423 310 Δανιὴλ
1434 274 1481 301 τοῦ
1497 274 1636 300 Στυλίτου,

1097 322 1141 358 ιβ’.
1159 321 1214 348 Τοῦ
1231 321 1306 348 ὁσίου
1326 321 1509 356 Σπυρίδωνος.

1097 369 1142 401 ιγ’.
1159 366 1220 393 Τῶν
1246 366 1333 400 ἁγίων
1355 365 1504 400 μαρτύρων
1523 363 1700 399 Εὖστρλτίου,
1725 364 1772 390 καὶ
1797 364 1851 390 τῶν

1062 412 1110 439 σὺν
1124 411 1210 446 αὐτῷ.

1097 458 1138 485 ιδ’.
1155 458 1215 484 Τῶν
1231 456 1316 491 ἁγίων
1332 456 1493 492 Φιλήμονος,
1510 456 1558 483 καὶ
1573 455 1627 482 τῶν
1645 455 1694 481 σὺν
1708 455 1794 490 αὐτῷ.

223 183 295 216 1315

255 239 301 268 10.
318 237 393 266 Beati
408 234 602 272 Amphilochii.

256 286 300 313 11.
315 283 389 312 Beati
408 282 504 310 Daniel
521 281 638 316 Stylitae.

255 332 300 360 i2.
315 331 390 358 Beati
405 328 576 365 Spyridonis.

255 379 300 405 15.
320 376 484 404 Sanctorum
501 378 653 409 martyrum
671 370 804 399 Eustratii
828 376 856 397 et
869 376 1009 398 sociorum

221 432 236 450 Θ
249 431 291 450 us.

235 432 245 459 ³
259 469 302 495 11.
318 467 480 494 Sanctorum
494 464 662 492 Philemonis
677 467 703 489 et
715 462 853 488 sociorum
868 460 940 494 ejus.

257 514 299 540 15.
316 512 410 540 Sancti
423 511 551 546 martyris
566 508 724 536 Eleutherii.

258 560 303 587 16.
317 559 460 593 Propheta:
472 557 574 592 Aggtei.

259 607 303 633 Π.
323 605 486 632 Sanctorum
505 602 589 630 trium
602 606 750 636 puerorum
771 603 800 626 et
815 597 920 624 Daniel.

257 650 302 678 18.
320 648 412 676 Sancti
427 647 557 682 martyris
569 643 734 673 Sebastiani.

255 697 298 724 19.
316 695 411 723 Sancti
424 693 515 721 Promi
532 696 560 720 et
578 691 716 718 sociorum
730 688 801 723 ejus.

257 742 302 768 20.
324 740 418 768 Sancti
434 737 644 773 Iacromat'tyris
659 735 767 772 lgnatii.

257 789 303 814 21.
316 786 426 813 Sanctae
436 783 564 811 Iuliana.

255 833 302 860 ἓξ.
320 832 427 859 Sancta
440 829 604 857 Anastasize.

256 879 306 913 .25.
317 877 481 905 Sanctorum
497 874 593 901 Der-em
610 873 637 900 in
657 873 748 899 Creta.

256 938 293 944 —
311 922 461 950 Sabbatum
476 925 637 947 sanctomm
655 917 779 944 Patrum.

255 985 292 991 —
306 968 446 996 Dotninica
460 971 618 993 sanctorum
640 963 765 990 Patrum.

257 1015 303 1042 21.
319 1014 348 1042 In
366 1012 570 1048 exspectatione
585 1009 735 1038 nativitatis
754 1010 868 1037 Christi.

259 1061 305 1088 ‘25.
321 1059 350 1087 In
368 1059 511 1086 matutino.

260 1122 296 1128 —
312 1106 342 1134 In
358 1105 478 1140 liturgia.

261 1152 307 1179 26.
329 1151 517 1178 Sanctissimae
529 1149 661 1184 Deiparze.

260 1197 307 1225 27.
319 1196 413 1224 Sancti
426 1196 553 1232 martyris
567 1195 711 1230 Stephani.

260 1242 307 1270 28.
326 1241 490 1270 Sanctorum
513 1241 608 1276 viginti
624 1242 752 1274 millium,
767 1246 795 1268 et
813 1240 944 1276 Stephani
967 1240 1011 1275 ju-

223 1289 321 1317 nioris.

262 1350 299 1357 —
316 1335 466 1363 Sahbatum
487 1339 548 1369 post
567 1333 672 1361 Christi
686 1333 868 1360 nativitatem.

258 1397 294 1404 ——
310 1381 450 1409 Dominica
466 1384 527 1416 past
541 1379 642 1408 Christi
658 1379 840 1407 nativitatem.

261 1428 308 1455 29.
321 1427 486 1455 Sanctorum
502 1426 688 1461 parvulorum.

259 1474 304 1502 50.
327 1473 401 1501 Beati
418 1472 547 1500 Ilarcelli.

252 1521 303 1554 51.
319 1519 412 1548 Sancti
428 1519 531 1546 lrcnaei.

439 1563 566 1592 MENSIS
592 1562 794 1592 JANUARIUS.

262 1613 288 1640 1.
305 1611 334 1639 In
346 1610 572 1643 Circumcisione,
587 1613 614 1637 et
632 1609 720 1637 sancti
740 1608 844 1636 Basilii.

262 1657 291 1684 2.
309 1657 403 1685 Sancti
416 1656 549 1684 Silvestri.

259 1703 287 1729 5.
305 1701 398 1729 Sancti
413 1701 541 1736 martyris
557 1700 664 1728 Gordii.

259 1749 286 1776 1.
299 1749 391 1776 Sancti
406 1747 534 1783 martyris
545 1746 659 1775 Zosimi.

261 1809 298 1816 -—
311 1793 462 1821 Sabbatum
477 1797 540 1820 ante
553 1793 639 1820 luces.

264 1854 298 1860 —
314 1838 455 1866 Domimca
471 1843 535 1865 ante
546 1838 632 1866 luces.

265 1885 291 1911 5.
306 1885 334 1912 In
351 1884 553 1918 exspectatione
567 1883 680 1912 iucium.

259 1931 287 1958 6.
300 1931 329 1957 In
345 1930 490 1958 matutino.

269 1992 306 2000 —
320 1978 350 2006 In
363 1977 483 2012 liturgia.

264 2024 292 2052 7.
306 2023 334 2051 S.
349 2022 544 2051 Przcunoris.

265 2085 301 2090 —
315 2070 462 2098 Sabbatum
480 2073 540 2104 post
553 2069 639 2096 luces.

266 2131 302 2137 —
317 2116 457 2143 Dominlca
471 2120 532 2151 post
548 2115 632 2143 luces.

262 2163 289 2191 8.
306 2162 399 2190 Sancti
415 2161 552 2197 Hippolyti
572 2161 675 2189 Romae.

268 2211 296 2238 9.
311 2210 405 2238 Sancti
419 2210 548 2246 martyris
563 2209 716 2245 Polyeucti.

263 2257 307 2284 10.
322 2256 416 2284 Sancti
435 2256 560 2292 Gregorii
575 2255 701 2291 Nysseni.

264 2304 308 2330 tl.
323 2303 396 2330 Beati
408 2302 567 2330 Theodosii.
624 2330 637 2342 .

263 2349 306 2376 12.
324 2348 397 2375 Beati
413 2346 555 2382 Stephani.

264 2395 307 2422 15.
328 2393 421 2421 Sancti
436 2393 538 2428 Ermyli
554 2396 581 2420 et
594 2391 766 2419 Stratonicis.

244 2468 248 2471 ,
264 2441 307 2468 M.
327 2439 490 2468 Sanctorum
509 2439 644 2466 Abbatuni
660 2439 686 2465 in
702 2437 810 2465 liaitho.

262 2487 306 2515 15.
322 2486 396 2514 Beati
409 2485 524 2513 Joannis
541 2484 666 2512 mendici.

262 2533 305 2560 16.
323 2531 491 2560 Veneranda:
510 2535 614 2558 catena
631 2531 717 2558 sancti
734 2529 818 2557 Petri.

262 2579 306 2606 17.
326 2579 419 2606 Sancti
433 2577 555 2605 Antonii.

261 2625 306 2652 18.
327 2625 420 2652 Sancti
434 2624 595 2656 Athanasii,
610 2629 637 2652 et
645 2622 752 2659 Cyrilli.

260 2673 305 2700 19.
325 2671 398 2699 Beati
413 2670 537 2698 Macarii.

259 2719 305 2746 ‘20.
323 2717 397 2745 Beati
411 2717 559 2752 Enthymii.

259 2767 302 2793 21.
320 2764 413 2792 Sancti
432 2763 561 2799 martyris
575 2761 721 2798 Ncophyti.

257 2811 304 2838 ‘22.
326 2811 418 2838 Sancti
434 2809 582 2837 Timothei.

260 2855 306 2884 9.5.
323 2855 486 2884 Sanctorum
521 2859 670 2891 martyrum
693 2854 839 2883 Clementis

227 2901 356 2936 thangcli.

892 2860 920 2882 et
944 2855 1016 2890 Aga-

1096 503 1138 530 ιε’.
1157 503 1211 530 Τοῦ
1228 503 1306 538 ἁγίου
1324 503 1462 538 μάρτυρος
1485 502 1665 537 Ἐλευθερίου.

1098 553 1146 583 ις’.
1166 550 1219 576 Τοῦ
1234 551 1375 584 προφήτου
1391 548 1534 583 Ἀγγαίου.

1099 597 1141 628 ιζ’.
1160 596 1222 623 Τῶν
1238 595 1324 630 ἁγίων
1341 594 1365 630 γ’
1379 595 1493 628 παίδων,
1508 595 1557 621 καὶ
1576 593 1689 629 Δανιὴλ.

1098 643 1144 678 ιη’.
1161 643 1214 669 Τοῦ
1230 643 1308 677 ἁγίου
1328 641 1466 677 μάρτυρος
1481 640 1674 668 Σῶαστιανοῦ.

1099 689 1141 716 ιϐ’.
1158 688 1213 715 Τοῦ
1228 688 1307 722 ἁγίου
1325 688 1446 724 Πρὸμου,
1459 687 1507 714 καὶ
1518 686 1573 714 τῶν
1591 687 1639 714 σὺν
1654 685 1743 723 αὐτῷ.

1095 734 1131 762 κ’.
1149 734 1202 762 Τοῦ
1220 735 1298 768 ἁγίου
1312 734 1511 769 ἱεῳμὰρτυρος
1530 732 1673 767 Ἰγνατίου.

1097 784 1151 808 κα’.
1169 781 1226 816 Τῆς
1241 781 1322 814 ἁγίας
1343 779 1501 815 Ἰουλιανῆς.

1098 825 1151 860 ιβ’.
1172 825 1229 860 Τῆς
1245 824 1326 859 ἁγίας
1348 825 1534 856 Ἀναστασίας.

1097 875 1152 907 κγ’.
1170 872 1232 898 Τῶν
1251 872 1337 905 ἁγίων
1353 871 1369 898 ι’
1386 871 1441 898 τῶν
1456 872 1485 898 ὲν
1498 872 1605 907 Κρήτῃ.

1111 933 1148 939 —
1172 918 1311 945 Σὰὁσατον
1323 918 1380 945 τῶν
1390 919 1478 953 ἁγίων
1495 918 1629 954 Πατέρων

1116 980 1152 986 -
1171 965 1300 1001 Κυριακὴ
1314 965 1369 992 τῶν
1383 965 1469 999 ἁγίων
1483 965 1624 1000 Πατέρων.

1099 1012 1149 1040 κδ.
1168 1013 1216 1045 Et;
1229 1012 1279 1046 τὴν
1296 1011 1460 1048 παραμονὴν
1473 1012 1522 1047 τῆς
1536 1009 1656 1047 Χριστοῦ
1672 1010 1838 1046 γεννήσεως.

1098 1062 1148 1085 κε’.
1166 1058 1213 1091 Εἰς
1229 1059 1277 1086 τὸν
1287 1058 1396 1094 ὄρθρον.

1116 1120 1150 1126 -
1171 1105 1218 1137 Εἰς
1236 1105 1286 1140 τὴν
1300 1103 1483 1139 λειτουργίαν.

1100 1150 1156 1184 κς’.
1176 1151 1231 1186 Τῆς
1247 1150 1399 1186 ὑπεραγίας
1410 1150 1557 1177 Θεοτὸκου.

1099 1196 1151 1229 κζ’.
1169 1197 1222 1224 Τοῦ
1238 1197 1316 1231 ἁγίου
1332 1197 1470 1232 μάρτυρος
1485 1196 1636 1231 Στεφάνου.

1101 1242 1155 1279 κη’.
1185 1243 1246 1270 Τῶν
1270 1242 1356 1278 ἁγίων
1380 1242 1542 1278 δισμυρίων,
1566 1241 1615 1269 καὶ
1642 1240 1777 1276 Στεφάνου
1804 1241 1852 1268 τοῦ

1065 1289 1136 1316 νέου.

1115 1349 1151 1354 -
1169 1334 1308 1362 Σὰσὸατον
1327 1333 1397 1370 μετὰ
1412 1333 1462 1370 τὴν
1475 1331 1593 1368 Χριστοῦ
1611 1332 1751 1368 γέννησιν.

1117 1396 1152 1401 —-
1170 1380 1296 1417 Κυριαχὴ
1312 1380 1382 1416 μετὰ
1396 1380 1444 1415 τὴν
1458 1378 1578 1415 Χριστοῦ
1592 1377 1731 1415 γέννησιν.

1100 1428 1151 1455 κθ’.
1176 1427 1238 1454 Τῶν
1254 1427 1341 1461 ἁγίων
1352 1427 1468 1462 νηπίων.

1100 1473 1133 1501 λ’.
1150 1473 1203 1501 Τοῦ
1218 1473 1292 1501 ὁσίου
1310 1473 1484 1509 Μαρκέλλου.

1101 1519 1153 1547 λα’.
1169 1519 1222 1546 Τοῦ
1237 1520 1315 1553 ἁγίου
1333 1520 1489 1555 Είρηναίου.

1284 1566 1362 1594 MHN
1379 1558 1628 1602 ,tANNOi‘Apms.

1100 1617 1135 1641 α’.
1150 1614 1197 1646 Εἰς
1213 1613 1262 1649 τὴν
1279 1613 1441 1648 περιτομὴν,
1458 1611 1563 1639 καὶτοῦ
1578 1611 1656 1646 ἁγίου
1673 1610 1824 1638 Βασιλείου.

1106 1660 1138 1696 β’.
1161 1659 1214 1687 Τοῦ
1228 1659 1308 1694 ἁγίου
1323 1659 1501 1695 Σιλὸέστρου.

1101 1710 1136 1741 γ’.
1157 1706 1211 1733 Τοῦ
1224 1706 1304 1740 ἁγίου
1319 1706 1457 1742 μάρτυρος
1472 1705 1593 1742 Γορδίου.

1101 1752 1133 1780 δ’.
1151 1752 1204 1779 Τοῦ
1220 1752 1297 1787 ἁγίου
1313 1753 1453 1788 μάρτυρος
1468 1753 1604 1788 Ζωσίμου.

1100 1812 1136 1818 -
1155 1798 1293 1825 Σὰὃδατον
1308 1798 1362 1833 πρὸ
1376 1798 1430 1825 τῶν
1443 1798 1552 1826 Φώτων.

1101 1859 1137 1864 -
1152 1843 1280 1879 Κυριακὴ
1297 1844 1352 1878 πρὸ
1365 1844 1420 1871 τῶν
1433 1843 1544 1871 Nam.

1104 1889 1135 1916 ε’.
1154 1890 1200 1920 Εἰς
1214 1888 1263 1925 τὴν
1277 1889 1439 1925 παραμονὴν
1448 1890 1502 1917 τῶν
1517 1889 1627 1918 Φώτων.

1103 1934 1141 1967 ς’.
1157 1935 1204 1967 Εἰς
1219 1935 1264 1962 τον
1280 1934 1388 1971 ὄρθρον.

1103 1995 1138 2001 —
1152 1981 1199 2013 Εἰς
1212 1981 1262 2016 τὴν
1279 1981 1462 2015 λειτουργίαν.

1105 2027 1138 2060 ζ’.
1156 2027 1209 2054 Τοῦ
1224 2026 1393 2062 Προδρόμου.

1103 2089 1137 2096 -
1156 2074 1296 2102 Σὰῦὸατον
1312 2073 1382 2109 μετὰ
1394 2074 1429 2101 τὰ
1443 2073 1534 2101 Φῶτα.

1102 2135 1137 2140 —-
1154 2120 1282 2156 Κυριακὴ
1299 2119 1369 2154 μετὰ
1383 2121 1418 2145 τὰ
1431 2119 1519 2146 Φῶτα.

1104 2167 1139 2199 η’.
1160 2163 1213 2191 Τοῦ
1231 2164 1309 2198 ἁγίου
1330 2164 1488 2191 Ἱππολύτου
1510 2163 1631 2200 Ῥώμης.

1106 2210 1138 2237 0’.
1159 2210 1213 2237 Τοῦ
1229 2210 1309 2245 ἁγίου
1327 2211 1464 2246 μάρτυρος
1481 2211 1664 2239 Πολυεύκιου.

1104 2254 1130 2282 ι’.
1147 2254 1200 2281 Τοῦ
1214 2255 1292 2289 ἁγίου
1309 2255 1460 2291 Γρηγορίου
1475 2255 1598 2291 Νύσσης.

1104 2303 1148 2328 ια’.
1167 2300 1221 2327 Τοῦ
1233 2300 1308 2327 ὁσίου
1320 2300 1471 2330 Θεοδοσίου.

1104 2346 1147 2382 ιβ’.
1164 2347 1217 2374 Τοῦ
1234 2348 1307 2374 ὁσίου
1322 2347 1470 2383 Στεφάνου.

1103 2397 1147 2428 ιγ’.
1163 2393 1216 2420 Τοῦ
1236 2393 1315 2428 ἁγίου
1336 2394 1481 2429 Ἐρμύλου,
1499 2394 1545 2421 καὶ
1560 2394 1766 2430 Στρατονίκους.

1109 2437 1141 2465 ιδ’
1144 2458 1151 2466 .
1167 2438 1227 2465 Τῶν
1245 2438 1332 2473 ἁγίων
1353 2438 1489 2466 ’Δὸσὰδων
1509 2440 1561 2466 τῶν
1575 2441 1604 2466 ὲν
1615 2442 1648 2476 τῇ
1670 2441 1781 2477 Ῥαῗῡῷ.

1103 2485 1144 2513 ιε’.
1159 2484 1213 2512 Τοῦ
1227 2485 1300 2512 ὁσίου
1328 2484 1454 2512 Ἰωάννου
1469 2485 1520 2512 τοῦ
1533 2486 1653 2521 πτωχοῦ.

1102 2535 1152 2564 ις’.
1171 2531 1227 2567 Τῆς
1239 2531 1332 2567 τιμίας
1348 2531 1469 2563 ἁλύσεως
1485 2533 1532 2559 τοῦ
1543 2533 1621 2568 ἁγίου
1639 2533 1753 2566 Πέτρου.

1103 2577 1147 2610 ιζ’.
1162 2576 1216 2603 Τοῦ
1229 2576 1308 2611 ἁγίου
1325 2576 1479 2604 Ἀντωνίου.

1106 2627 1150 2658 ιη’.
1166 2622 1220 2649 Τοῦ
1234 2622 1312 2656 ἁγίου
1336 2622 1494 2649 Ἀθανασίου
1509 2622 1557 2648 καὶ
1571 2622 1720 2659 Κυρίλλου.

1103 2668 1128 2696 ιθ
1138 2688 1146 2696 .
1159 2667 1213 2694 Τοῦ
1224 2667 1299 2695 ὁσίου
1314 2667 1470 2702 Μακαρίου.

1103 2715 1138 2740 κ’.
1155 2712 1210 2739 Τοῦ
1224 2712 1298 2738 ὁσίου
1313 2712 1463 2747 Εὑθυμίου.

1102 2757 1155 2786 κα’.
1172 2757 1225 2784 Τοῦ
1242 2757 1320 2791 ἁγίου
1340 2758 1478 2793 μάρτυρος
1491 2757 1645 2793 Νεοφύτου.

1102 2805 1155 2841 κέν.
1173 2804 1227 2832 Τοῦ
1243 2804 1325 2835 ἁγίου
1338 2804 1482 2840 Τιμοθέου.

1104 2853 1158 2888 κγ’.
1178 2854 1239 2881 Τῶν
1254 2853 1340 2888 ἁγίων
1352 2853 1501 2890 μαρτύρων
1517 2853 1678 2888 Κλήμεντος
1691 2852 1740 2880 καὶ
1758 2853 1856 2887 Ἀγαυ-

1067 2900 1195 2934 αγγέλου.
