2076 3158
198 170 264 202 1317

229 228 280 254 κδ’.
303 227 358 261 Τῆς
371 225 448 257 ὁσίας
462 225 559 259 Ξένης.
581 236 584 238 τ

228 273 278 300 κε’.
291 271 444 307 Γρηγορίου
459 270 507 297 τοῦ
524 270 668 304 Θεολόγου.

228 318 285 351 κς’.
309 318 371 344 Τῶν
388 317 473 351 ἁγίων
498 316 645 352 μαρτύρων
671 315 828 351 Ἀστερίου,
855 314 905 342 καὶ
929 314 986 342 τῶν

196 365 244 391 σὺν
259 364 344 399 αὐτῷ.

236 410 287 442 κζ’.
308 410 340 437 'H
354 410 484 441 ἐπάνοδος
502 409 549 435 τοῦ
563 408 771 444 Χρυσοστόμου.

230 458 285 489 κη’.
311 454 365 481 Τοῦ
381 455 456 481 ὁσίου
478 455 610 490 Ἐφραίμ.

233 501 284 528 κθ¹.
300 500 353 527 Τοῦ
371 501 449 536 ἁγίου
468 501 612 535 Ἰγνατὶου.

232 545 266 574 λ’.
284 545 338 572 Τοῦ
351 546 425 572 ὁσίου
442 546 624 581 Ξενοφῶντος.

231 590 281 618 λα’.
299 591 353 618 Τοῦ
373 592 451 626 ἁγίου
473 592 566 627 Κύρου
584 592 631 618 καὶ
653 591 789 618 Ἰωάννου.

416 644 495 670 ΜΗΝ
514 644 762 675 ΦΕΒΡΟΥΑΡΙΟΣ,

228 696 263 724 α’.
283 697 337 724 Τοῦ
352 697 430 731 ἁγίου
447 697 587 732 μάρτυρος
602 696 752 731 Τρύφωνος

229 741 263 777 β’.
282 742 329 773 Είς
341 742 389 777 τὴν
400 742 562 777 ὑπαπαντὴν
578 741 626 768 τοῦ
642 742 754 778 δρθρου.

231 803 265 809 —-
281 788 330 819 Et;
343 789 393 823 τὴν
407 788 592 824 λειτουργίαν.

232 833 268 867 γ’.
294 833 348 860 Τοῦ
363 833 469 860 δικαίου
481 833 607 868 Συμεών.

234 879 265 906 δ’.
287 879 340 905 Τοῦ
352 879 426 905 ὁσίου
448 878 585 913 Ἰσιδώρου
597 878 645 906 τοῦ
658 878 864 914 Πηλουσιῶτου.

227 928 258 951 ε’.
285 925 341 959 Τῆς
358 925 440 959 ἁγίας
450 924 583 961 Ἀγὰθης.

233 974 271 1002 ς’.
290 972 371 998 Λείπ.

229 1016 263 1047 ζ’.
282 1016 336 1043 Τοῦ
350 1017 429 1051 ἁγίου
443 1017 604 1054 Παρθενιου.

229 1066 265 1097 η’.
284 1063 364 1090 Λείπ.

231 1108 263 1136 0’.
279 1109 332 1136 Τοῦ
346 1110 424 1145 ἁγίου
441 1111 579 1147 μάρτυρος
591 1111 616 1138 Ν
619 1112 763 1148 ικηφόρου.

230 1155 255 1182 ι’.
276 1155 329 1182 Τοῦ
343 1156 421 1190 ἁγίου
436 1157 651 1193 Χαραλὰμπους.

231 1205 275 1228 ια’.
296 1202 349 1229 Τοῦ
367 1203 445 1237 ἁγίου
461 1204 658 1240 ίερομάρτυρος
673 1205 800 1233 Βλασίου.

231 1248 277 1283 ιβ’.
302 1248 355 1275 Τοῦ
371 1250 450 1283 ἁγίου
467 1250 612 1279 Μελετίου.

231 1297 276 1328 ιγ’.
295 1295 348 1321 Τοῦ
365 1297 439 1323 ὁσίου
453 1297 650 1332 Μαρτινιανοῦ.

230 1341 272 1368 ιδ’.
288 1341 341 1368 Τοῦ
355 1342 429 1369 ὁσίου
449 1343 604 1376 Δὺξεντίου.

231 1385 271 1413 ιε’.
294 1387 346 1414 Τοῦ
363 1388 441 1421 ἁγίου
460 1389 609 1416 ἀποστόλου
631 1390 787 1426 ὀνησίμου.

230 1436 276 1464 ις’.
303 1433 357 1460 Τοῦ
373 1433 450 1468 ἁγίου
468 1435 622 1470 Παμφίλου,
638 1436 684 1463 καὶ
702 1437 756 1464 τῶν
773 1438 822 1464 σὺν
834 1437 921 1473 αὐτῷ.

232 1477 274 1509 ιζ’.
295 1478 351 1512 Τῆς
362 1479 438 1511 ὁσίας
454 1480 631 1516 Μαριὰμνης.

231 1526 275 1558 ιη’.
295 1524 349 1550 Τοῦ
367 1524 440 1551 όσίου
453 1526 567 1558 Λέοντος
582 1527 662 1553 πάπα
685 1527 805 1562 Ῥώμης.

873 166 1139 198 8ΥΝΛΧΑ1ΠΠΜ.

1004 227 1026 256 Α
1076 225 1121 252 24.
1139 225 1226 253 Beata:
1248 225 1340 252 Xenm.
1397 233 1400 237 λ

1758 171 1827 204 1318

1075 271 1119 298 25.
1134 270 1256 306 Gregorii
1272 271 1413 306 Theologi.

1072 316 1118 343 26.
1137 316 1300 345 Sanctorum
1328 322 1478 345 martyrum
1504 318 1608 347 Asterii
1644 323 1671 346 et
1691 319 1829 347 sociorum

1037 368 1108 396 CJIIS.

1073 406 1117 432 27.
1139 404 1253 433 ltetlitus
1264 406 1466 442 Chrysostomi.

1072 450 1117 477 28.
1133 450 1207 477 Beati
1231 450 1370 485 Ephrailn.

1072 494 1117 521 29.
1135 493 1229 521 Sancti
1243 494 1352 529 lgnatii.

1072 540 1118 567 50.
1136 540 1212 568 Beati
1227 541 1428 577 Xenophontis.

1072 586 1117 613 51.
1136 585 1230 614 Saneti
1245 586 1309 622 Cyri
1327 593 1353 614 el
1367 587 1494 616 Joannis.

1245 641 1372 669 MENSIS
1392 642 1623 673 FEBRUABIUS.

1072 695 1098 722 1.
1117 694 1210 724 Sancti
1222 696 1351 731 martyris
1366 696 1533 732 Tryphoni:-

1070 740 1098 768 2.
1114 740 1145 768 ln
1156 748 1273 769 occursu
1290 743 1427 771 tnatutitti.

1072 800 1106 807 —
1126 786 1153 813 In
1166 787 1286 822 liturgia.

1071 832 1099 859 5.
1114 832 1186 860 Justi
1199 833 1322 861 Simeon.

1071 878 1098 904 4.
1114 877 1190 905 Beati
1203 878 1301 906 lsidori
1318 878 1474 908 Pelusiotae.

1071 925 1098 951 5.
1112 924 1220 953 Sanctae
1235 926 1358 961 Agatltze.

1072 968 1100 997 6.
1116 970 1225 998 Nullius
1239 970 1269 998 lit
1281 972 1395 999 mentio.

1073 1015 1100 1043 7.
1117 1016 1210 1044 Sancti
1225 1016 1375 1046 Parthenii.

1071 1063 1098 1090 8.
1114 1063 1221 1091 Nullius
1236 1064 1265 1091 lit
1281 1065 1395 1093 mentio.

1071 1108 1098 1136 9.
1122 1109 1214 1137 Sancti
1232 1112 1362 1146 martyris
1374 1111 1531 1149 Nicephori.

1071 1155 1115 1182 10.
1134 1155 1227 1184 Sancti
1239 1156 1434 1194 Charalampii.

1071 1201 1115 1228 11.
1135 1195 1228 1230 δίειπέιί
1243 1205 1439 1239 sacromatyris
1453 1205 1545 1234 Blasii.

1071 1247 1115 1274 l2.
1133 1246 1224 1276 Sancti
1238 1250 1350 1277 Meletii.

1072 1292 1114 1319 15.
1134 1292 1207 1320 Beati
1221 1293 1388 1324 Martiniani.

1071 1337 1115 1364 14.
1131 1337 1204 1366 Beati
1217 1340 1357 1368 Auxentii.

1072 1384 1115 1411 15.
1134 1384 1227 1414 Sancti
1245 1389 1362 1422 apostoli
1377 1387 1510 1419 Onesimi.

1071 1430 1115 1456 16.
1135 1430 1228 1459 Sancti
1243 1433 1389 1468 Pamphili,
1403 1440 1430 1463 et
1441 1437 1580 1465 sociorum
1597 1437 1669 1473 ejus.

1071 1477 1115 1504 l7.
1130 1477 1219 1505 Beata:
1235 1479 1393 1509 Marianum.

1070 1523 1114 1550 18.
1128 1524 1202 1551 Beati
1217 1525 1314 1554 Leonis
1328 1535 1404 1562 papae
1418 1528 1543 1557 liomani.

231 1568 274 1596 ιϐ’.
294 1568 354 1597 Τῶν
377 1569 463 1604 ἁγίων
487 1571 635 1607 μαρτύρων
655 1570 796 1608 Μάξιμου,
810 1574 923 1601 καὶτῶν
935 1574 984 1601 σὺν
996 1563 1023 1593 δ’

1004 1563 1023 1593 ἓν
1073 1569 1114 1597 19.
1131 1570 1295 1600 Sanctorum
1320 1580 1471 1610 martyrum
1495 1576 1605 1605 Maximi
1639 1583 1667 1606 et
1688 1579 1824 1607 sociorum

193 1623 278 1650 αυτῳ.

229 1659 264 1688 κ’.
278 1660 332 1687 Τοῦ
344 1661 418 1688 ὁσίου
434 1662 617 1697 Παφνουτίου.

235 1707 288 1732 κα¹.
305 1704 357 1732 Τοῦ
372 1706 446 1733 ὁσίου
463 1707 610 1743 Τιμοθέου.

234 1748 287 1784 ιβ’.
297 1750 359 1784 ¹Τοῦ
373 1751 452 1785 ἁγίου
476 1752 562 1788 Θωμᾶ
579 1755 761 1790 πατριάρχου.

230 1798 283 1828 κγ’.
304 1796 357 1822 Τοῦ
372 1796 449 1830 ἁγίου
467 1798 667 1835 ίερομὰρτυρος
682 1801 876 1836 Πολυκὰρπου.

229 1840 278 1868 κδ’.
300 1842 332 1868 Ἦ
346 1841 455 1878 εὕρεσις
471 1845 520 1880 τῆς
535 1845 657 1881 κεφαλῆς
673 1846 721 1873 τοῦ
738 1846 910 1883 Προδρόμου.

231 1886 280 1914 κε’.
305 1888 358 1915 Τοῦ
374 1889 452 1924 ἁγίου
466 1891 604 1927 Ταρασίου
619 1893 799 1928 πατριάρχου.

231 1937 289 1965 κς’.
310 1934 363 1961 Τοῦ
379 1936 458 1970 ἁγίου
484 1938 625 1973 μάρτυρος
647 1939 764 1972 Παπίου,
780 1940 829 1966 καὶ
855 1939 910 1967 τῶν
934 1941 984 1968 σὺν

195 1978 281 2013 αὐτῷ.

231 2024 284 2056 κζ’.
303 2025 356 2052 Τοῦ
371 2026 450 2060 ἁγίου
464 2026 631 2062 Πορφυρίου.

237 2069 290 2104 κη’.
315 2070 368 2097 Τοῦ
382 2071 457 2098 ὁσίου
472 2072 520 2098 καὶ
538 2073 707 2109 ὁμολογητοῦ
723 2075 875 2105 Βασιλείου.

455 2137 535 2164 MﬂN
553 2138 717 2166 ΜΑΡΤΙΟΣ.

230 2192 265 2216 α’.
289 2190 345 2226 Τῆς
365 2191 447 2225 ἁγίας
470 2192 609 2228 μάρτυρος
629 2193 772 2226 Εὖδοκίας.

231 2235 265 2270 β’.
287 2236 367 2264 Λείπ.

232 2280 268 2315 γ’.
286 2282 339 2309 Τοῦ
358 2283 438 2317 ἁγίου
455 2283 630 2312 Βασιλίσκου.

180 2337 186 2343 ·
233 2326 264 2353 δ’.
283 2327 336 2353 Τοῦ
351 2329 424 2355 ὁσίου
445 2329 583 2364 Ἦσυχίου.

233 2375 263 2399 ε’.
279 2373 333 2400 Τοῦ
350 2374 428 2408 ἁγίου
443 2375 577 2407 Κόνωνος.

231 2422 269 2451 ς’.
282 2420 342 2447 Τῶν
358 2420 443 2455 ἁγίων
460 2421 505 2457 μβ’
517 2422 676 2458 μαρτύρων.

238 2510 270 2544 ζ’.
290 2512 350 2539 Τῶν
365 2513 451 2548 ἁγίων
467 2513 489 2546 ζ’
506 2514 560 2542 τῶν
575 2515 608 2541 ἐν
623 2515 747 2550 Χερσῶνι
763 2516 930 2545 ἐπισκόπων.

231 2604 267 2639 η’.
287 2604 340 2631 Τοῦ
357 2605 432 2632 ὁσίου
448 2605 649 2642 Θεοφυλὰκτου.

233 2649 265 2677 0’.
283 2650 344 2677 Τῶν
358 2651 443 2685 ἁγίων
460 2649 497 2687 μ’.

240 2694 264 2722 ι’.
281 2695 334 2722 Τοῦ
349 2696 428 2730 ἁγίου
449 2697 588 2734 μάρτυρος
603 2700 754 2735 Κοδρὰτου.

234 2738 278 2766 ια’.
301 2740 354 2767 Τοῦ
371 2741 620 2777 ἁγίου,Σωφρονίου
636 2746 816 2782 πατριάρχου.

236 2785 280 2820 ιβ’.
302 2786 354 2813 Τοῦ
371 2787 451 2821 ἁγίου
470 2789 635 2825 Θεοφάνους.

239 2832 285 2866 ιγ’.
310 2833 362 2860 Τοῦ
377 2835 454 2869 ἁγίου
471 2836 596 2865 Σαϐίνου.

240 2876 279 2905 ιδ’.
302 2879 383 2906 Δείπ.

1035 1623 1106 1650 ejus.

1069 1661 1116 1688 20.
1129 1660 1203 1689 Beati
1226 1663 1383 1698 Paphnutii.

1070 1706 1115 1734 οι.
1132 1707 1205 1735 Beati
1221 1708 1367 1738 Timothei.

1069 1752 1114 1779 22.
1136 1752 1228 1781 Sancti
1246 1754 1358 1784 Thomas
1374 1758 1547 1792 patriarchae.

1069 1798 1115 1826 23.
1133 1799 1226 1828 Sancti
1240 1804 1451 1839 sacromartyris
1466 1804 1620 1842 Polycarpi.

1068 1843 1113 1871 91.
1134 1843 1256 1872 lnvcntio
1268 1847 1366 1881 capitis
1377 1848 1571 1878 Prazcursoris.

1069 1889 1115 1916 25.
1135 1891 1226 1918 Sancti
1240 1890 1347 1920 Tarasii
1369 1895 1542 1928 patriarchae.

1068 1935 1113 1963 26.
1130 1935 1224 1964 Sancti
1238 1939 1366 1973 martyris
1378 1938 1454 1975 Papii
1468 1945 1494 1968 et
1507 1941 1646 1969 sociorum
1665 1943 1737 1978 ejus.

1068 2025 1114 2053 27.
1132 2025 1225 2054 Sancti
1245 2028 1399 2063 Porphyrii.

1068 2070 1113 2098 28.
1129 2070 1202 2099 Beati
1219 2074 1386 2101 confessoris
1400 2074 1503 2103 Basilii.

1273 2136 1399 2164 MENSlS
1414 2137 1581 2181 hlAliTlUS.

1072 2189 1096 2216 l.
1109 2189 1216 2218 Sancta}
1229 2191 1355 2226 martyris
1371 2192 1511 2221 Eudoxim.

1071 2236 1098 2263 2.
1117 2236 1222 2265 Nullius
1238 2237 1267 2264 lit
1284 2238 1396 2267 mentio.

1071 2282 1098 2310 3.
1116 2282 1209 2310 Sancti
1229 2283 1363 2311 Basilisci.

1070 2328 1098 2355 4.
1113 2328 1188 2356 Beati
1203 2328 1343 2364 llesychii.

1071 2373 1098 2401 5.
1115 2373 1206 2401 Sancti
1218 2375 1347 2404 Cononis.

1070 2418 1097 2445 6.
1113 2419 1274 2447 Sanctorum
1309 2422 1424 2448 duorum
1456 2427 1482 2449 et
1514 2424 1693 2459 quadraginta
1724 2431 1823 2463 marty-

1035 2473 1108 2494 rum.

1073 2514 1096 2541 7.
1115 2513 1276 2542 Sanctorum
1306 2521 1409 2551 scptcm
1437 2517 1466 2545 in
1500 2518 1639 2546 Chersone
1678 2519 1823 2554 episcopo-

1036 2569 1108 2588 l‘llm.

1072 2608 1098 2634 8.
1114 2607 1189 2635 Beati
1210 2608 1417 2645 Theophylacti.

1070 2654 1097 2681 9.
1113 2654 1275 2683 Sanctorum
1295 2656 1492 2693 Quadraginta.

1072 2701 1116 2729 10.
1132 2701 1225 2729 Sancti
1244 2704 1373 2738 martyris
1386 2704 1507 2731 Codrati.

1071 2748 1116 2776 11.
1129 2747 1221 2776 Sancti
1234 2748 1379 2783 Snphronii
1393 2750 1564 2785 patriarclm.

1071 2793 1116 2820 l2.
1138 2794 1230 2821 Sancti
1245 2794 1429 2828 Theophanis.

1071 2840 1116 2867 13.
1137 2840 1229 2867 Sancti
1248 2841 1353 2869 Sabini.

1072 2886 1117 2913 M.
1133 2886 1210 2915 Nulla
1228 2888 1341 2916 mentio.
