2076 3158
219 181 293 213 1319
577 148 580 151 Ι
599 171 797 203 OPUSCULA
818 168 960 200 LlTURG
968 167 1027 198 [CA

1047 166 1222 198 INCERTIE
1236 165 1394 197 )ETATIS.
1779 159 1849 192 1320

255 242 299 269 15.
318 240 410 267 Terra:
427 244 530 263 motus.
1025 230 1047 256 Α

1025 230 1047 256 Α
1103 225 1144 253 ιε’.
1162 225 1215 252 Τοῦ
1233 224 1355 260 σεισμοῦ.

254 288 299 314 16.
315 285 393 312 Nulla
418 282 530 310 mentio.

418 282 530 310 mentio.
1090 270 1139 304 ις’.
1158 271 1238 298 Λείπ.

257 313 301 360 ii.
319 330 443 359 Ilotniuis
459 328 506 356 Dei
516 326 612 354 Alexii.

1096 318 1141 350 ιζ’.
1164 317 1217 344 Τοῦ
1231 316 1376 351 ἀνθρώπου
1390 315 1436 342 τοῦ
1451 314 1519 341 θεοῦ
1543 313 1673 346 Ἀλεξίου.

256 359 300 406 18.
316 376 407 405 Sancti
419 373 512 410 Cyrilli
528 369 760 407 Jerosolymitztni.

1098 363 1145 399 ιη’.
1160 362 1214 390 Τοῦ
1226 363 1305 397 ἁγίου
1320 361 1456 397 Κυρίλ).ου
1478 359 1738 395 Ἱεροσολυμιτάνου.

257 425 301 452 19.
318 406 480 450 Sanctortim
496 418 641 455 Chryranti
656 421 684 444 et
699 415 797 442 Dariat.

1103 409 1147 437 tii'.
1162 409 1223 437 Τῶν
1239 409 1324 444 ἁγίων
1337 407 1497 443 Χρυσὰνῦου
1514 406 1560 433 καὶ
1571 406 1696 441 Δαρείας.

255 471 301 498 20.
317 469 395 497 Nulla
414 466 526 494 mentio.

419 466 526 494 mentio.
1106 455 1142 484 κ’.
1159 456 1239 484 Λείπ.

257 517 303 543 2i.
323 514 403 542 Nulla
416 512 528 540 mentio.

429 512 528 539 nentio.
1099 502 1154 530 κα’.
1170 502 1249 530 Δείπ-

256 562 303 590 22.
323 559 415 588 Sancti
427 556 635 592 sacromartyris
650 554 754 584 Basilii.

1106 548 1158 585 κβ’.
1174 548 1228 575 Τοῦ
1244 547 1323 583 ἁγίου
1338 547 1533 584 ίερομὰρτυρος
1552 543 1703 572 Bas-lateo.

258 609 303 636 23.
320 606 399 634 Nulla
414 604 526 632 mentio.

433 604 526 632 lentio.
1101 598 1154 630 κγ’.
1174 595 1253 622 Δείπ.

258 654 305 681 21.
318 652 397 679 Nulla
412 649 524 678 mentio.

429 649 524 678 tentio.
1105 641 1155 669 κδ’.
1170 641 1249 668 Λείπ.

258 699 306 727 25.
321 695 500 725 Annuntiatio
514 694 649 729 Deipam.

1099 686 1148 714 κε’.
1173 688 1202 714 '0
1218 686 1417 722 εὐαγγελισμὺς
1431 686 1481 722 τῆς
1495 685 1637 713 Θεοτόκου.

258 761 295 767 -
309 743 475 778 ln_liturgia.

1172 734 1212 765 εἰς
1230 734 1278 768 τὴν
1291 732 1472 769 λειτουργίαν.

260 792 306 819 26.
326 790 405 818 Nulla
418 787 532 816 mentio.

432 787 532 816 mentio.
1101 782 1159 812 σις’.
1172 779 1252 806 Λείπ.

261 838 306 866 27.
323 837 430 864 Sanctae
442 835 581 862 Matronae.

1110 827 1162 858 κζ’.
1190 826 1244 860 Τῆς
1262 824 1344 858 ἁγίας
1366 823 1530 859 Ματρώνας.

262 884 308 911 28.
321 882 398 910 Nulla
412 882 523 908 mentio.
1038 903 1057 911 ,ἱ

434 882 523 908 lentio.
1038 903 1057 911 ,ι
1103 872 1158 907 κη’.
1173 872 1254 901 Λείπ.

321 903 403 955 που.
422 903 536 954 mentio.
1037 903 1059 930 Β

434 926 536 954 nentio.
1037 903 1059 930 Β
1107 903 1159 947 κδ’.
1175 919 1254 946 Λείπ.

265 976 311 1004 30.
328 974 420 1002 Sancti
433 971 547 1000 Joannis
556 970 681 999 Cl.tnaci.

1106 966 1138 994 λ’.
1155 965 1208 993 Τοῦ
1222 966 1300 1000 ἁγίου
1322 965 1446 992 Ἰωάννου
1459 963 1508 998 τῆς
1521 962 1674 998 Κλίμακος.

264 1023 310 1051 51.
326 1021 404 1050 Nulla
421 1019 534 1048 mentio.

440 1019 534 1048 lentio.
1107 1012 1159 1039 λα’.
1178 1011 1257 1039 Λείπ.

471 1072 597 1102 MENSIS
622 1071 770 1100 APRILIS.

1319 1065 1398 1092 MHN
1419 1063 1612 1091 ΑΠΡΙΛΔΙΟΣ.

265 1135 292 1162 1.
302 1134 393 1161 Beata;
405 1130 509 1159 Mariae.

1108 1120 1144 1149 α’.
1165 1121 1221 1156 Τῆς
1237 1120 1316 1151 ὁσίας
1329 1119 1449 1154 Μαρίας.

263 1180 291 1208 2.
305 1179 470 1208 Sanctorum
481 1175 629 1212 Amphiani
653 1179 681 1203 et
697 1173 800 1202 Edesii.

1107 1167 1141 1203 β’.
1159 1166 1221 1193 Τῶν
1235 1166 1320 1201 ἁγίων
1338 1164 1499 1200 ’Δμφιανοῦ,
1516 1165 1564 1191 καὶ
1583 1164 1720 1191 Ἐδεσίου.

267 1227 294 1256 5.
307 1225 386 1254 Nulla
399 1223 513 1252 mentio.

418 1223 513 1252 lentio.
1107 1217 1144 1249 γ’.
1157 1214 1238 1242 Λείπ.

265 1274 292 1301 1.
310 1271 403 1299 Sancti
414 1268 546 1297 Theoduli
563 1272 591 1296 et
600 1268 737 1296 sociorum
749 1267 820 1302 ejus.

1108 1259 1140 1288 δ’.
1154 1259 1209 1287 Τοῦ
1224 1259 1303 1294 ἁγίου
1318 1258 1477 1289 Θεοδούλου,
1495 1258 1543 1284 καὶ
1557 1257 1611 1284 τῶν
1626 1257 1675 1284 σὺν
1689 1256 1774 1292 αὐτῷ.

264 1319 290 1346 5.
309 1317 386 1345 Nulla
399 1316 512 1344 mentio.

427 1316 512 1344 entio.
1110 1305 1142 1334 ε’.
1163 1306 1245 1333 Λείπ.

267 1366 294 1393 6.
317 1364 408 1392 Sancti
423 1362 548 1398 Eutychii
561 1359 734 1398 patriarcha.

1110 1351 1149 1385 ς’.
1171 1351 1226 1378 Τοῦ
1240 1350 1319 1386 ἁγίου
1333 1350 1466 1385 Εὐτυχίου
1483 1349 1663 1384 πατριάρχου.

269 1412 295 1439 7.
313 1411 406 1439 Sancti
423 1396 525 1437 Rutini.
563 1396 570 1398 ἡ

1111 1398 1144 1432 ς’.
1161 1397 1216 1425 Τοῦ
1230 1398 1308 1432 ἁγίου
1327 1396 1479 1431 Ῥουφίνου.

266 1457 293 1484 8.
308 1456 473 1484 Sanctorum
496 1452 685 1489 apostolorum
733 1448 795 1477 Rufi
830 1453 858 1477 ct
886 1447 1024 1477 sociorum

1116 1443 1153 1480 η’.
1178 1444 1240 1471 Τῶν
1259 1443 1346 1478 ἁγίων
1366 1441 1524 1470 ἀποστόλων
1543 1440 1655 1476 Ῥούφου
1676 1439 1790 1466 καὶτῶν
1815 1438 1864 1466 σὺν

232 1504 305 1539 ejus.
1076 1490 1162 1539 αὐτῇ).

268 1550 295 1578 9.
315 1549 392 1577 Nulla
404 1547 519 1576 mentio.
1041 1573 1060 1578 _

439 1547 519 1575 :ntio.
1041 1573 1060 1578 _
1119 1535 1153 1564 θ’.
1179 1535 1259 1564 Δείπ.

272 1573 313 1624 ti).
331 1573 572 1629 sancti-Vniartyris
584 1591 716 1621 Terentii.
1038 1573 1062 1607 θ

1038 1573 1062 1607 c
1117 1585 1144 1610 t'.
1159 1581 1214 1609 Τοῦ
1230 1581 1310 1616 ἁγίου
1326 1580 1465 1616 μάρτυρος
1479 1579 1634 1615 Τερεντίου.

268 1642 281 1669 ι
290 1643 313 1670 ι.
328 1640 421 1669 Sancti
439 1627 557 1674 Antipae.

1118 1631 1160 1656 ια’.
1175 1628 1230 1656 Τοῦ
1243 1627 1323 1663 ἁγίου
1341 1627 1462 1655 Ἀντίπα.

269 1688 313 1715 12.
329 1686 407 1714 Nulla
423 1685 536 1713 mentio.

435 1685 536 1713 nentio.
1114 1674 1160 1710 ιβ’.
1176 1674 1255 1702 Δείπ.

268 1735 312 1762 15.
331 1733 410 1760 Nulla
424 1731 540 1759 mentio.

436 1731 540 1759 nentio.
1114 1723 1161 1756 ιγ’.
1175 1719 1256 1748 Λείπ.

272 1780 315 1807 11.
331 1778 411 1806 Nulla
431 1778 544 1805 mentio.

435 1778 544 1805 mentio.
1115 1766 1156 1794 ιδ’.
1176 1765 1255 1793 Λείπ.

272 1826 317 1853 15.
333 1824 414 1852 Nulla
430 1823 541 1851 mentio.

435 1823 541 1850 mentio.
1113 1810 1155 1839 ια’.
1174 1811 1255 1839 Δείπ.

272 1870 316 1899 16.
333 1869 441 1898 Sanctae
456 1869 574 1904 Agapes.
587 1872 614 1896 et
629 1867 766 1896 sociarum
778 1866 850 1902 ejus.

1115 1857 1166 1890 ις’.
1187 1857 1244 1904 Τῆς
1256 1857 1337 1892 ἁγίας
1356 1857 1492 1892 Ἀγὰπης.
1507 1857 1555 1884 καὶ⁵
1567 1855 1622 1883 τῶν
1637 1857 1686 1883 σὺν
1698 1856 1778 1892 αὐτῇ.

270 1917 315 1945 ιτ.
333 1915 411 1943 Nulla
429 1903 543 1943 mentio.

443 1903 543 1943 mentio.
1115 1904 1159 1936 ιζ’.
1181 1903 1263 1930 Λείπ.

270 1963 316 1991 18.
331 1961 424 1990 Sancti
444 1960 550 1988 Jacobi.

1117 1950 1163 1985 ιη’.
1184 1950 1239 1977 Τοῦ
1255 1950 1333 1985 ἁγίου
1354 1949 1494 1977 Ἰακώεου.

272 2010 317 2038 19.
335 2009 414 2036 Nulla
426 2007 539 2035 mentio.

436 2007 539 2035 nentio.
1116 1997 1160 2026 tB'.
1173 1997 1255 2024 Δείπ.

272 2056 319 2084 20.
337 2055 415 2082 Nulla
427 2054 541 2082 mentio.

433 2054 541 2082 mentio.
1119 2048 1156 2073 κ’.
1172 2044 1253 2073 Aet-1t.

272 2102 320 2130 2i.
336 2101 416 2129 Nulla
429 2101 542 2128 mentio.

457 2101 542 2128 entio.
1118 2095 1172 2120 κω.
1195 2092 1275 2119 Λείπ.

272 2148 318 2176 22.
331 2148 404 2175 Beati
417 2146 554 2174 Theodori
566 2146 677 2174 Siceoti.

1114 2138 1168 2173 κβ’.
1185 2137 1239 2165 Τοῦ
1256 2137 1330 2164 ὁσίου
1347 2137 1486 2172 Θεοδώρου
1503 2136 1651 2164 Σικεὼτου.

274 2195 319 2222 25.
334 2193 427 2221 Sancti
443 2197 571 2228 martyris
585 2191 706 2227 Georgii.

1122 2183 1176 2218 κγ’.
1197 2182 1250 2209 Τοῦ
1268 2183 1347 2217 ἁγίου
1361 2182 1500 2218 μάρτυρος
1511 2182 1659 2217 Γεωργίου.

273 2239 319 2266 21.
335 2237 415 2266 Nulla
429 2237 542 2265 mentio.
1045 2246 1073 2277 D

457 2237 542 2265 entio.
1045 2246 1073 2277 D
1191 2229 1272 2277 ῥείπ.

268 2285 316 2312 25.
334 2283 426 2311 Sancti
438 2283 555 2318 apostoli
573 2281 668 2309 Marci.
1045 2273 1068 2277 ⁷

1045 2273 1068 2277 ⁷
1122 2275 1170 2304 κε’,
1190 2275 1244 2303 Τοῦ
1256 2275 1335 2310 ἁγίου
1348 2274 1500 2302 ἀποστόλου
1514 2273 1630 2309 Μάρκου

271 2330 318 2357 26.
333 2329 426 2356 Sancti
445 2328 654 2363 sacrornartyris
670 2326 773 2355 Basilii.

1121 2325 1178 2355 xg’.
1197 2322 1250 2349 Τοῦ
1267 2322 1345 2356 ἁγίου
1359 2321 1558 2357 ιερομάρτυρος
1571 2320 1724 2348 Βασιλιίου.

275 2375 320 2404 27.
336 2375 416 2402 Nulla
430 2374 541 2402 mentio.

460 2374 541 2401 entio.
1125 2369 1177 2401 κζ’.
1199 2368 1280 2396 Λείπ.

275 2420 321 2450 28.
340 2421 421 2448 Nulla
437 2420 550 2449 mentio.

446 2420 550 2449 nentio.
1121 2417 1174 2449 κη’.
1187 2413 1266 2440 Λείπ.

274 2468 321 2496 29.
339 2467 433 2495 Sancti
449 2465 559 2494 Simeon
577 2467 686 2501 cognati
701 2465 818 2492 Domini.

1117 2458 1169 2486 10'.
1183 2459 1237 2485 Τοῦ
1251 2458 1329 2493 ἁγίου
1343 2457 1457 2493 Συμεὼν
1468 2457 1515 2484 τοῦ
1532 2456 1681 2492 συγγενοῦς
1696 2456 1742 2483 τοῦ
1757 2455 1869 2492 Κυρίου.

274 2513 321 2541 50.
336 2512 430 2540 Sancti
444 2511 540 2539 Jacobi
566 2512 657 2539 I'ratris
673 2511 733 2538 Dei.

1122 2505 1155 2533 λ’.
1177 2504 1231 2532 Τοῦ
1244 2504 1323 2539 ἁγίου
1345 2503 1473 2531 Ἰακώϐου
1488 2503 1536 2530 τοῦ
1550 2503 1666 2539 ἀδελφοῦ
1680 2503 1759 2531 Θεοῦ.

498 2566 627 2594 ΜΕΝ815
653 2564 772 2594 MAIUS.

765 2585 772 2594 ,
1370 2559 1449 2585 MHN
1465 2559 1581 2586 ΜΔΙΟΣ.

277 2622 304 2649 1.
319 2620 412 2648 Sancti
430 2620 566 2655 prophetae
577 2618 712 2647 Jeremiae.

1118 2623 1154 2643 α.
1174 2613 1228 2641 Τοῦ
1243 2614 1322 2648 ἁγίου
1339 2615 1480 2650 προφήτου
1502 2614 1645 2650 Ἱερεμίου.

272 2667 301 2694 2.
316 2667 410 2694 Sancti
425 2666 581 2693 Athanasii.

1122 2660 1157 2697 β’.
1179 2660 1233 2688 Τοῦ
1252 2660 1330 2694 ἁγίου
1348 2661 1520 2688 Ἀθανασίου.

275 2714 303 2740 5.
318 2712 411 2740 Sancti
427 2711 555 2747 martyris
568 2710 714 2739 Timothei.

1122 2706 1157 2741 γ’.
1181 2707 1236 2734 Τοῦ
1249 2707 1329 2743 ἁγίου
1343 2707 1483 2744 μάρτυρος
1498 2706 1643 2742 Τιμοθέου.

276 2760 302 2786 4.
316 2758 394 2785 Nulla
406 2757 520 2785 mentio.

424 2757 520 2785 tentio.
1115 2752 1148 2780 δ’.
1163 2753 1244 2780 Ast-rt.

279 2805 305 2830 5.
320 2803 398 2831 Nulla
416 2803 530 2836 mentio,

423 2803 530 2836 nentio,
1118 2803 1149 2827 ε’.
1165 2800 1243 2827 Δείπ.

279 2849 306 2876 ϐ.
319 2849 388 2878 Justi
403 2850 465 2877 Job.

1119 2849 1157 2879 ς’.
1174 2847 1228 2874 Τοῦ
1242 2847 1347 2875 δικαίου
1367 2846 1426 2874 ἰώδ

279 2891 305 2920 7.
318 2893 397 2922 Nulla
410 2894 523 2923 mentio.

429 2894 523 2923 lentio.
1118 2894 1152 2926 ζ’.
1169 2894 1249 2921 Λείπ.
