2076 3158
192 181 253 211 1321
859 180 1118 211 SYNAXAHIUM.
1745 181 1810 212 13ἳὲ

226 239 259 272 η’.
276 238 329 264 Τοῦ
342 238 420 271 ἁγίου
443 237 570 264 Ἰωάννου
585 237 632 263 τοῦ
646 238 790 270 Θεολὸγου.

223 299 257 305 -—
280 285 319 319 Τῇ
335 285 403 319 αὐτῇ
418 284 510 319 ἡμέρᾳ
525 284 664 319 μάρτυρος
687 284 823 310 Ἀκακίου.

223 330 256 358 0'.
280 331 332 357 Τοῦ
346 331 484 366 προφήτου
506 331 627 357 Ἡσαΐου.

223 391 258 396 -
275 377 315 412 Τῇ
335 377 404 412 αὐτῇ
423 376 514 412 ἡμέρᾳ.
538 376 585 402 τοῦ
604 375 681 409 ἁγίου
701 375 838 411 μάρτυρος
859 376 976 402 Χοιστο-

188 422 281 458 φόρου.
836 438 838 440 ,

225 467 252 493 ι’.
274 467 327 493 Τοῦ
341 466 491 493 ἀποστόλου
505 466 637 501 Σίμωνος.

225 511 271 538 ια’.
285 511 337 537 Τοῦ
354 510 431 544 ἁγίου
452 510 589 546 μάρτυρος
603 510 725 537 Μωκίου.

227 557 272 592 ιβ’.
294 557 346 583 Τοῦ
360 558 435 584 ὁσίου
452 557 610 591 Ἐπιφανίου
625 558 673 583 καὶ
688 556 842 592 Γερμανοῦ.

227 603 271 637 ιγ’.
291 603 370 631 Λείπ,

227 647 268 675 ιδ’.
283 648 336 674 Τοῦ
352 649 429 682 ἁγίου
451 647 597 683 Ίσιδώρου,
613 648 660 675 καὶ
675 647 834 682 Παχωμίου.

227 697 268 722 ιε’.
285 694 365 722 Λείπ.

224 743 272 771 ις’.
287 739 340 766 Τοῦ
357 739 435 773 ἁγίου
450 740 590 774 προφήτου
608 738 754 774 Ζαχαρίου.

229 783 273 816 ιζ’.
290 785 370 812 Δείπ.

230 830 274 864 ιη’.
290 831 369 858 Λείπ.

226 877 270 903 ιθ’.
292 876 346 903 Τοῦ
366 877 444 911 ἁγίου
460 877 620 911 Πατρικίου.

227 925 261 949 κ’.
283 922 336 948 Τοῦ
358 923 436 956 ἁγίου
454 923 611 950 Θαλελαίου.

221 968 274 995 καί.
288 969 348 995 Τῶν
364 969 449 1003 ἁγίων
467 969 684 1001 Κωνσταντίνου,
701 969 746 996 καὶ
766 969 884 1005 Ἑλένης.

227 1013 280 1048 κβ’.
298 1013 352 1040 Τοῦ
371 1014 450 1048 ἁγίου
471 1014 645 1041 Βασιλίσκου.

229 1058 283 1093 κγ’.
301 1059 382 1086 Λείπ.

226 1106 274 1132 κδ’.
298 1104 351 1131 Τοῦ
365 1105 440 1132 ὁσίου
455 1105 566 1140 Συμεὼν
583 1105 630 1132 τοῦ
644 1105 801 1140 θαυμαστοῦ
820 1106 908 1142 ὅρους.

225 1150 275 1177 κε’.
293 1151 374 1177 Δειπ.

225 1196 282 1229 κς¹.
300 1196 353 1224 Τοῦ
369 1197 447 1231 ἁγίου
462 1197 611 1224 ἀποστόλου
633 1197 728 1225 Ἰούδα.

230 1243 281 1275 κζ’.
297 1243 377 1270 Λείπ.

226 1294 278 1326 κη’.
295 1290 347 1316 Τοῦ
364 1290 442 1324 ἁγίου
459 1291 597 1326 μάρτυρος
616 1290 746 1319 Ἐλαδίου.

224 1336 276 1363 κθ¹.
294 1336 350 1371 Τῆς
369 1337 449 1371 ἁγίας
468 1338 605 1373 μάρτυρος
619 1336 771 1368 Θεοδοσίας.

232 1381 264 1409 λ’.
280 1383 361 1410 Δείπ.

231 1427 282 1455 λα’.
301 1428 354 1455 Τοῦ
369 1427 447 1462 ἁγίου
462 1428 614 1456 ἀποστόλου
638 1429 819 1464 Ἀνδρονίκου.

461 1492 539 1519 ΜΗΝ
555 1492 703 1519 ΙΟΥΝΙΟΣ.

232 1558 267 1583 α’.
284 1554 337 1582 Τοῦ
353 1555 431 1589 ἁγίου
451 1555 606 1582 Ίουστίνου.

229 1600 263 1636 β’.
279 1601 333 1627 Τοῦ
352 1600 429 1635 ἁγίου
448 1601 605 1636 Νικηφόρου
620 1601 799 1636 πατριάρχου.

229 1647 266 1682 γ’.
281 1648 335 1675 Τοῦ
353 1648 430 1682 ἁγίου
450 1647 586 1682 μάρτυρος
602 1647 762 1674 Λουκιανοῦ.

226 1694 258 1721 δ’.
277 1694 330 1721 Τοῦ
348 1694 425 1728 ἁγίου
440 1694 648 1730 Μητροφάνους.

231 1739 262 1767 ε’.
277 1739 358 1767 Λείπ.

225 1784 263 1818 ς’.
281 1786 333 1812 Τοῦ
351 1786 428 1820 ἁγίου
449 1785 597 1821 Δωροθέου.

228 1830 261 1864 ζ’.
279 1830 332 1858 Τοῦ
351 1831 429 1865 ἁγίου
451 1831 590 1866 μάρτυρος
602 1830 740 1858 Θεοδότου.

230 1876 267 1913 η’.
284 1877 338 1904 Τοῦ
355 1877 432 1911 ἁγίου
450 1878 590 1912 μάρτυρος
606 1876 745 1912 Θεοδώρου
762 1877 905 1912 Εὐχαϊτου.

229 1922 262 1950 0'.
278 1924 358 1950 Λείπ.

229 1972 254 1996 ι’.
275 1969 354 1995 Λείπ.

230 2018 274 2041 ια’.
290 2015 351 2040 Τῶν
365 2014 522 2041 ἀποστόλων
538 2014 754 2049 Βαρθολομαίου,
766 2013 812 2040 καὶ
829 2012 965 2048 Βαρνὰὂα.

232 2059 274 2095 ιβ’.
292 2061 345 2087 Τοῦ
360 2061 434 2087 ὁσίου
459 2061 627 2094 Ὀνουῳρίου.

233 2112 277 2142 ιγ’.
294 2109 349 2143 Τῆς
364 2109 444 2142 ἁγίας
465 2108 619 2142 Ἀκυλίνης.

229 2154 270 2180 ιδ’.
287 2153 340 2181 Τοῦ
360 2154 438 2187 ἁγίου
451 2155 590 2189 προφήτου
615 2151 779 2179 Ἐλισσαίου.

230 2199 271 2227 ιε’.
283 2201 363 2227 Λείπ.

229 2245 275 2278 ις’.
291 2245 343 2272 Τοῦ
358 2245 436 2280 ἁγίου
452 2246 587 2281 Τύχωνος.

228 2291 271 2324 ιζ’.
284 2292 337 2318 Τοῦ
351 2292 427 2326 ἁγίου
440 2291 569 2326 Μανουὴλ
581 2290 626 2316 καὶ
640 2289 694 2315 τῶν
708 2289 756 2315 σὺν
766 2289 849 2324 αὐτῷ.

228 2340 273 2372 ιη’.
283 2337 337 2363 Τοῦ
350 2337 426 2370 ἁγίου
444 2336 581 2372 μάρτυρος
596 2335 732 2362 Λεοντίου.

227 2381 270 2409 ιϐ’.
285 2382 339 2408 Τοῦ
348 2382 425 2416 ἁγίου
441 2381 576 2416 Ζωσίμου.

227 2431 262 2454 κ’.
279 2428 361 2454 Λείπ.

228 2471 281 2499 κα¹.
299 2472 352 2498 Τοῦ
368 2472 446 2507 ἁγίου
461 2472 598 2508 μάρτυρος
619 2471 773 2499 Ἰουλιανοῦ.

227 2519 280 2554 κβ¹.
297 2518 350 2545 Τοῦ
361 2519 440 2553 ἁγίου
459 2519 594 2554 μάρτυρος
609 2517 749 2544 Εὐσεσίου.

226 2567 280 2598 κγ’.
293 2565 348 2598 Τῆς
364 2565 444 2598 ἁγίας
457 2564 595 2599 μάρτυρος
612 2562 802 2598 Ἀγριππίνης.

227 2611 275 2636 κδ’.
288 2609 324 2635 Τὸ
339 2610 459 2643 γενέσιον
471 2609 518 2636 τοῦ
533 2609 700 2644 Προδρόμου.

227 2655 277 2684 κε’.
296 2657 351 2691 Τῆς
364 2656 445 2690 ἁγίας
464 2655 628 2691 Φεϐρωνίας.

228 2705 287 2735 κς’.
303 2701 357 2728 Τοῦ
371 2701 446 2728 ὁσίου
462 2700 591 2736 Σαμψών.

227 2748 278 2780 κζ’.
295 2747 375 2774 Acin.

227 2796 281 2828 κη’.
297 2793 350 2819 Τοῦ
361 2793 438 2828 ἁγίου
454 2793 546 2828 Κύρου
559 2793 607 2820 καὶ
627 2792 760 2820 Ἰωάννου.

229 2837 280 2865 κθε
293 2838 353 2865 Τῶν
366 2839 452 2873 ἁγίων
467 2838 623 2866 ἀποστόλων
637 2838 740 2874 Πέτρου
754 2839 798 2866 καί
808 2839 923 2867 Παύλου.

229 2884 261 2912 λ’.
275 2885 334 2912 Τῶν
349 2886 380 2920 ιβ’
395 2885 560 2912 ἀποστόλων.

353 2933 490 2962 Partum.
512 2934 570 2962 GR.
592 2931 672 2963 CVI.

993 242 1014 269 Α
1068 239 1094 266 8.
1113 238 1204 265 Sancti
1222 238 1336 265 Joannis
1351 238 1491 273 Tlteologi.

1066 300 1098 306 —-
1113 285 1212 312 Eadem
1223 285 1276 317 dic,
1291 286 1419 319 martyris
1429 286 1533 313 Acacii.

1059 331 1084 358 9.
1103 330 1247 365 Propheta:
1264 331 1351 358 Isaiae.

1076 392 1099 397 —
1112 377 1213 404 Eadem
1229 377 1284 411 dic,
1301 378 1389 405 sancti
1405 378 1530 414 martyris
1545 378 1744 412 Chrislopltoﬁ.

1062 467 1105 494 10.
1120 467 1241 502 Apostoli
1260 467 1390 496 Simonis.

1064 514 1107 540 11.
1127 513 1218 540 Sancti
1238 516 1365 549 martyris
1380 515 1469 542 Mocii.

1063 560 1107 587 12.
1123 560 1197 587 Beati
1212 560 1354 595 Epipltanii
1385 567 1411 588 ct
1426 563 1565 590 Germani.

1064 606 1108 633 15.
1124 606 1202 634 Nulla
1215 608 1328 634 mentio.

1065 651 1107 677 14.
1121 650 1315 678 Sanetilsitlori
1328 652 1510 681 ctPacltontii.

1063 695 1108 722 1.5.
1121 695 1199 723 Nulla
1216 697 1327 724 mentio.

1064 740 1109 767 16.
1126 740 1219 768 Sancti
1235 741 1371 775 propheta:
1384 742 1531 770 Zachariae.

1062 786 1107 813 17.
1119 785 1194 813 Nulla
1207 787 1320 814 mentio.

1059 831 1103 858 18.
1122 831 1198 859 Nulla
1213 833 1326 858 mentio.

1063 877 1107 904 19.
1123 876 1216 905 Sattcti
1243 877 1364 904 Patricii.

1063 923 1108 950 20.
1126 923 1219 951 Sancti
1241 923 1377 951 'l‘ltalelrei.

1063 969 1108 996 21.
1124 969 1286 996 Sanctorum
1300 970 1471 997 Constantini
1490 976 1517 998 et
1528 971 1652 999 Helenes.

1062 1015 1108 1042 22.
1123 1014 1216 1042 Sancti
1227 1015 1362 1043 Basilisci.

1062 1060 1108 1088 25.
1124 1060 1202 1088 Nulla
1215 1061 1328 1089 mentio.

1062 1105 1108 1132 οι.
1126 1105 1202 1132 Beati
1222 1106 1334 1133 Simeon
1354 1107 1485 1135 tnirabilis
1496 1109 1607 1136 montis.

1061 1151 1108 1178 25.
1128 1150 1207 1178 Nulla
1219 1151 1331 1178 mentio.

1060 1196 1106 1224 26.
1128 1197 1220 1224 Sancti
1236 1198 1351 1232 apostoli
1366 1197 1453 1226 Iudae.

1062 1242 1107 1269 27.
1119 1241 1196 1269 Nulla
1213 1244 1325 1270 mentio.

1062 1287 1106 1314 28.
1123 1287 1217 1315 Sancti
1230 1289 1357 1323 martyris
1373 1289 1470 1317 Elatlii.

1061 1333 1107 1362 29.
1122 1334 1229 1361 Sancta:
1241 1337 1368 1370 martyris
1387 1335 1555 1365 Theodosia.

1062 1379 1107 1406 50.
1122 1378 1200 1406 Nulla
1216 1381 1327 1408 mentio.

1059 1425 1105 1453 51.
1122 1425 1216 1453 Sancti
1230 1427 1345 1461 apostoli
1359 1427 1522 1456 Andronici.

1283 1489 1407 1517 MENSIS
1426 1490 1557 1520 JUNlUS.

1066 1554 1092 1582 1.
1107 1554 1198 1581 Sancti
1212 1554 1321 1582 Justitti.

1066 1599 1094 1628 2.
1110 1600 1202 1627 Sancti
1218 1600 1362 1635 Niccpltori
1377 1601 1547 1636 patriarcha.

1064 1645 1092 1673 ὅ.
1112 1644 1203 1672 Sancti
1222 1646 1351 1680 martyris
1363 1646 1477 1673 Luciani

1062 1692 1089 1719 ι.
1105 1691 1197 1718 Sancti
1213 1691 1409 1726 Mclrophanis.

1065 1738 1091 1765 5.
1105 1737 1183 1764 Nulla
1201 1738 1310 1765 mentio.

1064 1783 1091 1811 6.
1110 1784 1201 1811 Sancti
1221 1783 1360 1811 Dorotltci.

1065 1831 1091 1858 7.
1108 1830 1199 1857 Sancti
1218 1831 1344 1866 martyris
1362 1831 1506 1860 Theodoti.

1065 1877 1092 1904 8.
1114 1876 1207 1904 Sancti
1223 1877 1350 1912 martyris
1365 1877 1501 1904 Theodori
1521 1877 1661 1905 Encltai'a:

1062 1923 1089 1950 9.
1106 1922 1186 1949 Nulla
1196 1923 1308 1949 mentio.

1066 1969 1111 1996 10.
1127 1968 1204 1995 Nulla
1219 1968 1330 1994 mentio.

1064 2014 1106 2040 11.
1117 2014 1307 2048 Apostolorum
1321 2014 1511 2041 Bartltolomei
1526 2019 1553 2041 et
1567 2013 1708 2044 Barttabat.

1062 2059 1105 2086 1‘2.
1121 2059 1195 2086 Beati
1217 2058 1360 2093 Onupltrii.

1066 2105 1110 2132 13.
1125 2104 1231 2132 Sanctae
1241 2105 1371 2140 Acylinae.

1068 2150 1112 2177 Η.
1128 2150 1219 2177 Sancti
1237 2150 1375 2185 propheta:
1392 2149 1491 2178 Elisazi.

1065 2196 1110 2224 15.
1121 2195 1200 2222 Nulla
1213 2196 1325 2223 mentio.

1067 2242 1111 2269 16.
1125 2241 1217 2269 Sancti
1232 2241 1378 2277 Tychonis.

1066 2287 1110 2314 17.
1127 2287 1220 2314 Sancti
1232 2287 1338 2314 Manucl
1353 2293 1378 2314 ct
1394 2289 1531 2315 sociorum
1545 2288 1613 2323 cius.

1069 2334 1113 2361 18.
1132 2333 1223 2360 Sancti
1241 2334 1368 2367 martyris
1380 2334 1498 2361 Lconlii.

1067 2380 1111 2407 19.
1130 2380 1223 2407 Sancti
1241 2379 1355 2407 Zosimi.

1063 2425 1109 2452 20.
1128 2425 1207 2452 Nulla
1221 2426 1333 2452 ntentio.

1065 2471 1111 2498 21.
1131 2470 1222 2498 Sancti
1239 2471 1366 2506 martyris
1378 2469 1490 2497 Iuliani.

1067 2517 1113 2544 22.
1133 2517 1226 2544 Sancti
1244 2517 1371 2552 martyris
1386 2516 1503 2543 Eusebii.

1067 2565 1114 2592 2'5.
1133 2564 1240 2592 Sanctae
1257 2565 1384 2599 martyris
1399 2563 1563 2599 Agrippina.

1066 2611 1112 2638 24.
1128 2610 1262 2638 Nativitas
1277 2610 1467 2646 praecursoris.

1066 2656 1113 2683 25.
1130 2656 1236 2683 Sancta:
1251 2655 1400 2683 Febroniaa.

1065 2701 1111 2728 26.
1127 2701 1202 2728 Beati
1221 2701 1348 2728 Samson.

1066 2747 1111 2774 27.
1127 2747 1207 2774 Nulla
1226 2748 1339 2774 mentio.

1067 2793 1112 2820 28.
1128 2793 1220 2821 Sancti
1235 2793 1298 2828 Cyri
1318 2798 1344 2821 ct
1356 2793 1471 2821 Joannis

1066 2839 1113 2866 29.
1130 2838 1294 2867 Sanctorum
1310 2840 1494 2874 apostolorum
1512 2838 1583 2865 l‘ctri
1594 2843 1618 2864 ct
1632 2836 1716 2864 Pauli.

1063 2886 1108 2913 50.
1126 2885 1272 2914 Duodecim
1288 2886 1474 2921 apostolorum

1562 2931 1600 2960 Η
