2076 3158
272 165 344 197 13Ξ3

538 224 666 252 MENSIS
679 225 810 253 JULIUS.

303 282 329 306 1.
348 280 511 308 Sanctorum
528 288 736 316 anargyrorutn.

302 326 330 353 2.
347 326 514 354 Veneranda
530 327 623 355 vestis.

301 372 329 399 5.
345 371 424 400 Nulla
442 372 554 400 mentio.

301 417 328 445 4.
342 418 417 445 Beati
433 418 547 445 Andreae
562 418 710 445 Cretensis.

297 464 324 490 5.
340 463 434 491 Sancti
449 464 564 498 apostoli
581 463 735 490 Fortunati.

300 509 326 537 ὓ.
343 509 420 537 Nulla
433 509 543 537 mentio.

300 556 325 583 7.
344 555 423 582 Nulla
440 557 553 582 mentio.

299 602 326 628 8.
344 601 437 628 Sancti
455 601 581 636 martyris
597 601 731 635 Procopii.

300 646 327 673 9.
343 645 436 674 Sancti
454 646 603 673 Paneratii.

300 691 343 718 10.
365 691 527 718 Sanctorum
552 691 675 726 quinque
693 695 721 717 et
742 689 923 726 quadraginta
947 695 1048 727 marty-

264 744 333 764 rum.

296 781 339 808 11.
356 781 461 808 Sanctae
474 781 600 816 martyris
611 781 777 817 Eupliemite.

298 827 341 853 η.
357 826 436 853 Nulla
451 827 562 853 mentio.

297 872 342 898 15.
358 870 436 897 Nulla
452 871 563 898 mentio.

296 916 338 943 14.
354 916 515 944 Sanctorum
529 917 712 952 apostolorum
725 918 829 953 Aquilae
842 924 869 946 et
883 919 969 947 Si.....

293 1008 337 1035 15.
352 1003 443 1035 Sancti
459 1009 547 1045 Ciryci
561 1014 587 1037 et
599 1008 710 1038 Juliltaa.

289 1054 333 1081 16.
352 1053 442 1081 Sancti
461 1056 588 1091 martyris
605 1056 800 1092 Athenogenis.

292 1101 335 1126 l7.
353 1100 459 1127 Sancta:
475 1101 605 1135 martyris
617 1100 738 1130 Marinte.

290 1147 332 1174 18.
351 1145 443 1173 Sancti
462 1146 611 1174 ASmiliani.

292 1194 335 1221 l9.
353 1193 427 1221 Beati
440 1193 483 1220 Dii
501 1197 528 1221 et
543 1192 663 1222 llarinte.

290 1238 334 1266 20.
355 1238 447 1266 Sancti
463 1238 539 1265 Elite.

288 1285 333 1312 21.
352 1285 444 1313 Sancti
462 1286 573 1314 Simeon
585 1286 651 1314 Sali.

289 1331 335 1358 '22.
353 1331 445 1359 Sancti
460 1334 587 1368 martyris
604 1332 711 1360 Phoce.

286 1376 332 1402 25.
349 1375 441 1404 Sancti
457 1378 584 1413 martyris
596 1376 749 1412 Trophimi.

288 1421 334 1451 24.
351 1421 456 1450 Sancta!
472 1423 602 1459 martyris
612 1423 770 1451 Christinae.

287 1514 334 1543 25.
350 1513 429 1542 Nulla
445 1515 559 1542 mentio.

287 1559 333 1587 26.
353 1558 445 1588 Sancti
461 1560 689 1587 Panteleemonis.

287 1605 331 1632 E7.
344 1605 537 1640 Apostolorum
556 1605 665 1633 Procori
678 1609 704 1632 et
719 1604 870 1633 Nicanoris.

286 1651 332 1678 28.
351 1651 444 1678 Sancti
462 1652 590 1687 martyris
604 1652 739 1679 Callinici.

285 1698 331 1726 29.
349 1697 513 1726 Sanctorum
529 1699 592 1725 Sil-.L-
606 1704 633 1726 et
644 1698 763 1733 Sylvani.

284 1743 329 1770 50.
345 1743 424 1771 Nulla
440 1745 553 1772 mentio.

476 1805 600 1832 MENSIS
617 1805 816 1833 AUGUSTL’S.

284 1861 310 1888 1.
326 1861 558 1888 Machabaeorum.

281 1907 309 1934 9..
327 1907 419 1934 Sancti
431 1907 639 1943 protomartyris
651 1907 792 1943 Stephani.

283 1968 320 1973 —
337 1952 436 1981 Eadem
461 1953 525 1987 die,
554 1958 709 1982 sanctorum
748 1958 850 1989 septem
890 1960 1035 1988 puerorum

249 1998 361 2034 Ephesi.

329 2044 403 2072 Beati
418 2045 503 2080 patris
519 2045 606 2073 nostri
622 2045 751 2073 Dalmatt.

282 2092 310 2118 4.
326 2090 433 2118 Sanctae
451 2091 578 2126 martyris
592 2091 720 2119 Eudocim

285 2135 311 2162 5.
325 2136 419 2163 Sancti
437 2136 569 2172 Eusignii.

278 2182 314 2208 ’6.
332 2181 547 2217 'l‘ransliguratio
559 2182 585 2209 in
600 2182 744 2209 tnatutino.
762 2180 791 2208 ln
809 2181 928 2217 lilnrgia.

281 2273 308 2300 7.
323 2272 401 2300 Nulla
415 2273 529 2300 mcntio.

283 2317 308 2344 8.
328 2317 420 2344 Sancti
437 2317 586 2344 AZmiliani.

282 2363 308 2390 9.
328 2361 418 2389 Sancti
432 2363 547 2398 apostoli
566 2363 694 2391 Matthiae.

285 2408 326 2434 10.
345 2408 436 2435 Sancti
450 2407 599 2436 Laurentii.

284 2454 326 2480 ll.
345 2453 423 2481 Nulla
444 2455 556 2482 mentio.

283 2499 326 2525 12.
345 2499 509 2526 Sanctorum
524 2499 613 2527 Photii
626 2504 652 2527 et
669 2502 785 2530 Aniceti.

285 2546 327 2572 15.
347 2545 420 2573 Beati
437 2545 556 2573 Maximi.

281 2592 323 2618 Η.
342 2592 419 2619 Nulla
436 2594 547 2620 mcntio.

283 2639 326 2666 15.
341 2638 528 2666 Sanctissimae
551 2639 681 2676 Virginis,
703 2641 730 2668 in
747 2643 891 2671 matutino.
910 2643 937 2671 ln
953 2645 1030 2672 litur-

245 2687 296 2719 εῖτ).

280 2731 322 2759 16.
343 2732 434 2760 Sancti
450 2731 597 2761 Diomedis.

279 2779 323 2804 l7.
341 2778 434 2806 Sancti
448 2778 578 2814 Myronis.

277 2824 320 2850 18.
338 2825 430 2851 Sancti
444 2824 516 2852 Flori
533 2829 562 2853 et
576 2825 671 2853 Lauri.

278 2869 321 2896 l9.
339 2869 430 2898 Sancti
444 2872 572 2908 martyris
584 2873 709 2900 Andreae.

1063 919 1084 946 Β

648 169 841 200 OPUSCULA
866 171 1073 202 Ll'l‘URGlCA
1094 172 1267 205 lNCERT/E
1288 176 1440 208 lETATlS.

1067 234 1091 263 Α

1372 233 1451 259 MHN
1469 233 1617 261 ΙΟΥΛΙΟΣ.

1142 284 1178 312 α’.
1193 285 1254 312 Τῶν
1270 287 1356 321 ἁγίων
1375 288 1548 324 ἁναργύρων.

1140 329 1173 364 β’.
1188 331 1243 364 Τῆς
1255 332 1350 367 τιμίας
1363 333 1486 369 ἐσθῆτος.

1139 378 1173 407 γ’.
1188 376 1269 402 Λείπ.

1138 421 1170 447 δ’.
1186 421 1239 448 Τοῦ
1251 422 1325 449 ὁσίου
1344 423 1469 459 ’Δνδρέου
1486 425 1608 461 Κρήτης.

1140 466 1171 494 ε’.
1185 467 1237 494 Τοῦ
1254 468 1333 503 ἁγίου
1351 470 1500 498 ἀποστόλου
1513 472 1723 508 Φονρτουνὰτου.

1138 512 1174 545 ς’.
1186 514 1267 542 Λείπ.

1139 559 1172 589 ζ’.
1191 560 1271 586 Λείπ.

1137 604 1173 637 η’.
1189 604 1242 631 Τοῦ
1255 606 1332 639 ἁγίου
1348 607 1484 643 μάρτυρος
1498 609 1659 644 Προκοπίου.

1137 648 1169 676 θ’.
1183 649 1236 676 Τοῦ
1251 650 1328 685 ἁγίου
1340 652 1525 688 Παγκρατίου.

1141 697 1169 721 ι’.
1189 695 1249 722 Τῶν
1262 696 1347 730 ἁγίων
1366 700 1408 733 με’
1425 699 1581 734 μαρτύρων.

1136 793 1162 812 ια
1173 807 1179 813 .
1201 786 1256 821 Τῆς
1272 787 1353 821 ἁγίας
1370 788 1508 825 μάρτυρος
1525 791 1679 826 Εὐφημίας.

1136 831 1178 865 ιβ’.
1198 833 1277 860 Λείπ.

1148 878 1192 912 ιγ’.
1210 881 1291 907 Λείπ.

1825 179 1834 211 ί
1840 179 1891 212 3‘21

1136 925 1175 952 ιδ’.
1189 925 1249 952 Τῶν
1260 927 1344 960 ἁγίων
1356 928 1511 956 ἀποστόλων
1527 930 1625 957 ’Δκύλα
1639 931 1685 958 καὶ
1696 932 1760 960 Σι...
1773 932 1883 968 (Super-

1094 969 1193 1003 scriptu
1207 970 1295 997 littera
1308 972 1350 1006 μ.)

1131 1017 1172 1039 ιε’.
1189 1014 1241 1041 Τοῦ
1253 1015 1330 1049 ἁγίου
1343 1017 1472 1052 Κηρύκου
1484 1020 1531 1046 καὶ
1546 1020 1699 1056 Ἰουλίττης.

1130 1058 1177 1088 ις’.
1188 1056 1240 1082 Τοῦ
1257 1057 1335 1091 ἁγίου
1352 1060 1490 1096 μάρτυρος
1511 1062 1712 1097 Ἀθηνογένους.

1129 1100 1171 1132 ις’.
1192 1101 1247 1136 Τῆς
1263 1102 1342 1136 ἁγίας
1356 1104 1494 1140 μάρτυρος
1508 1106 1645 1142 Μαρίνας.

1129 1144 1174 1179 ιη’.
1195 1146 1248 1172 Τοῦ
1259 1148 1337 1181 ἁγίου
1352 1149 1524 1183 Αἰμιλιανοῦ.

1128 1190 1172 1217 ιϐ’.
1190 1192 1243 1218 Τοῦ
1259 1193 1332 1219 ὁσίου
1343 1194 1404 1220 Δίου
1423 1196 1470 1222 καὶ
1482 1197 1617 1233 Μαρίνας.

1127 1240 1160 1263 κ’.
1175 1237 1227 1263 Τοῦ
1243 1238 1319 1271 ἁγίου
1339 1239 1440 1268 Ἠλίου.

1127 1281 1180 1308 κα’.
1194 1282 1247 1309 Τοῦ
1268 1284 1345 1317 ἁγίου
1362 1285 1474 1320 Συμεὼν
1488 1287 1536 1313 τοῦ
1546 1287 1642 1316 Σαλοῦ,

1126 1327 1179 1362 κβ’.
1192 1328 1244 1354 Τοῦ
1257 1329 1334 1363 ἁγίου
1351 1331 1488 1366 μάρτυρος
1502 1334 1593 1361 Φωκᾶ.

1126 1370 1178 1406 κγ’.
1197 1371 1250 1398 Τοῦ
1265 1374 1342 1407 ἁγίου
1365 1375 1502 1411 μάρτυρος
1516 1377 1666 1413 Τροφίμου.

1125 1416 1174 1443 κδ’.
1191 1418 1245 1453 Τῆς
1259 1419 1338 1453 ἁγίας
1359 1421 1498 1457 μάρτυρος
1514 1423 1672 1460 Χριστίνης.

1126 1462 1174 1490 κε’.
1194 1464 1225 1490 Ἦ
1237 1465 1364 1501 κοίμησις
1375 1466 1424 1501 τῆς
1436 1467 1515 1501 ἁγίας
1535 1469 1645 1505 ’Δννης.

1125 1508 1181 1541 κς’.
1194 1510 1273 1537 Λείπ.

1124 1553 1175 1587 κζ’.
1191 1556 1244 1582 Τοῦ
1260 1557 1338 1591 ἁγίου
1356 1559 1585 1595 Παντελεήμονος.

1125 1600 1179 1635 κη’.
1192 1601 1251 1629 Τῶν
1265 1603 1420 1631 ἀποστόλων
1436 1606 1574 1641 Προκόρου
1586 1607 1632 1634 καὶ
1645 1608 1814 1646 Νικάνωρος.

1127 1646 1178 1674 κο’.
1195 1647 1248 1674 Τοῦ
1264 1649 1342 1682 ἁγίου
1363 1650 1501 1686 μάρτυρος
1513 1653 1686 1682 Καλλινίκου.

1125 1689 1156 1718 λ’.
1170 1691 1229 1718 Τῶν
1241 1693 1327 1727 ἁγίων
1341 1694 1405 1721 Σίλα
1422 1697 1468 1722 καὶ
1484 1697 1638 1725 Σιλουανοῦ.

1129 1737 1179 1765 λα’.
1196 1739 1276 1765 Λείπ.

1339 1795 1417 1840 ΜἨΝ
1431 1814 1645 1845 ΑΥΓοι-εΤοΣ.

1123 1862 1157 1888 α’.
1173 1863 1232 1890 Τῶν
1239 1865 1437 1896 Μακχαὸαίων,
1661 1872 1665 1877 ’

1123 1908 1155 1943 β’.
1171 1907 1223 1936 Τοῦ
1239 1911 1316 1944 ἁγίου
1332 1914 1563 1949 πρωτομὰρτυρος
1579 1916 1724 1951 Στεφάνου.

1122 1968 1156 1974 -
1172 1956 1211 1992 Τῇ
1225 1957 1293 1993 αὐτῇ
1311 1959 1402 1994 ἡμέρᾳ
1411 1959 1465 1986 τῶν
1481 1960 1565 1994 ἁγίων
1576 1961 1645 1989 ἑτιτὰ
1657 1964 1759 1990 παίδων
1771 1964 1826 1992 τῶν
1841 1967 1872 1992 ὲν

1093 2000 1207 2036 Ἐφέσῳ.

1121 2046 1156 2080 γ’.
1172 2047 1225 2074 Τοῦ
1241 2049 1314 2076 ὁσίου
1330 2052 1432 2086 πατρὸς
1448 2053 1525 2088 ἡμῶν
1539 2055 1691 2091 Δαλμάτου.

1121 2093 1151 2119 δ’.
1173 2093 1229 2128 Τῆς
1247 2095 1326 2129 ἁγίας
1339 2097 1476 2134 μάρτυρος
1488 2099 1629 2133 Εὐδοκίας.

1121 2139 1151 2166 ε’.
1167 2141 1220 2167 Τοῦ
1235 2142 1313 2176 ἁγίου
1329 2144 1481 2179 Εὺσιγνίου.

1122 2185 1159 2218 ς’.
1182 2187 1213 2212 'H
1235 2189 1445 2224 μεταμόρφωσις
1462 2192 1501 2223 εις
1512 2193 1558 2219 τὸν
1572 2193 1679 2229 δρορον.
1690 2195 1736 2227 Εἰς
1751 2195 1801 2231 τὴν
1815 2195 1869 2223 λει-

1085 2239 1130 2258 του
1134 2233 1223 2267 ργίαν.
1650 2254 1654 2258 ί

1049 2263 1071 2290 D
1120 2263 1250 2310 ζλ-Λείπ.

1117 2323 1153 2356 η’.
1169 2325 1221 2351 Τοῦ
1233 2327 1311 2361 ἁγίου
1319 2328 1489 2364 Αἰμιλιανοῦ.

1119 2366 1151 2393 θ’.
1164 2368 1218 2395 Τοῦ
1230 2370 1308 2404 ἁγίου
1325 2373 1474 2401 ἀποστόλου
1489 2376 1607 2405 Ματθία.

1118 2413 1144 2440 ι’.
1160 2414 1213 2441 Τοῦ
1230 2417 1307 2450 ἁγίου
1316 2419 1492 2454 Λαυρεντίου.

1122 2464 1166 2487 ια’.
1183 2462 1261 2489 Λείπ.

1121 2507 1163 2540 ιβ’.
1183 2507 1243 2534 Τῶν
1260 2510 1346 2543 ἁγίων
1361 2512 1463 2539 Φωτίου
1479 2515 1525 2540 καὶ
1547 2515 1698 2550 Ἃνικήτου.

1118 2555 1161 2584 ιγ’.
1181 2553 1233 2579 Τοῦ
1248 2554 1321 2582 ὁσίου
1347 2557 1482 2593 Μαξίμου.

1119 2596 1158 2623 ιδ’.
1176 2598 1256 2625 Λείπ.

1117 2643 1157 2670 ιε’.
1172 2645 1227 2679 Τῆς
1252 2647 1397 2682 παναγίας,
1422 2651 1462 2682 είς
1485 2651 1592 2687 ὄρθρον.
1611 2652 1658 2685 El;
1681 2654 1730 2689 τὴν
1745 2653 1866 2688 λειτουρ-

1081 2690 1153 2723 γίαν.

1118 2742 1166 2771 ις’.
1183 2740 1237 2766 Τοῦ
1253 2741 1331 2775 ἁγίου
1350 2743 1508 2777 Διομήδους.

1117 2784 1159 2817 ιζ’.
1176 2786 1230 2812 Τοῦ
1247 2787 1325 2821 ἁγίου
1339 2788 1483 2823 Μύρωνος.

1116 2831 1160 2868 ιη’.
1176 2833 1230 2859 Τοῦ
1249 2833 1327 2866 ἁγίου
1348 2835 1449 2871 Φλόρου
1462 2837 1509 2863 καὶ
1520 2837 1639 2873 Δαύρου.

1117 2879 1160 2905 ιϐ’.
1179 2879 1232 2906 Τοῦ
1251 2880 1329 2915 ἁγίου
1343 2881 1481 2918 μάρτυρος
1499 2883 1634 2920 Ἀνδρέου.
