2076 3158
181 200 248 232 1329
765 191 1016 225 SYNAXABIUM
1037 191 1234 222 ALTERUM.
1745 185 1813 214 13720

213 255 271 289 κς’.
288 255 321 282 'H
337 254 447 287 σύναξις
460 254 509 290 τῆς
526 252 680 288 ὕπεραγίας
696 252 839 279 Θεοτόχου.
980 251 1004 279 Δ

809 262 839 279 νυ.
980 251 1004 279 Α
1052 251 1096 277 26.
1112 248 1292 284 Congrcgatio
1305 246 1485 276 sanctissimae
1496 243 1629 280 Deiparze.

214 303 267 335 κζ’.
288 303 340 329 Τοῦ
361 302 439 337 ἁγίου
462 301 698 337 πρωτομὰρτυρος
725 301 874 335 Στεφάνου.
897 300 968 326 2&6-

770 301 874 335 ῑφάνου.
897 300 968 326 Σάὃ-
1057 297 1101 322 97.
1121 295 1213 322 Sancti
1229 293 1437 329 protomartyris
1449 289 1590 326 Stephani.

178 351 260 378 ϐατον
287 349 356 384 μετὰ
370 349 420 383 τὴν
443 346 562 382 Χριστοῦ
585 346 722 384 γέννησιν.

1057 341 1207 369 Sabhatum
1226 345 1288 376 post
1302 339 1403 367 Christi
1416 337 1599 365 nativitatem.

215 395 341 430 Κυριακὴ
372 393 440 428 μετὰ
457 393 507 428 τὴν
518 391 638 427 Χριστοῦ
656 391 795 428 γέννησιν.

767 401 795 419 ην.
1058 388 1198 415 Dominica
1213 391 1273 422 post
1287 386 1389 414 Christi
1406 385 1587 411 nativitatem.

216 441 268 467 ιϐ’.
283 440 344 466 Τῶν
357 440 443 474 ἁγίων
458 438 573 472 νηπίων.

1057 435 1102 462 29.
1118 434 1279 461 Sanctorum
1295 432 1485 468 parvulorum.

216 485 265 513 λα’.
280 486 335 521 Τῆς
356 486 433 516 ὁσίας
454 483 581 517 Μελάνης
593 484 641 518 τῆς
663 483 812 518 Ῥωμαίςις.

680 485 812 518 Ρωμαίας.
1058 481 1103 508 51.
1120 480 1207 507 Beata:
1221 479 1344 506 Melania!
1358 477 1500 504 Romamn.

412 539 489 566 MHN
520 538 764 566 [ΔΝΝΟΥΑΡΙΟΣ.

1239 533 1366 562 MENSIS
1392 530 1599 560 JANUARIUS.

217 589 253 613 α’.
275 586 308 612 Ἦ
332 585 403 612 κατὰ
430 585 520 621 σάρκα
546 585 682 621 περιτομὴ
705 584 752 611 τοῦ
775 586 876 620 Κυρίου
892 585 972 620 ἡμῶν

1060 595 1085 621 l.
1101 591 1282 621 Circumcisio
1295 590 1444 618 secundum
1464 595 1575 616 carnem
1591 583 1698 613 Domini
1721 581 1807 610 nostri

190 631 277 667 Ἰησοῦ
295 631 426 666 Χριστοῦ,
455 632 503 660 καὶ
527 633 623 668 μνήμη
637 632 683 658 τοῦ
705 632 733 658 ἐν
755 632 843 666 ἁγίοις
868 632 971 667 πατρὸς

1021 641 1086 669 Jesu
1103 638 1216 671 Christi,
1231 642 1259 666 et
1280 634 1504 665 commemoratio
1519 632 1606 661 sancti
1625 630 1709 667 patris
1724 629 1809 657 nostri

183 677 263 712 ἡμῶν
278 677 420 704 Βασιλείου
433 677 480 704 τοῦ
500 678 631 712 μεγάλου.

416 686 420 702 ι
433 677 480 704 τοῦ
500 678 631 712 μεγάλου-
1022 686 1116 714 Basilii
1132 685 1236 720 magni.

221 721 254 758 β’.
272 722 325 749 Τοῦ
341 723 418 757 ἁγίου
431 723 593 760 Σιλόέστρου
610 723 689 751 πὰπσ.
709 723 830 759 Ῥώμης.

758 732 830 759 ’μης-
1059 732 1086 758 Ξ.
1104 730 1200 758 Sancti
1215 727 1346 764 Sylvcstri
1364 732 1440 762 papae
1451 724 1578 752 Romani.

219 767 253 802 γ’.
278 769 309 795 Ἡ
326 769 436 802 σύναξις
450 769 503 796 τῶν
519 769 605 804 ἁγίων
625 769 645 796 0’
662 769 830 797 ἀποστόλων.

1058 778 1085 805 3.
1102 776 1284 811 Congregatio
1306 777 1464 802 sanctorum
1481 769 1656 807 septuaginta
1678 766 1814 804 apostolo-

1025 830 1095 850 rum.

219 860 359 888 Σάδὸατον
375 862 428 897 πρὸ
442 861 496 888 τῶν
506 861 616 889 Φώτων.

572 870 616 889 ων.
1060 866 1209 895 Sabbatum
1223 869 1285 893 ante
1295 864 1392 892 Luccs.

221 906 348 942 Κυριακὴ
360 907 413 942 πρὸ
425 907 480 934 τῶν
493 908 601 934 Φώτων.
989 921 1009 948 Β

559 917 601 934 ων·
989 921 1009 948 ιι
1058 913 1200 941 Dominica
1211 916 1274 940 ante
1281 912 1379 939 Luccs.

226 952 256 980 ε’.
271 954 310 988 Τῇ
326 955 473 989 παραμονῇ
488 953 542 980 τῶν
552 953 661 980 Φώτων.

1065 960 1091 987 5.
1108 959 1136 986 In
1152 958 1355 994 exspectatione
1370 957 1495 984 Lucium.

223 999 262 1032 ς’.
277 999 318 1025 Τὰ
332 997 398 1032 ἁγια
410 998 558 1032 Θεοφάνια.

1064 1006 1091 1032 6.
1106 1005 1206 1032 Sancta
1218 1004 1265 1031 Dei
1281 1002 1482 1031 manifestatio.

220 1044 252 1071 θ’.
268 1043 320 1070 Τοῦ
339 1044 416 1078 ἁγίου
434 1044 572 1080 μάρτυρος
587 1044 767 1072 Πολυεύκτου.

691 1053 767 1071 κτου·
1063 1051 1090 1079 9.
1106 1050 1199 1078 Sancti
1216 1049 1344 1084 martyris
1361 1047 1510 1084 Polyeuct'i.

224 1093 250 1118 ι’.
281 1089 334 1116 Τοῦ
360 1090 389 1115 ὲν
407 1089 496 1123 ἁγίοις
522 1089 623 1125 πατρὸς
649 1090 730 1125 ήμῶν
751 1090 904 1126 Γρηγορίου
927 1092 975 1119 τοῦ

187 1138 308 1165 Νύσσης.

892 1100 904 1118 υ
927 1092 975 1119 τοῦ
1065 1097 1109 1124 lt).
1127 1096 1220 1124 Sancti
1237 1096 1321 1131 patris
1340 1095 1424 1123 nostri
1443 1093 1568 1129 Gregorii
1584 1092 1712 1128 Nysseni.

214 1146 308 1171 υσσης.

223 1186 268 1214 ια’.
282 1182 335 1210 Τοῦ
351 1183 428 1217 ἁγίου
442 1183 584 1210 Θεοδοσίου
595 1183 642 1210 τοῦ
654 1184 855 1219 κοινοϐιὰρχου.

783 1193 855 1219 ρκου-
1066 1191 1109 1218 ll.
1127 1189 1219 1217 Sancti
1232 1187 1378 1216 Theodosii
1393 1185 1603 1214 coenobiarchie.

227 1228 268 1256 ιε’.
286 1228 339 1255 Τοῦ
354 1228 429 1255 ὁσίου
451 1229 576 1256 Ἰωάννου
592 1229 639 1256 τοῦ
651 1229 808 1257 καλυὸίτου.

656 1229 808 1257 καλυδίτου·
1067 1236 1111 1263 15.
1129 1235 1202 1263 Beati
1217 1234 1331 1262 Joannis
1343 1226 1476 1269 calybitie.

226 1273 272 1307 ις’.
294 1274 326 1300 Ἡ
339 1274 523 1309 προσκύνησις
533 1275 582 1309 τῆς
592 1275 686 1309 τιμίας
697 1275 821 1308 ἁλύσεως
832 1276 879 1303 τοῦ
896 1277 975 1311 ἁγίου

1067 1281 1111 1308 16.
1127 1281 1257 1308 Adoratio
1271 1280 1433 1308 venerandae
1447 1283 1551 1306 catenae
1565 1275 1654 1304 sancti
1669 1275 1742 1304 Petri
1754 1283 1821 1311 apo~

189 1320 338 1347 ἀποστόλου
357 1321 472 1356 Πέτρου.
1032 1328 1105 1356 stoli.

226 1365 268 1398 ιζ’.
283 1366 336 1393 Τοῦ
353 1367 427 1393 ὁσίου
442 1367 490 1394 καὶ
508 1367 637 1402 θεοφόρου
653 1368 757 1403 πατρὸς
769 1369 848 1404 ἡμῶν
878 1370 979 1397 Ἀντω-

1067 1374 1110 1401 l7.
1127 1373 1201 1401 Beati
1217 1377 1243 1400 et
1259 1372 1404 1408 theophori
1426 1371 1510 1406 patris
1534 1370 1621 1398 nostri
1637 1369 1746 1397 Antonii
1763 1376 1823 1395 ma-

190 1411 246 1438 νίου
261 1410 308 1437 τοῦ
326 1411 454 1446 μεγάλου.
1031 1420 1088 1455 gni.

190 1499 213 1526 Κ
228 1457 348 1525 ιηὲλῖὦν
360 1458 388 1483 ὲν
405 1457 493 1491 ἁγίοις
506 1457 634 1493 πατέρων
650 1458 729 1494 ἡμῶν
753 1460 914 1487 Ἀθανασίου
932 1462 979 1487 καὶ

218 1508 252 1526 uo
297 1508 338 1526 ου.

1069 1465 1111 1492 l8.
1136 1464 1308 1491 Sanctorum‘
1322 1467 1478 1490 nostrorum
1508 1465 1615 1496 patrum
1633 1459 1775 1487 Athanasii
1794 1462 1822 1486 et

1033 1511 1129 1526 Ρ-η-ζιιῖ

218 1508 338 1534 υριΛΛου.
1033 1511 1142 1539 Cvrilli.

227 1519 262 1572 γῇ.
275 1545 328 1572 Τοῦ
344 1545 418 1572 ὁσίου
437 1547 541 1581 πατρὸς
567 1546 644 1582 ἡμῶν
670 1547 808 1583 Εὐθυμίου
824 1549 871 1576 τοῦ
895 1551 981 1585 μεγά-

191 1590 249 1617 λου.
995 1597 1011 1617 r

1078 1519 1142 1539 run.

861 1549 871 1576 5
895 1551 981 1585 μεγά-
1033 1519 1113 1583 ηεο.
1129 1555 1202 1583 Beati
1215 1555 1299 1590 patris
1311 1554 1413 1582 nostris
1427 1553 1566 1589 Euthymii
1580 1553 1681 1588 magni.

995 1597 1017 1617 η

207 1599 249 1618 ου.
995 1597 1018 1626 c

230 1639 283 1664 ια’.
301 1636 355 1663 Τοῦ
371 1636 444 1663 ὁσίου
454 1638 557 1673 πατρὸς
571 1639 650 1674 ὴμῶν
668 1640 796 1676 Μαξίμου
815 1641 862 1668 τοῦ
884 1642 982 1678 ὁμολο-

910 1643 982 1670 ιολο-
1070 1645 1115 1674 21.
1130 1646 1205 1674 Beati
1220 1646 1306 1681 patris
1321 1646 1408 1674 nostri
1424 1644 1538 1673 Maximi
1550 1644 1730 1673 confessoris.

193 1692 289 1719 γητου.

231 1733 284 1764 κγ’.
312 1730 366 1756 Τοῦ
393 1730 472 1765 ἁγίου
513 1730 714 1768 ίιρομάρτυρος
740 1733 902 1770 Κλήμεντος
938 1735 984 1762 καὶ

1070 1730 1115 1757 25.
1131 1728 1223 1758 Sancti
1239 1731 1448 1765 sacromartyris
1476 1729 1625 1757 Clementis
1641 1732 1669 1757 et
1685 1728 1821 1764 Agathan-

199 1775 283 1809 Ἀγαο
287 1777 415 1810 αγγέλου.
1036 1777 1087 1812 geli
1092 1796 1099 1804 .

229 1821 279 1849 κε’.
297 1822 349 1848 Τοῦ
370 1823 398 1849 ἐν
422 1823 512 1857 ἁγίοις
534 1823 639 1858 πατρὸς
660 1824 739 1860 ἡμῶν
760 1825 912 1862 Γρηγορίου
934 1826 982 1854 τοῦ

893 1836 912 1854 ιυ
934 1826 982 1854 τοῦ
1070 1822 1115 1850 25.
1130 1823 1223 1851 Sancti
1236 1822 1321 1858 patris
1338 1823 1423 1851 nostri
1437 1822 1560 1858 Gregorii
1571 1822 1713 1857 Theologi.

193 1867 335 1901 Θεολόγου.

231 1913 284 1946 κζ’.
302 1915 335 1941 Ἠ
349 1916 499 1951 ἁνακομιδὴ
514 1916 560 1943 τοῦ
580 1917 708 1952 λειψάνου
722 1919 769 1945 τοῦ
786 1919 866 1953 ἁγίου
890 1920 984 1948 Ἰωάν-

1072 1915 1117 1942 27.
1131 1915 1288 1943 Translatio
1310 1915 1490 1950 reliquiarum
1509 1915 1597 1942 sancti
1611 1914 1728 1942 Joannis
1741 1914 1823 1951 Chry-

195 1968 241 1986 νου
256 1959 303 1986 τοῦ
322 1961 529 1996 Χρυσοστόμου.

340 1961 529 1996 ἱρυσοστόμου.
1037 1960 1160 1986 sostouii.

231 2006 282 2033 λα’.
299 2006 360 2033 Τῶν
373 2007 460 2040 ἁγίων
474 2008 637 2043 ἁναργύρων
658 2009 748 2043 Κύρου
779 2009 828 2036 καὶ
849 2010 984 2038 Ἰωάννου.

953 2021 984 2038 γυ,
1072 2004 1116 2031 5i.
1134 2003 1297 2031 Sanctorum
1315 2011 1513 2039 anargyrorum
1529 2003 1592 2039 Cyri
1607 2009 1636 2031 et
1647 2003 1773 2031 Joannis.

414 2061 493 2088 MHN
511 2061 759 2090 ΦΕΒΡΟΥΑΡΙυΣ.

1236 2057 1363 2085 MENSIS
1387 2058 1634 2094 FEBRUABXUS.,

230 2118 264 2143 α’.
283 2115 336 2142 Τοῦ
350 2115 429 2149 ἁγίου
446 2116 564 2151 μεγάλου
579 2118 717 2152 μάρτυρος
735 2116 894 2152 Τρύφωνος.

829 2127 894 2150 λνος,
1074 2114 1100 2140 1.
1119 2113 1210 2141 Sancti
1227 2113 1317 2148 magni
1340 2113 1467 2149 martyris
1483 2113 1649 2150 'l‘ryphonis.

233 2161 266 2197 β’.
289 2162 322 2188 Ἡ
350 2162 497 2198 ῡπαπαντὴ
518 2162 564 2189 τοῦ
580 2163 683 2198 Κυρίου
713 2163 792 2199 ἡμῶν
814 2164 902 2200 Ἰησοῦ
917 2165 985 2202 Χρι-

917 2165 985 2202 Χρι-
1072 2158 1100 2185 2.
1117 2157 1295 2186 Ριηωεθηιιιιίο
1309 2158 1416 2186 Domini
1433 2158 1519 2187 nostri
1535 2158 1602 2187 Jesu
1618 2158 1731 2187 Christi.

198 2216 272 2236 στου.

233 2257 268 2288 γ’.
285 2254 338 2281 Τοῦ
355 2254 434 2288 ἁγίου
450 2253 497 2280 καὶ
508 2254 612 2281 δικαίου
628 2255 740 2290 Συμεὼν
754 2256 801 2283 τοῦ
815 2256 949 2292 οεοδόχου.
1003 2269 1027 2298 ι)

1003 2269 1027 2298 n
1076 2254 1103 2281 5.
1119 2253 1213 2281 Sancti
1225 2258 1252 2281 et
1264 2253 1328 2289 justi
1342 2253 1479 2281 Siineonis
1495 2254 1542 2289 qui
1560 2254 1643 2281 Deum
1659 2254 1774 2289 accepit,

232 2304 268 2335 η’.
287 2300 341 2328 Τοῦ
356 2301 435 2335 ἁγίου
464 2301 585 2336 μεγάλου
613 2301 753 2337 μάρτυρος
770 2302 911 2339 θεοδώρου
937 2304 986 2331 τοῦ

1075 2300 1102 2326 8.
1126 2299 1218 2327 Sancti
1250 2300 1342 2335 magni
1368 2300 1495 2335 martyris
1524 2299 1662 2328 Theodori
1692 2300 1827 2328 exercitus

201 2346 388 2382 στρατηλάτου
394 2367 401 2374 .

349 2355 401 2374 που.
1038 2345 1169 2382 praefecti.

233 2394 274 2425 ιζ’.
293 2393 346 2420 Τοῦ
369 2393 449 2428 ἁγίου
478 2395 595 2429 μεγάλου
617 2394 757 2431 μάρτυρος
778 2396 919 2432 Θεοδώρου
939 2396 986 2424 τοῦ

949 2396 986 2423 τοῦ
1076 2392 1118 2420 l7.
1137 2391 1229 2420 Sancti
1245 2392 1334 2428 magni
1350 2392 1479 2428 martyris
1493 2390 1630 2419 Theodori
1643 2391 1769 2420 Teronis.

199 2440 238 2475 Τή
243 2448 338 2475 ρωνος.

233 2486 284 2514 κδ’.
309 2487 340 2514 Ἦ
363 2486 471 2523 εὕρεσις
483 2487 532 2523 τῆς
547 2489 641 2523 τιμίας
656 2488 777 2525 κεφαλῆς
792 2488 840 2516 106
865 2488 987 2524 Προδρο-

940 2488 987 2524 96-
1073 2484 1119 2512 24.
1134 2484 1259 2512 lnventio
1275 2483 1423 2512 venerandi
1436 2484 1533 2520 capitis
1547 2483 1744 2512 Praecursoris.
1757 2497 1759 2510 ι

237 2542 263 2560 υ.

200 2542 263 2569 μου.
462 2578 541 2604 ΜΗΝ
555 2578 717 2605 ΜΑΡΤῙΟΣ.

1281 2570 1405 2598 IIENSIS
1423 2571 1446 2598 Μ
1453 2570 1598 2598 ΑΙὶΤΙΙΙΞ.“

237 2622 269 2650 θ’.
287 2623 348 2650 Τῶν
360 2623 445 2658 ἁγίων
463 2624 589 2658 μεγάλων
614 2625 762 2659 μαρτῦρων
778 2623 806 2660 μ’
822 2624 878 2650 τῶν
897 2624 926 2650 ὲν
939 2624 988 2651 Σε-

1075 2617 1103 2644 9.
1120 2617 1284 2644 Sanctorum
1303 2625 1465 2653 magnorum
1481 2621 1633 2653 martyrum
1649 2616 1826 2653 quadraginta

199 2668 324 2704 ὃαστείᾳ.

1040 2664 1068 2691 in
1081 2663 1216 2691 Sebastia.

234 2715 285 2744 κε’.
309 2715 339 2742 '0
359 2714 558 2749 εὐαγγελισμὸς
574 2714 622 2749 τῆς
638 2714 792 2749 ὑπεραγίας
811 2714 957 2742 Θεοτόκου.

835 2714 957 2742 εοτόκου.
1075 2710 1120 2738 25.
1135 2710 1314 2738 Annuntiatio
1329 2709 1511 2738 sanctissima:
1524 2709 1655 2745 Deiparat.

449 2770 527 2797 MHN
546 2769 741 2797 ΑΠΡΙΛΛΙΟΣ.

1285 2765 1413 2793 MENSIS
1432 2764 1579 2793 APRILIS.

236 2828 272 2852 α’.
299 2825 355 2860 Τῆς
368 2826 444 2857 ὁσίας
459 2824 570 2860 Μαρίας
585 2824 634 2859 τῆς
647 2823 810 2858 Δίγυπτίας.

691 2823 810 2857 (υπτίας.
1078 2822 1103 2848 l.
1119 2821 1207 2849 Beata:
1223 2821 1315 2848 Maria:
1334 2820 1511 2856 [EgyptiaeaL

237 2867 290 2904 κβ’.
313 2870 366 2898 Τοῦ
383 2870 456 2897 ὁσίου
476 2870 579 2905 πατρὸς
603 2869 682 2905 ἡμῶν
702 2868 841 2904 θεοδώρου
868 2867 915 2896 τοῦ
937 2868 988 2895 Συτ

887 2867 915 2896 οῦ
937 2868 988 2895 Συτ
1076 2866 1120 2894 ﬂ.
1136 2866 1208 2895 Beati
1222 2867 1306 2902 patris
1323 2865 1410 2894 nostri
1425 2865 1561 2894 Theodori
1575 2864 1707 2901 Syceotm.

201 2914 314 2943 χεώτου,
