2076 3158
182 206 252 235 1333

217 259 370 293 Εὑαγγέλια
399 259 438 290 είς
460 258 570 294 μνήμας
584 258 729 294 διαψόρους
742 258 838 292 ἁγίων.

217 354 262 385 Et;
270 353 318 388 τὴν
330 353 482 388 ὑηραγὶαν
494 352 636 379 Θεοτόκον,
648 353 692 383 Εἰς
701 351 827 386 ὲγκαίνια
838 351 913 379 ναοῦ.
922 352 970 384 Εἰς

181 400 352 433 ἀσωμάτους.
372 399 417 430 Εἰς
437 399 483 426 τὸν
512 398 679 433 Πρὸδρομον.
697 397 743 429 Είς
756 399 908 432 προφήτας.
922 398 970 430 Εἰς

180 445 356 477 ἀποστόλους.
370 445 416 476 El;
430 445 583 480 μάρτυρας.
597 444 642 475 Εἰς
656 444 703 470 ἕνα
718 444 854 479 μάρτυρα.
865 444 911 475 Είς
919 452 969 478 γυ-

182 493 275 522 ναῖκας
294 491 446 526 μάρτυρας.
464 491 511 523 Είς
527 491 668 525 ίεράρχας.
683 490 730 520 Ei;
754 488 966 524 ίερομάρτυρας.

182 539 228 570 Εἰς
237 539 338 570 ὁσίους.
355 539 404 570 Εἰς
428 537 642 573 ὁσιομάρτνρσς.
658 537 705 569 Et;
718 536 794 567 asia;
818 536 965 569 γυναῖκας.

182 583 227 614 Εἰς
259 583 360 618 σχῆμα.
390 583 437 614 Ei;
465 582 598 613 ἀσθενεῖς.
632 582 678 613 Et;
706 580 900 616 κοιμηθέντας.
920 581 967 612 El;

182 628 303 662 σεισμόν.
327 629 373 659 Εἰς
395 628 571 664 ὲμπρηαμόν.
589 627 636 659 Εἰς
663 627 826 662 ἀνομϐρίαν.
844 627 892 658 Εἰς
907 627 967 652 ἐπι-

182 673 282 708 ερομὴν
307 673 403 700 ἐθνῶν.
422 674 469 704 Εἰς
485 673 607 700 ἐπινίκια
623 673 769 708 βασιλέων.
793 673 855 699 Ἐπὶ
875 671 968 706 ἐξομο-

181 719 362 754 λογουμένων.
374 717 422 751 Εἰς
440 719 531 746 πᾶσαν
546 718 667 754 αίτησιν.

574 203 756 234 FORMULA
777 203 1055 234 ABIURATIONIS
1074 204 1398 236 ATHINGANORUM.

982 264 1005 291 Α
1053 261 1199 296 Evangelia
1223 261 1249 287 in
1276 259 1549 288 commemorationes
1573 262 1732 288 sanctorum
1761 260 1805 287 di-

1744 203 1812 237 1334

1020 313 1126 333 versas.

1055 350 1083 378 In
1098 352 1299 379 sanctissimam
1313 351 1467 386 Deiparam.
1483 350 1511 378 in
1525 350 1721 378 dedicationem
1738 355 1812 378 tem-

1018 397 1066 432 pli.
1084 398 1111 424 In
1128 397 1324 432 incorporales.
1338 397 1366 424 ln
1378 397 1589 425 Praecursorem.
1606 395 1634 423 In
1650 396 1808 431 prophetas.

1019 443 1048 470 ln
1069 443 1218 478 apostolos.
1238 443 1267 471 In
1284 449 1429 478 martyres.
1450 444 1477 469 ln
1494 451 1578 470 unum
1605 447 1761 477 martyrem.
1780 442 1812 469 In

1020 489 1149 516 mulieres
1163 494 1307 524 martyres.
1327 489 1355 516 ln
1373 489 1524 524 pontiﬁces.
1538 488 1567 515 In
1584 493 1807 523 saeromartyres.

1022 534 1052 561 ln
1067 534 1170 562 beatos.
1190 534 1218 562 In
1238 536 1333 562 beatos
1356 540 1500 571 martyres.
1517 534 1544 562 ln
1561 535 1655 562 beatas
1670 535 1808 562 mulieres.

1017 578 1044 605 In
1059 580 1197 607 vestitum.
1210 580 1240 606 in
1255 579 1389 607 inﬁrmos.
1407 579 1436 608 In
1453 580 1502 607 hos
1517 580 1564 615 qui
1580 579 1763 607 dormierunt.
1777 579 1806 606 ln

1018 629 1097 652 terra:
1109 629 1225 652 motum.
1240 623 1269 652 In
1290 625 1457 652 incendium.
1472 625 1500 652 In
1520 625 1652 660 pluviam.
1667 625 1694 652 In
1714 624 1808 651 incur-

1018 670 1123 697 sionem
1141 670 1272 704 gentium.
1288 669 1317 696 ln
1333 670 1460 698 victorias
1474 670 1682 705 imperatorum.
1696 669 1724 697 In
1742 677 1809 697 con-

1019 715 1170 744 ﬁtentibus.
1186 715 1214 743 ln
1231 723 1340 744 omnem
1357 715 1597 751 supplicationem.

337 896 618 942 FORMULA
657 895 1101 942 ABJUBATIONIS
1136 895 1645 944 ATHINGANORUM.

819 993 932 1024 (suam
953 991 996 1016 lib.
1011 992 1053 1017 cit.
1067 998 1092 1023 p.
1102 991 1168 1023 L20.)

180 1145 357 1183 ὀπως-χρὴ
377 1145 517 1183 δέχ-εσθαι
546 1143 694 1183 τοὺςῖάπρ
719 1143 898 1183 Ἀθιγιγίξνίρν
923 1142 962 1183 τῇ

1015 1142 1151 1183 Quomodo
1171 1144 1282 1183 debeant
1299 1145 1380 1183 recipi
1391 1145 1436 1179 qui
1456 1145 1490 1183 ait
1510 1145 1716 1183 Athiuganisad
1728 1146 1807 1181 ﬁdem

214 1178 363 1214 ὀρθοϐὄξῲ
380 1178 480 1207 imitat
499 1179 771 1215 προσερχομένους,
787 1178 836 1206 καὶ
852 1178 963 1211 ,βαπτι-

215 1216 314 1246 ζεσθαι
329 1215 511 1250 μέλλοντας.

222 1270 251 1297 '0
265 1270 340 1296 δεῖνα
355 1269 409 1296 ἀπὺ
421 1269 666 1304 Μελχισεδεκιτῶν,
690 1269 746 1295 τῶν
761 1268 808 1295 καὶ
825 1268 966 1294 Θεοδοτια‹

181 1316 246 1347 νῶν,
270 1315 318 1341 καὶ
337 1314 505 1348 Ἀθιγγάνων
518 1314 640 1349 προσιὼν
656 1315 689 1349 τῇ
708 1313 798 1340 πίστει
818 1313 873 1340 τῶν
897 1313 965 1349 Χρι-

183 1360 308 1391 στιανῶν,
335 1360 366 1387 οὑ
381 1360 425 1387 διά
437 1368 497 1386 τινα
518 1359 589 1395 βίαν,
612 1360 628 1394 ἢ
647 1360 811 1395 ἀνάγκην,ἢ
830 1359 924 1393 φόϐον,
946 1359 962 1395 ἢ

183 1405 357 1441 ὲπήρειαν,ῆ
378 1405 484 1437 πενίαν,
504 1405 521 1441 ἢ
544 1405 587 1432 διὰ
608 1405 705 1441 χρέως,
720 1405 737 1440 ἢ
762 1405 889 1440 ἔγκλημα
905 1405 965 1431 κατ’

181 1451 249 1485 ιμοῦ
266 1450 436 1485 κινούμενον,
455 1451 471 1486 ἢ
496 1449 539 1476 διὰ
554 1450 647 1485 ἕτερόν
670 1458 730 1476 τινα
746 1450 847 1484 τρόπον
861 1449 968 1484 ἀπηγο-

183 1496 324 1531 ρευμένον,
341 1495 398 1522 ἀλλ’
413 1496 450 1527 ὡς
466 1495 496 1527 ἐξ
519 1496 583 1529 ὅλης
604 1496 704 1530 ψυχῆς,
730 1495 777 1522 καὶ
791 1495 906 1530 καρδίας
921 1496 967 1522 τὸν

181 1542 299 1576 Χριστὸν
312 1541 474 1576 ἀγαπώσης,
491 1541 536 1568 καὶ
550 1541 600 1576 τὴν
615 1540 699 1567 αὑτοῦ
714 1541 814 1572 πίστιν,
830 1540 968 1576 ἀναθεμα-

181 1587 249 1619 τίζω
262 1588 352 1614 πᾶσαν
364 1587 413 1622 τὴν
426 1587 481 1613 τῶν
489 1587 735 1621 Μελχισεδξκιτῶν,
750 1587 810 1622 ἦτοι
821 1587 967 1614 Θεοδοτια-

181 1632 236 1660 νῶν
262 1633 309 1659 καὶ
327 1633 496 1666 ’Δθιγγάνων
511 1633 626 1668 αἵρεσιν,
643 1632 690 1659 καὶ
706 1632 770 1664 τοὺς
787 1633 967 1669 αἰρεσιάρχας

180 1678 314 1711 ἅπαντας,
337 1679 475 1711 Θεόδοτον,
496 1681 577 1714 φημὶ,
614 1679 660 1705 τὸν
679 1679 794 1710 Σκυτέα,
826 1679 872 1705 καὶ
902 1680 965 1711 τοὺς

179 1723 262 1750 αὑτοῦ
279 1724 404 1759 μαθητὰς
425 1724 636 1760 Ἀσκληπιάδην,
660 1726 706 1751 καὶ
725 1725 898 1760 Ἑρμόφιλον,
920 1725 966 1751 καὶ

185 1770 393 1805 Ἀπολλωνίδην,
415 1770 461 1797 καὶ
485 1770 612 1797 Θεόδοτον
629 1770 674 1796 τὸν
687 1770 875 1806 Τραπεζίτην,
888 1771 966 1802 ὅστις

1090 1179 1265 1206 orthodoxam
1284 1180 1422 1211 accedunt,
1438 1185 1463 1207 et
1481 1179 1613 1214 baptizari
1634 1179 1737 1209 debent.

1054 1267 1161 1296 Talis...
1185 1276 1200 1295 a
1227 1268 1464 1300 Melchisedecitis,
1491 1273 1519 1296 et
1548 1267 1754 1303 Theodotianis,
1780 1275 1807 1298 et

1018 1313 1180 1348 Athinganis
1201 1314 1335 1341 accedens
1355 1314 1388 1341 ad
1408 1315 1486 1342 ﬁdem
1502 1314 1734 1349 Christianorum,
1751 1323 1806 1343 non

1018 1359 1054 1386 ob
1069 1359 1214 1394 quamlibet
1232 1360 1298 1393 vim,
1309 1365 1357 1387 aut
1376 1361 1576 1394 necessitatem,
1600 1365 1648 1388 aut
1668 1363 1805 1392 timorem.

1019 1408 1066 1432 aut
1079 1404 1178 1436 minas,
1197 1409 1244 1432 aut
1267 1410 1466 1439 paupertatem,
1487 1411 1534 1433 aut
1554 1407 1589 1434 ob
1608 1407 1740 1439 debitum,
1765 1408 1807 1435 vel

1019 1449 1222 1476 accusationem
1251 1454 1346 1477 contra
1376 1457 1420 1477 me
1452 1450 1566 1483 illatam,
1594 1456 1642 1479 aut
1666 1453 1702 1479 ob
1726 1453 1806 1481 aliam

1020 1493 1168 1528 quamlibet
1195 1493 1331 1521 rationem
1354 1494 1529 1529 prohibitam,
1547 1495 1595 1523 sed
1620 1499 1697 1532 quasi
1722 1505 1737 1525 c
1753 1503 1806 1526 tota

1020 1539 1121 1572 anima,
1146 1544 1173 1567 et
1196 1543 1250 1567 toto
1275 1540 1357 1568 corde
1377 1539 1515 1569 Christum
1543 1541 1682 1577 diligente,
1696 1548 1723 1572 et
1747 1546 1807 1580 ejus

1019 1585 1116 1615 ﬁdem.
1142 1585 1344 1614 anutliematizo
1369 1594 1478 1615 omnem
1509 1587 1805 1622 Melchisedecilorum.

1020 1630 1046 1658 id
1061 1635 1102 1658 est
1115 1630 1364 1659 Theodotianorum
1388 1637 1414 1660 et
1434 1633 1652 1669 Atliinganorum
1670 1637 1806 1668 haeresim,

1018 1681 1046 1704 et
1058 1684 1153 1705 omnes
1165 1677 1371 1712 haeresiarchas,
1390 1678 1572 1712 Theodotum.
1585 1681 1656 1713 dico,
1674 1688 1807 1716 sutorem,

1018 1727 1046 1749 et
1060 1722 1133 1749 illius
1156 1722 1304 1758 discipulos
1328 1724 1518 1760 Asclepiadem
1541 1731 1569 1753 et
1589 1726 1806 1763 llermophilum.

1018 1773 1044 1795 et
1056 1768 1254 1803 Apollonidem,
1268 1774 1294 1797 et
1307 1770 1476 1799 Theodotum
1499 1774 1724 1807 nummularium,
1741 1775 1806 1809 qui-

179 1814 298 1849 μάλιστα
322 1815 433 1849 γέγονεν
460 1814 580 1850 ἀρχηγὸς
607 1814 656 1848 τῆς
688 1815 820 1849 αἱρέσεως
848 1815 961 1849 ταύτης.

1015 1821 1124 1849 cunque
1145 1817 1294 1850 praesertim
1319 1817 1401 1844 tulerit
1416 1818 1469 1845 dux
1493 1819 1573 1847 istius
1590 1820 1713 1848 heresis.
1735 1821 1807 1849 Ana-

185 1859 389 1894 Ἀναθεματίζω
406 1861 453 1887 καὶ
479 1861 541 1892 τοὺς
560 1859 678 1894 καθεξῆς
704 1860 883 1892 διδασκάλους
910 1860 963 1887 τῶν

183 1905 365 1940 Ἀθιγγάνων,
389 1906 447 1933 ὅσοι
470 1906 542 1933 κατὰ
567 1906 664 1939 γενεὰν
687 1906 805 1941 ἑκάστην
829 1906 893 1941 ἄχρι
915 1906 962 1933 τοῦ

177 1951 224 1977 νῦν
241 1951 380 1985 γεγόνασι,
399 1951 446 1977 καὶ
466 1952 523 1977 ὅσοι
542 1951 661 1986 σήμερον
689 1952 752 1983 εισι,
773 1952 820 1977 καὶ
837 1951 962 1984 γίνεσθαι

179 1995 332 2031 μέλλουσιν.
354 1995 560 2029 ’Δναθεματίζω
577 1996 681 2027 πάντας
701 1996 763 2027 τοὺς
784 1996 962 2030 φρονοῦντας,

177 2041 223 2066 tul.
238 2039 408 2071 δοξάζοντας,
441 2039 488 2065 καὶ
522 2039 707 2072 διδάσκοντας,
737 2041 784 2066 καὶ
812 2041 961 2074 λέγοντας,

177 2086 216 2112 ὅτι
229 2087 242 2112 ὁ
261 2085 428 2120 Μελχισεδὲκ
457 2085 507 2112 οὐκ
529 2083 563 2120 ἦν
589 2085 742 2120 ἄνθρωπος,
759 2086 826 2112 ἀλλά
846 2086 962 2122 δύναμις

176 2131 243 2158 Θεοῦ
258 2131 363 2166 μεγάλη
376 2131 552 2166 διατρίϐουσα
566 2133 593 2158 ὲν
608 2132 840 2166 ἀκατονομάστοις
855 2132 960 2165 τόποις,

177 2178 224 2204 καὶ
236 2177 276 2204 ὅτι
293 2177 393 2212 μείζων
413 2178 460 2204 τοῦ
477 2177 597 2213 Χριστοῦ
619 2179 692 2204 ὲστιν
715 2179 830 2211 ἐκεῖνος,
856 2179 903 2205 καὶ
917 2179 962 2206 διὰ

176 2223 254 2249 τοῦτο
266 2223 374 2257 λέγεται
393 2224 407 2249 ὁ
421 2223 549 2257 Χριστὸς,
566 2223 604 2254 ὡς
629 2223 765 2259 δεύτερος,
783 2225 830 2251 καὶ
845 2225 961 2251 ὑποδεέ-

177 2277 281 2304 στερος,
300 2269 369 2295 κατὰ
379 2269 428 2304 τὴν
445 2269 549 2295 ἐκείνου
566 2270 643 2301 τάξιν
661 2271 823 2305 ἱερατεύειν.
847 2271 961 2298 Ἀναθε-

176 2314 282 2348 ματίζω
290 2315 353 2346 τοὺς
373 2314 511 2348 λέγοντας,
540 2316 582 2341 ὃτι
599 2315 776 2350 Μελχισεδὲκ,
794 2317 883 2352 ἧτοιὴ
907 2326 957 2352 με-

174 2359 244 2394 γάλη
262 2359 386 2393 δύναμις,
405 2361 420 2386 ὁ
432 2360 509 2393 Θεὸς,
529 2360 577 2387 καὶ
593 2361 684 2397 πατὴρ
699 2362 746 2388 τοῦ
761 2363 864 2398 Κυρίου
880 2364 959 2398 ἡμῶν

180 2403 267 2436 Ἰησοῦ
282 2403 400 2438 Χριστοῦ
411 2404 481 2435 tm.
495 2405 542 2432 καὶ
551 2405 594 2432 διὰ
604 2405 683 2433 τοῦτο
694 2407 817 2434 καλεῖται
829 2409 957 2442 ἀπάτωρ,

175 2449 300 2485 ἀμήτωρ,
310 2450 537 2485 ἀγενεαλόγητος.
560 2452 765 2487 Ἀναθεματίζω
779 2454 842 2484 τοὺς
857 2454 959 2488 φυλατ-

178 2503 268 2527 τοντας
283 2496 343 2530 μὲν,
361 2496 399 2528 ὡς
418 2497 560 2530 Ἰουδαίους
571 2498 602 2524 τὸ
613 2498 762 2531 Σάϐϐατον,
780 2499 818 2531 ὡς
831 2499 958 2532 ὲθνικοὺς

174 2540 203 2567 δὲ
214 2541 261 2567 καὶ
283 2541 332 2575 τὴν
356 2542 507 2577 περιτομὴν
524 2543 714 2576 διαπτύοντας,
738 2544 786 2571 καὶ
810 2545 841 2572 τὸ
857 2545 958 2580 βάπτι-

174 2594 240 2620 σμα.
261 2586 465 2621 Ἀναθεματίζω
479 2590 541 2620 τοὺς
564 2589 722 2624 χρωμένους
738 2591 891 2624 μαντείαις,
909 2592 958 2618 καὶ

174 2631 370 2665 φαρμακείαις,
397 2633 443 2658 καὶ
475 2633 625 2668 γοητείαις.
653 2634 701 2660 καὶ
725 2634 759 2661 δι’
791 2635 882 2663 αὐτῶν
911 2637 959 2663 καὶ

175 2673 314 2707 βλάπτειν,
333 2676 380 2702 καὶ
391 2676 506 2711 ὠφελεῖν
522 2677 682 2713 ἀνθρώπους
694 2680 957 2715 ἐπαγγελλομένους,

179 2719 384 2754 ’Λναθεματίζω
399 2723 462 2754 τοὺς
486 2723 717 2759 ἐπικαλουμένους
738 2726 865 2759 δαιμόνιιά
886 2737 958 2761 τινα,

174 2761 210 2790 ὧν
234 2765 268 2791 τὰ
295 2767 392 2801 πρῶτα
416 2768 560 2795 καλοῦνται
579 2770 682 2804 Enipeo,
710 2770 757 2796 καὶ
781 2771 878 2807 Σοχάν,
908 2774 956 2800 καί

180 2810 269 2845 ’Λρχὲ,
293 2813 340 2838 καὶ
362 2813 395 2839 δι’
410 2814 500 2841 αὐτῶν
520 2815 570 2850 τὴν
589 2816 708 2850 Σελήνην
727 2816 807 2850 δῆθεν
824 2818 957 2851 ἕλκοντας

175 2855 243 2889 πρὸς
262 2855 386 2890 ἑαυτοὺς,
400 2859 445 2886 καὶ
459 2860 618 2896 ἐρωτῶντας
630 2861 714 2897 αὐτὴν
725 2862 788 2898 περὶ
799 2860 836 2890 ὧν
849 2863 958 2899 βούλοψ

174 2908 227 2928 ται.
261 2903 465 2938 Ἀναθεματίζω
493 2908 557 2939 τοὺς
582 2907 753 2940 ἐπιτιθέντας
775 2910 829 2942 τοῖς
858 2910 959 2946 ἄστρα-

1015 1860 1165 1889 thematizo
1178 1862 1258 1889 etiam
1275 1868 1420 1898 sequentes
1435 1864 1562 1893 doctores
1574 1865 1806 1902 Atliinganorum,

1014 1907 1171 1941 quicunque
1182 1907 1208 1934 in
1222 1915 1330 1943 quaque
1347 1910 1523 1943 generatione
1536 1919 1622 1944 usque
1636 1919 1709 1938 nunc
1718 1913 1803 1939 exsti-

1015 1956 1115 1983 terunt,
1124 1957 1150 1980 et
1161 1953 1317 1988 quicunque
1329 1954 1408 1981 hodie
1421 1955 1569 1988 exsistunt,
1581 1960 1608 1983 et
1621 1957 1678 1983 lien
1693 1957 1803 1984 debent.

1014 1995 1222 2025 Anathematizo
1241 2006 1338 2026 omnes
1350 2000 1512 2034 cogitantes,
1527 2001 1682 2036 opinantes,
1701 2002 1804 2030 docen-

1015 2045 1056 2067 tes
1067 2045 1094 2068 et
1113 2041 1235 2069 dicentes
1263 2042 1442 2072 Melchisedec
1463 2053 1517 2072 non
1542 2045 1628 2073 fuisse
1652 2046 1804 2079 hominem.

1015 2086 1061 2127 sed
1075 2087 1201 2114 virtutem
1216 2087 1262 2115 Dei
1279 2096 1403 2124 magnam
1414 2091 1578 2118 residentem
1594 2092 1620 2119 in
1638 2092 1706 2120 locis
1723 2093 1804 2121 inno-

1014 2131 1135 2162 minatis,
1155 2135 1182 2158 et
1203 2132 1334 2167 majorem
1348 2133 1423 2161 illum
1442 2134 1553 2162 Christo
1569 2143 1640 2169 esse,
1661 2141 1688 2164 et
1699 2137 1735 2164 ob
1752 2137 1804 2166 hoc

1013 2176 1067 2204 diei
1098 2177 1238 2205 Christum
1273 2180 1351 2214 quasi
1385 2181 1545 2214 secundum,
1574 2186 1602 2208 et
1633 2182 1802 2218 inferiorem,

1013 2223 1163 2250 secundum
1179 2224 1239 2259 ejus
1253 2226 1376 2253 ordinem
1400 2227 1570 2255 sacerdotem
1591 2236 1663 2256 esse.
1679 2230 1802 2258 Anathe-

1013 2271 1113 2297 matizo
1128 2271 1260 2305 dicentes,
1280 2272 1470 2305 Melchisedec,
1487 2275 1512 2301 id
1524 2279 1566 2302 est
1590 2275 1661 2303 hanc
1673 2277 1801 2304 virtutem

1011 2323 1149 2351 magnam,
1161 2316 1244 2344 Deum
1262 2321 1288 2345 et
1302 2323 1405 2352 patrem
1419 2319 1524 2347 Domini
1541 2321 1628 2348 nostri
1643 2320 1708 2349 Jesu
1722 2322 1802 2350 Chri-

1011 2363 1045 2389 sti
1070 2370 1143 2394 esse,
1165 2368 1192 2390 et
1210 2363 1245 2390 ob
1264 2364 1291 2391 id
1315 2365 1407 2392 vocari
1428 2365 1488 2393 sine
1513 2366 1601 2401 pal’re,
1620 2368 1679 2394 sine
1704 2372 1800 2403 matre,

1011 2408 1070 2435 sine
1087 2409 1255 2444 genealogia.
1269 2410 1477 2439 Anatltematizo
1491 2413 1670 2441 observantes
1689 2415 1801 2449 quidem

1013 2453 1172 2488 Sabbatum,
1191 2460 1221 2482 ut
1241 2455 1361 2488 Judieos,
1375 2462 1402 2485 et
1424 2463 1643 2493 contemnentes,
1660 2466 1690 2487 ut
1709 2461 1802 2488 ethni-

1012 2507 1069 2533 cos,
1085 2501 1323 2529 circumcisionein
1343 2507 1371 2530 ct
1392 2503 1571 2539 baptismum.
1588 2506 1798 2533 Anathematizo

1013 2550 1120 2573 utentes
1142 2547 1367 2582 divinationibus,
1389 2553 1417 2576 et
1440 2550 1560 2584 philtris,
1581 2555 1608 2578 ct
1643 2552 1750 2586 magiis.
1774 2557 1801 2580 et

1014 2593 1171 2626 proﬁtentes
1188 2601 1235 2628 per
1249 2595 1305 2622 hac
1322 2595 1450 2623 nocivum
1466 2601 1493 2624 et
1509 2596 1660 2631 profectum
1681 2598 1800 2626 homini-

1013 2638 1065 2665 bus
1096 2640 1229 2672 praestari.
1253 2640 1459 2668 Anathematizo
1486 2642 1645 2670 invocantes
1675 2644 1799 2677 quaedam

1013 2683 1157 2718 daemonia,
1178 2693 1293 2720 quorum
1313 2687 1399 2722 prima
1425 2693 1557 2715 vocantur
1581 2689 1661 2721 Soru,
1690 2689 1798 2718 Sochan

1011 2733 1038 2756 et
1051 2730 1149 2762 Arche,
1165 2735 1191 2757 et
1207 2738 1254 2765 per
1273 2739 1303 2758 ea
1321 2731 1424 2759 Lunam
1441 2732 1504 2759 inde
1519 2732 1552 2759 ad
1573 2741 1602 2760 sc
1619 2735 1799 2767 attrahentes.

1014 2775 1249 2812 etinterrogantes
1270 2778 1343 2804 illam
1359 2777 1392 2805 de
1408 2778 1505 2812 quibus
1527 2779 1661 2813 placet....
1679 2780 1798 2808 Anathe-
1815 2782 1818 2783 ⁷

1015 2821 1114 2848 matizo
1140 2821 1310 2857 imponentes
1337 2823 1425 2851 stellis
1452 2824 1593 2852 hominum
1631 2826 1753 2858 nomina,
1773 2830 1798 2854 et

1014 2874 1062 2903 per
1075 2867 1271 2897 daunoniorum
1289 2869 1446 2904 phantasias
1461 2870 1510 2898 has
1521 2870 1548 2896 in
1563 2870 1678 2899 invicem
1695 2872 1798 2900 moveri

1014 2913 1224 2948 contendentes;
1242 2919 1269 2943 ct
1284 2915 1320 2942 ita
1335 2915 1474 2948 dicentes;
1490 2916 1567 2944 stella
1581 2917 1677 2946 talis...
1692 2918 1797 2948 stellam
