2076 3158
205 193 271 226 1351

771 192 820 223 DE
841 189 957 223 FESTO
976 189 1043 215 ΤΗΣ
1061 189 1271 218 ΔΚΑΘΙΣΤΟΥ.

1762 197 1829 229 1342

201 251 352 278 χνύουσαν·
378 247 412 274 τὰ
433 247 461 275 δὲ
479 246 532 274 τῶν
547 246 659 273 Σκυθῶν
675 246 843 282 συγχέουσαν
865 246 973 281 μηχανή

1039 249 1093 272 tem
1110 245 1273 281 Scytharum
1288 246 1518 279 machinamenta.
1535 255 1689 284 eorumque
1700 250 1829 280 virtutem

202 305 285 332 ματα,
310 295 357 322 καὶ
371 294 420 329 τὴν
436 293 552 327 δύναμιν
567 292 656 319 αὐτῶν
672 292 850 327 σφάλλουσαν,
868 293 914 318 καὶ
937 292 986 327 τὴν

201 341 345 377 ιμπειρίαν
361 341 411 376 τὴν
427 341 455 367 ἑν
471 339 610 374 πολέμοις.

241 387 305 414 Ἐπὶ
322 386 437 418 τούτοις,
458 386 535 420 κοινῇ
555 384 652 420 γνώμῃ
676 384 724 411 τοῦ
744 384 913 420 πατριάρχου
939 383 987 410 καὶ

199 434 246 462 τοῦ
261 432 339 465 λαοῦ,
354 431 509 467 πέμπονται
529 439 602 463 τινες
621 432 654 458 ὲιι
669 431 717 465 τῆς
733 430 836 462 πόλεως
853 430 921 465 μετὰ
936 430 986 457 δώ-

202 489 274 514 ρων,
299 478 426 514 εἰρηνικά
451 486 481 503 τε
497 477 611 511 λαλῆσαι
625 478 681 508 τοῖς
705 476 832 508 Σκύθαις,
853 476 901 502 καὶ
919 476 987 510 πρὸς

200 527 313 561 εἰρήνην
329 525 428 556 αὐτοὺς
443 524 654 551 ἐκκαλέσασθαι.
675 523 745 550 Ἀλλ’
757 524 771 550 ὁ
785 523 837 558 θὴρ
854 522 954 557 μᾶλλον
969 522 985 557 ἢ

201 573 343 606 ἄνθρωπος
369 573 399 598 οὐ
417 572 497 607 μόνον
513 571 544 597 οὑ
560 571 667 606 δέχεται
683 570 732 604 τὴν
744 571 885 605 εἰρηνικήν
899 569 984 604 πρόσ-

201 617 316 651 κλησιν,
342 617 410 644 ἀλλὰ
442 617 488 642 καὶ
517 616 551 642 τὰ
571 615 756 651 ἐπιφερόμενα
779 615 853 649 δῶρα
878 615 984 648 λαϐὼν,

200 662 358 696 ἀπράκτους
383 661 562 696 ἀποπέμπει,
591 660 669 686 τοῦτο
697 661 776 695 μόνον
797 661 889 692 αὐτοῖς
912 661 983 686 ἐπει·

200 707 259 733 πών
272 717 279 722 ·
301 707 347 740 Μὴ
371 706 526 734 dantdat):
549 706 598 733 ἐπὶ
623 704 662 737 τῷ
677 704 753 737 Θεῷ,
769 701 793 738 ᾧ
812 705 984 732 πιστεύετε·

199 752 318 785 πάντως
346 753 400 787 γὰρ
424 753 529 786 αὔριον
549 752 606 785 τὴν
627 752 717 778 πόλιν
740 751 824 784 ὑμῶν
838 751 984 785 λήψομαι,

198 798 246 824 καὶ
262 797 376 831 ταύτην
388 797 500 832 ἔρημον
510 797 593 829 θήσω
606 805 612 811 ·
629 795 717 829 χάριν
735 795 769 822 δὲ
786 797 984 830 συμπαθείας,

197 843 299 875 ἀδείας
316 842 421 877 δίδωμι
440 841 573 877 γυμνοὺς
596 841 787 874 ἐξελθόντας,
813 841 889 868 ὅπου
909 842 985 874 ,βού-

197 890 289 915 λεσθε
306 887 459 915 ἀπελθεῖν.
482 887 517 914 Τὸ
542 887 662 918 λοιπὸν,
686 887 859 920 πορεύεσθε,
883 886 986 920 ἕτερον

197 933 409 968 φιλάνθρωπον
423 933 491 967 παρ’
505 932 578 967 ἐμοῦ
592 933 689 967 μηδὲν
701 933 912 967 ἀναμένοντες.

232 987 326 1014 Ταῦτα
343 986 419 1022 παρὰ
442 986 497 1013 τῶν
522 985 702 1021 πεμφθέντων
723 985 900 1016 ἀκούσαντες,
926 993 985 1011 στε-

197 1033 326 1066 νάξαντες
347 1033 401 1060 ἀπὸ
419 1032 506 1068 μέσης
520 1032 645 1067 καρδίας,
662 1033 701 1063 εἱς
719 1031 849 1066 οὐρανοὺς
864 1032 913 1061 τὰς
933 1032 985 1065 χεῖ-

199 1089 248 1112 ρας
261 1079 401 1106 ἀνέτειναν
413 1101 420 1110 ,
437 1079 484 1105 καὶ
499 1079 614 1113 δάκρυσι
638 1077 746 1109 πολλοῖς
762 1076 983 1112 ὲπικλυζόμενοι,

201 1126 428 1158 ’Υπερασπισῑὰ
437 1145 445 1157 ,
461 1124 565 1158 ἔλεγον,
584 1125 687 1158 Κύριε,
705 1124 721 1150 ό
732 1123 808 1150 πᾶσι
822 1122 884 1155 τοῖς
894 1124 983 1156 ὑπερ-

195 1172 322 1205 ηφάνοις
344 1170 616 1204 ἀντιτασσόμενος,
636 1166 673 1196 οὗ
697 1169 731 1195 τὸ
747 1167 857 1202 κράτος
869 1168 985 1195 ἀνείκα-

196 1225 272 1242 στον
302 1216 352 1242 καὶ
384 1216 403 1249 ἠ
427 1215 588 1242 δεσποτεία
613 1214 820 1246 ἀκατάλυτος,
848 1213 985 1240 ἄκουσον

196 1258 267 1291 τοὺς
285 1259 398 1292 ,λόγους
411 1266 445 1285 το
453 1258 468 1285 ὖ
480 1258 635 1292 Βαρόάρου
649 1258 702 1291 οῦς
714 1258 896 1285 ἀπέστειλεν
909 1258 985 1284 ὀνει-

196 1304 282 1334 ditior
305 1312 342 1331 σε
363 1303 418 1331 τὸν
443 1303 565 1331 πάντων
591 1303 792 1335 δεσπόζοντα,
823 1303 872 1330 καὶ
890 1304 984 1337 ῥῦσαι

195 1350 287 1377 πόλιν
299 1350 501 1383 mimos-aulae
518 1357 588 1380 σου,
608 1350 658 1377 καὶ
674 1350 752 1377 λαὸν
774 1349 820 1382 σῷ
839 1349 984 1384 κεκλημέ-

194 1403 251 1422 νον
263 1395 384 1429 ὀνόματι
394 1403 402 1410 ⁸
415 1395 458 1429 μή
474 1403 547 1422 ποτε
565 1395 682 1422 εἴπωσιο
704 1394 766 1422 Ποῦ
778 1395 864 1422 ἔστιν
877 1396 894 1421 ὁ
912 1395 984 1427 Θεὸς

196 1440 311 1473 αὺτῶν;
324 1441 409 1468 Ἀλλὰ
428 1441 515 1468 ταῦτα
533 1441 581 1476 μὶν
598 1441 611 1468 ὁ
622 1440 686 1472 λαός
696 1449 705 1457 ·
718 1440 784 1472 Θεδς
798 1441 836 1472 δὲ,
853 1441 903 1474 τὴν
919 1442 985 1475 Περ-

196 1486 252 1512 σῶν
278 1486 347 1521 πρὸς
370 1486 417 1512 τὸν
442 1486 567 1519 Χαγάνον
591 1485 716 1512 διάδασιν
739 1485 772 1520 ἣν
798 1485 983 1521 ἐμελέτησαν,

197 1530 357 1557 ἁπεκώλυσε
372 1539 379 1546 ·
406 1530 530 1563 πατάξας
555 1531 605 1556 οὐκ
625 1530 747 1564 ὀλίγους,
763 1528 801 1557 ὧν
817 1530 885 1565 πρὸς
905 1530 984 1566 ἀλλή-

1040 298 1071 318 ac
1085 292 1211 325 peritiam
1224 292 1349 320 bellicam
1369 292 1528 321 deludente.

1074 382 1123 410 llis
1133 383 1168 411 ita
1184 383 1358 417 habentibus,
1375 385 1516 413 communi
1536 386 1705 415 Patriarchte
1719 389 1829 424 populi-

1038 437 1091 464 que
1114 430 1240 462 consilio,
1264 431 1436 458 destinantur
1467 432 1578 467 quidam
1609 442 1642 461 ex
1670 436 1737 462 urbe
1763 443 1828 462 cum

1039 475 1206 507 muneribus.
1223 476 1269 510 qui
1287 480 1314 503 et
1333 477 1446 510 paciﬁca
1469 477 1587 513 Scythas
1612 479 1828 515 alloqucrentur,

1038 527 1139 554 eosque
1162 520 1196 547 ad
1226 521 1301 553 pacis
1324 521 1424 549 foedera
1447 528 1638 557 provocarent.
1666 524 1824 559 Enimvero,

1038 573 1092 592 non
1112 569 1167 592 tam
1188 566 1270 593 homo
1304 566 1348 594 ille
1376 575 1460 601 quam
1498 568 1599 601 bellua,
1628 570 1726 597 nedum
1753 571 1828 605 pacis

1038 610 1082 637 illa
1113 611 1218 638 monita
1238 619 1292 639 non
1314 613 1445 647 suscepit,
1469 621 1565 641 verum
1591 615 1673 642 etiam
1709 617 1829 651 acceptis

1037 656 1208 686 muneribus.
1234 664 1295 691 qua:
1321 657 1519 689 inferebantur.
1545 667 1576 687 re
1598 661 1698 688 infecta
1724 662 1828 696 legatos

1038 701 1157 733 remisit,
1178 702 1234 730 haec
1246 703 1279 729 ad
1294 710 1343 730 eos
1359 708 1464 731 tantum
1480 705 1613 739 adjiciens
1631 715 1638 733 :
1659 706 1700 734 Ne
1710 708 1828 742 decipia-

1038 745 1100 772 mini
1115 746 1142 772 in
1167 746 1230 779 Deo,
1246 748 1290 774 cui
1312 749 1420 775 creditis
1435 757 1444 775 :
1461 757 1570 783 prorsus
1587 751 1656 777 enim
1678 752 1704 778 in
1732 753 1829 779 crasti-

1036 799 1099 817 num
1114 797 1225 818 vestram
1238 794 1343 827 capiam
1359 803 1390 821 ac
1403 795 1529 822 llesoiabo
1547 797 1688 824 tivitatem.
1704 798 1829 830 Quadam

1037 836 1206 864 nihilominus
1222 839 1329 871 pietate,
1343 839 1455 867 liberum
1480 841 1549 875 facio
1565 849 1594 869 ut
1606 844 1671 870 nudi
1694 849 1828 876 exeuntes,

1037 890 1088 916 quo
1105 883 1195 914 uultis,
1210 884 1322 912 abeatis.
1336 885 1467 912 Caeterum
1493 887 1574 920 abite,
1589 889 1656 916 nihil
1673 898 1688 916 a
1705 898 1745 917 me
1768 898 1827 916 um-

1038 929 1132 962 pltoris
1142 931 1323 964 exspectaturi
1334 931 1491 959 elementia'.

1075 983 1122 1011 His
1149 985 1223 1012 cives
1248 985 1360 1017 auditis,
1381 994 1414 1013 ex
1451 987 1484 1015 iis
1511 988 1557 1023 qui
1583 988 1717 1024 legatione
1743 989 1829 1017 functi

1037 1034 1140 1061 essent,
1155 1036 1295 1065 gementes
1309 1039 1342 1057 ex
1358 1032 1413 1058 imo
1429 1037 1548 1066 pectOre,
1563 1042 1660 1061 manus
1677 1035 1703 1061 in
1728 1035 1827 1062 coelum

1039 1077 1234 1110 tetenderunt;
1263 1077 1406 1112 intbrequc
1432 1078 1615 1114 lacrymarum
1639 1081 1719 1108 oli'usi
1735 1090 1742 1108 :
1760 1082 1829 1108 Pro-

1039 1127 1131 1154 lector,
1152 1122 1321 1157 inquiebant,
1340 1123 1462 1155 Domine,
1490 1127 1535 1159 qui
1558 1128 1686 1154 universis
1710 1127 1828 1161 superbis

1038 1169 1154 1200 ruistis;
1167 1169 1245 1203 cujus
1263 1174 1302 1196 est
1323 1169 1542 1204 incomparabili;
1558 1172 1686 1205 potentia,
1703 1177 1728 1198 et
1743 1172 1829 1198 domi-

1038 1215 1111 1242 natio
1135 1214 1302 1247 insolubilis;
1325 1215 1389 1242 audi
1414 1216 1492 1242 verba
1523 1216 1637 1243 Barbari
1664 1217 1748 1246 illius,
1770 1225 1830 1249 qme

1037 1260 1109 1287 misit
1137 1260 1319 1294 improperans
1334 1261 1381 1287 tibi
1401 1262 1519 1288 omnium
1549 1262 1673 1295 Domino,
1700 1268 1723 1289 et
1746 1263 1829 1290 libera

1037 1305 1126 1332 urbem
1142 1305 1310 1333 hereditatis
1325 1310 1388 1339 tute,
1404 1315 1435 1333 ac
1449 1308 1586 1342 populum,
1601 1309 1646 1344 qui
1661 1317 1676 1334 ιι
1695 1313 1720 1335 te
1733 1317 1829 1336 nomen

1036 1351 1135 1383 habet;
1153 1353 1292 1387 nequando
1317 1353 1420 1384 dicunt,
1442 1354 1488 1380 ubi
1504 1359 1543 1381 est
1566 1354 1636 1381 Deus
1653 1355 1768 1381 eorum?
1790 1355 1829 1382 Ac

1036 1398 1146 1433 quidem
1168 1398 1226 1426 haec
1250 1399 1391 1434 populus:
1412 1400 1483 1427 Deus
1506 1405 1609 1432 autem,
1623 1400 1772 1428 Persarum
1793 1401 1826 1428 ad

1034 1444 1196 1479 Chaganum
1221 1445 1368 1472 transitum
1385 1445 1535 1481 prohibuit,
1551 1453 1631 1479 quem
1658 1446 1829 1474 meditaban-

1037 1495 1091 1522 tur.
1106 1490 1199 1518 multis
1218 1497 1314 1517 eorum
1334 1481 1414 1518 casis
1447 1491 1497 1526 (ιι),
1512 1499 1584 1526 quos
1611 1492 1737 1520 subsidio
1761 1493 1826 1520 mit-

1037 1536 1138 1563 tebant.
1155 1536 1242 1563 Porro
1256 1544 1310 1564 non
1327 1542 1483 1567 cessarunt.
1493 1537 1578 1565 biduo
1591 1542 1647 1565 toto
1661 1546 1707 1566 seu
1723 1538 1825 1570 triduo,

195 1576 258 1607 )ou;
276 1575 452 1603 ἀπέστελλον.
474 1575 526 1602 Δύο
547 1575 576 1601 δὲ
591 1576 639 1602 καὶ
663 1576 737 1610 τρεῖς
755 1576 854 1610 ἐφεξῆς
874 1575 981 1611 ἡμέρας

1035 1582 1247 1614 velitationibus,
1265 1589 1297 1610 ac
1309 1590 1458 1617 paucorum
1476 1591 1523 1618 per
1540 1584 1597 1610 loca
1622 1584 1822 1611 certaminibus

195 1623 406 1658 ἀκροσολισμοῖς
434 1623 482 1649 καὶ
507 1623 629 1652 τοπικοῖς
656 1622 762 1656 ἐφόδοις
784 1621 832 1648 τοῦ
856 1622 981 1656 πολεμεῖν

1036 1635 1167 1663 pugnare.
1185 1627 1242 1656 Hoc
1254 1634 1343 1656 autent
1360 1629 1438 1656 canis
1454 1629 1499 1656 ille
1513 1629 1630 1657 consilio
1645 1629 1819 1660 moliebatur.

195 1668 245 1694 οὐκ
265 1668 429 1696 ἐπαύσαντο,
451 1668 550 1702 Ἔργον
569 1667 597 1693 δὲ
610 1665 645 1702 ἦν
662 1667 694 1693 ὲκ
713 1667 829 1702 μελέτης
844 1667 981 1702 ἑτοιμαζό-

1035 1680 1065 1701 ut.
1076 1679 1147 1700 terra
1173 1674 1284 1709 quidam
1322 1675 1464 1702 machinas
1496 1674 1656 1702 admoveret
1683 1675 1825 1703 diruendis

196 1723 277 1747 μενον
293 1714 331 1749 τῷ
347 1714 420 1745 κυνὶ.
441 1713 512 1740 κατὰ
538 1713 587 1748 μὲν
602 1714 665 1748 γῆν,
684 1713 808 1748 μηχανὰς
826 1721 983 1748 τειχομαχι-

194 1760 246 1790 κάς
263 1759 438 1794 παραστῆσαι
459 1759 506 1785 καὶ
529 1758 683 1790 ἑλεπόλεις’
705 1759 775 1785 κατὰ
791 1759 929 1786 θάλασσαν
943 1759 982 1790 δὲ,

192 1806 227 1831 τὰ
242 1806 317 1840 παρὰ
330 1805 447 1836 Σκύθαις
464 1804 613 1839 ὲξαρτῦσαι
632 1805 765 1840 μονόξυλα
780 1805 850 1839 ὑπὲρ
866 1805 983 1839 ἀριθμὸν

194 1851 362 1886 ὑπάρχοντα.
378 1852 458 1878 Ὥστε
475 1851 537 1878 καθ’
550 1851 597 1878 ἕνα
610 1851 705 1886 καιρὸν
720 1851 767 1878 καὶ
781 1851 846 1885 μίαν
863 1851 981 1886 ἡμέραν,

193 1898 325 1932 κροτῆσαι
341 1897 410 1924 κατὰ
422 1897 473 1932 τῆς
489 1897 591 1928 πόλεως
603 1897 730 1932 πόλεμον,
742 1898 775 1923 ἐκ
788 1897 841 1932 γῆς
851 1896 920 1931 ὁμοῦ
933 1897 981 1923 καὶ

193 1943 338 1977 θαλάττης.

234 1989 279 2015 Ἐν
295 1989 350 2023 ὅσῳ
366 1988 395 2015 δὲ
409 1987 455 2014 τδν
472 1987 593 2014 τοιοῦτον
613 1987 727 2022 ἐξήρτυε
742 1987 870 2021 πόλεμον,
891 1986 983 2012 λαϐὼν

192 2036 254 2062 ὅσον
271 2032 344 2070 εἶχεν
366 2035 395 2061 ὲν
413 2034 541 2061 ἱππεῦσιν
562 2034 715 2066 ἐπίλεκτον,
730 2034 760 2059 ὲν
782 2035 838 2065 τοῖς
852 2033 984 2060 ἀναπλεο-

193 2081 285 2115 μένοις
309 2081 357 2108 τοῦ
384 2081 482 2107 πόντου
513 2081 609 2114 γέγονε
641 2080 756 2115 μέρεσι.
785 2079 824 2115 τῷ
854 2078 982 2114 Περσικῷ

193 2127 302 2163 στρατῷ
336 2127 577 2162 ἐπιδεικνύμενος·
608 2127 733 2158 κάκεῖνος
766 2126 795 2153 δὲ
831 2127 866 2153 τὰ
901 2126 982 2160 ὃμοια

191 2174 322 2208 ἐπραττε’
348 2173 448 2209 μᾶλλον
467 2173 515 2206 δὲ,
535 2173 549 2199 ὀ
565 2173 615 2207 μὲν
627 2173 657 2205 ἐξ
678 2173 782 2204 Ἀσίας.
796 2173 811 2199 ὁ
834 2172 863 2199 δὲ
885 2172 913 2205 ἐξ
930 2172 983 2198 Εὐ-

194 2220 298 2255 ρώπης,
324 2219 449 2254 καθάπερ
472 2219 554 2254 θῆρες
576 2219 667 2254 ἄγριοι
687 2219 808 2253 ὠρύοντο
833 2218 904 2245 κατὰ
932 2218 981 2252 τῆς

1036 1721 1131 1752 nutris,
1145 1728 1177 1747 ac
1192 1720 1252 1748 urbi
1274 1721 1481 1754 expugnandae:
1503 1721 1572 1747 mari
1590 1725 1693 1753 autem,
1711 1720 1827 1756 Scytha-

1036 1774 1095 1793 rum
1112 1770 1217 1800 aptaret
1236 1767 1351 1798 lembos,
1366 1775 1436 1801 quos
1459 1767 1577 1794 habebat
1597 1767 1824 1800 innumerabiles,

1035 1817 1064 1838 ιιι
1085 1819 1140 1838 uno
1164 1815 1286 1846 tempore
1305 1820 1337 1840 ac
1361 1812 1458 1839 eadem
1486 1813 1564 1845 hora,
1586 1817 1659 1841 te-ra
1684 1813 1766 1841 simul
1793 1821 1826 1841 ac

1036 1857 1116 1889 mari,
1133 1865 1222 1892 pugna
1238 1858 1340 1885 civitati
1359 1859 1507 1895 ingrueret.

1071 1993 1159 2020 Tanto
1176 1994 1258 2029 igitur
1277 1994 1412 2022 instructo
1433 1995 1495 2022 belli
1522 2000 1665 2029 apparatu,
1686 1996 1825 2030 accipiens

1035 2039 1166 2073 quidquid
1175 2040 1296 2073 equitum
1305 2039 1402 2066 lectius
1416 2045 1484 2071 erat,
1494 2041 1569 2066 venit
1585 2041 1616 2066 ad
1630 2045 1721 2075 partes
1732 2041 1824 2072 Ponti,

1034 2085 1134 2119 quibus
1150 2085 1339 2120 navigabatur,
1355 2093 1438 2120 seque
1456 2085 1544 2119 ipsum
1575 2085 1717 2113 Persarum
1743 2094 1824 2113 excr-

1034 2130 1101 2158 citui
1131 2130 1268 2163 ostendit;
1292 2130 1391 2165 illeque
1408 2131 1527 2158 vicissim
1549 2133 1642 2158 eadem
1662 2132 1748 2158 facit:
1775 2139 1823 2159 seu

1033 2177 1136 2211 potius,
1152 2175 1222 2203 alter
1238 2175 1348 2210 quidem
1362 2184 1395 2203 ex
1419 2176 1494 2207 Asia,
1513 2184 1545 2203 ex
1567 2175 1672 2211 Europa
1689 2177 1768 2208 alter.
1784 2177 1823 2204 uti

1034 2221 1098 2248 fune
1111 2221 1203 2248 bestiae
1219 2221 1330 2256 rngiunt
1349 2221 1482 2249 adversus
1498 2221 1648 2253 civitatem,
1668 2226 1822 2257 promptam

191 2267 294 2297 πόλεως
305 2287 312 2295 ,
329 2267 437 2301 ἕτοιμον
452 2265 555 2300 ταύτην
579 2265 650 2300 ἔχειν
669 2265 826 2299 νομίζοντες
847 2265 958 2299 θήραμα
970 2283 977 2291 .

1034 2268 1086 2295 sibi
1103 2267 1221 2302 praedam
1238 2271 1379 2301 sperantes
1404 2266 1471 2294 fore.
1500 2267 1601 2295 Verum
1618 2268 1680 2302 quis
1698 2268 1823 2303 loquetur

200 2311 273 2338 Δλλέι
289 2311 331 2342 τίς
347 2311 459 2345 λαλήσει
474 2310 521 2336 τοῦ
533 2310 601 2336 Θεοῦ
608 2310 643 2336 τὰ
655 2310 715 2336 τότε
728 2310 882 2344 θαυμάσιας
898 2309 939 2340 τίς
950 2309 979 2335 δὲ

189 2357 239 2390 τῆς
257 2357 393 2392 Παρθένου
411 2356 460 2390 τὴν
481 2357 520 2388 εις
540 2357 613 2391 ἡμᾶς
629 2355 831 2390 εὐσπλαγχνίαν
845 2355 978 2390 διηγήσα-

192 2403 254 2429 σθαι
270 2401 425 2436 ὲξισχύσεις
445 2402 482 2433 ὡς
504 2401 558 2437 γὰρ
575 2402 590 2428 ὁ
609 2401 734 2435 Χαγάνος
751 2401 813 2432 τοὺς
828 2401 876 2426 τοῦ
892 2400 979 2436 Κέρα-

192 2459 234 2481 ro;
249 2450 366 2481 κόλπους
382 2449 526 2484 ἐπλήρωσε
549 2448 712 2483 μονοξύλων,
733 2448 780 2476 καὶ
799 2450 856 2480 τοῖς
879 2447 977 2475 ἑαυτοῦ

189 2494 312 2525 ὁπλίταις
323 2495 462 2528 ἐπειρᾶτο,
475 2494 519 2520 διὰ
533 2494 582 2528 μὲν
594 2494 647 2520 τῶν
660 2493 851 2528 πολεμοίη-πων
861 2495 901 2524 εὶς
913 2494 976 2528 γῆν,

188 2540 224 2566 τὰ
240 2539 318 2574 τεὲχη
337 2539 500 2566 καταϐαλεῖν
516 2540 566 2574 τῆς
593 2539 712 2571 πόλεως’
731 2539 773 2566 δι(ὶ
792 2539 820 2565 δἓ
841 2539 896 2565 τῶν
914 2547 978 2566 ναυ-

189 2586 348 2623 μαχούντων
363 2587 393 2613 ὲν
406 2587 462 2617 τοῖς
472 2586 582 2617 κόλποις
595 2585 642 2612 τοῦ
659 2585 793 2620 Κέρατος,
809 2585 909 2620 εὐχερῆ
927 2584 976 2620 τὴν

224 2689 262 2721 (4)
283 2687 473 2722 lntcrcipientu
494 2694 526 2713 ac
549 2691 710 2722 exctirrentc
736 2685 860 2713 Romano
881 2686 973 2722 fortis-

189 2725 259 2750 simo
284 2723 379 2753 milite,
406 2727 435 2749 ut
456 2730 488 2749 ex
514 2721 731 2757 Zonararcolligi
760 2726 859 2756 potest.
886 2721 974 2749 Etiam

189 2759 218 2785 S.
252 2757 422 2792 Nicrphorus
442 2757 588 2784 maximam
617 2756 779 2792 SclavOrum
797 2760 918 2792 stragem
932 2757 974 2784 fa-

188 2799 258 2819 ctam
273 2791 374 2823 narrat,
390 2794 434 2820 ubi
449 2793 567 2819 hostium
580 2797 742 2826 stratagema
756 2791 892 2818 detectum
909 2791 975 2820 inis-

189 2837 206 2854 s-
220 2832 239 2858 ι,
257 2828 418 2855 immittentc
434 2828 510 2854 Bono
529 2827 644 2860 patricio
662 2828 689 2853 in
703 2826 839 2857 incautos.
853 2834 885 2853 ac
902 2827 974 2854 velut

188 2864 245 2890 suis
265 2863 387 2890 subsidio
406 2864 561 2892 venientes.
580 2867 609 2889 ut
626 2865 685 2889 erat
704 2866 867 2888 conventum
885 2862 918 2888 ad
935 2864 973 2888 si-

187 2906 268 2933 gnum
283 2898 382 2926 sublati
397 2899 467 2934 ignis
480 2905 494 2925 c
511 2898 722 2925 Blacheruarum
738 2896 898 2928 munitione,
916 2906 973 2925 mc-

1033 2313 1079 2340 Dei
1096 2319 1161 2340 tunc
1172 2313 1293 2340 exhibita
1318 2313 1475 2341 mirabilia?
1491 2313 1558 2347 Quis
1580 2322 1644 2342 vero
1659 2314 1781 2349 Virginis
1794 2316 1821 2342 in

1032 2367 1083 2387 nos
1098 2359 1290 2394 impensiorem
1299 2360 1469 2387 clementiam
1485 2368 1516 2388 ac
1526 2361 1741 2388 misericordiam
1757 2369 1822 2396 pos-

1032 2407 1068 2434 sit
1081 2406 1227 2433 enarrare?
1239 2406 1305 2433 Nam
1323 2407 1367 2433 ubi
1383 2406 1529 2441 Chaganus
1559 2408 1636 2434 sinus
1652 2407 1743 2435 Cornu
1769 2408 1822 2435 llll-

1031 2452 1129 2482 tribus,
1146 2459 1178 2478 ac
1193 2451 1278 2478 milite
1297 2451 1475 2486 implevisset,
1500 2453 1537 2479 ita
1564 2454 1690 2486 moliens,
1720 2457 1749 2480 ut
1774 2461 1824 2488 per

1030 2505 1078 2524 eos
1089 2496 1197 2531 quidem
1210 2497 1256 2531 qui
1270 2501 1341 2524 terra
1358 2498 1525 2532 pugnabant,
1539 2507 1633 2526 muros
1643 2499 1761 2526 civitatis
1776 2500 1822 2527 de-

1025 2542 1140 2576 jiccret;
1158 2550 1206 2577 per
1222 2550 1268 2570 eos
1282 2547 1373 2570 autem
1397 2545 1442 2578 qui
1459 2544 1486 2571 in
1503 2545 1610 2572 sinibus
1631 2544 1723 2572 Cornu
1737 2553 1821 2572 nava-

1028 2589 1080 2615 lem
1095 2596 1212 2624 pugnam
1226 2594 1304 2616 erant
1318 2590 1424 2622 inituri,
1438 2590 1517 2618 facile
1529 2591 1555 2618 in
1569 2591 1664 2618 urbem
1677 2591 1817 2618 invaderet

1027 2687 1073 2714 dio
1089 2688 1147 2723 ipso
1163 2688 1261 2716 itinere
1271 2689 1503 2723 expeditissimam
1520 2689 1673 2718 Romanam
1689 2690 1817 2723 classem:

1029 2730 1111 2757 quam
1130 2723 1249 2751 hostium
1278 2725 1381 2760 cladem
1409 2725 1459 2752 ista
1484 2725 1553 2752 forte
1580 2726 1719 2755 indicent.
1745 2731 1818 2760 post-

1028 2766 1110 2791 quam
1125 2764 1218 2786 sccuta
1236 2759 1328 2795 sitjlla
1346 2760 1464 2786 hostium
1481 2761 1594 2795 irruptio
1612 2762 1645 2788 ad
1663 2759 1757 2788 muros
1775 2762 1818 2789 hic

1029 2799 1150 2824 narrata,
1167 2802 1249 2828 quam
1275 2794 1389 2821 Romani
1414 2794 1546 2823 immensa
1563 2797 1635 2825 mede
1657 2803 1752 2823 eorum
1767 2797 1817 2824 de-

1029 2828 1158 2861 pulcrint,
1176 2829 1348 2864 depugnante
1367 2837 1414 2864 pro
1429 2830 1469 2857 cis
1483 2831 1550 2857 mari
1564 2831 1673 2858 interiit-
1691 2831 1815 2861 immissa

1028 2867 1186 2899 tempestate
1199 2865 1225 2891 iu
1244 2865 1361 2892 hostium
1379 2865 1507 2897 classem,
1525 2866 1636 2901 licipara
1657 2865 1780 2901 Virgine.
