2076 3158
155 189 228 221 1353

814 187 923 218 IAMBI
944 188 1122 218 ASCETICI.

1711 182 1778 215 1355

155 244 206 270 οὐκ
232 241 358 274 ἀντάξιον
381 243 430 277 μὲν
447 242 530 269 οὖσαν
548 243 608 274 ταῖς
633 242 694 274 σαῖς
707 242 897 279 εὐεργεσίαις·
915 244 942 270 τί

996 244 1057 276 hoc,
1079 251 1128 271 ceu
1139 243 1260 270 debitum
1294 242 1342 269 libi
1372 241 1525 274 oll'erimus;
1549 247 1606 268 non
1632 240 1708 268 velut
1727 242 1780 268 tuis

155 289 210 324 γὰρ
235 288 268 315 ἂν
290 289 337 314 καὶ
360 288 403 322 εῐη
430 288 535 315 τούτων
560 288 701 321 ἀντάξιον;
722 288 803 323 πλὴν,
819 290 883 323 φίλα
898 297 940 316 σοι

154 335 190 361 τὰ
202 335 256 360 τῶν
273 334 328 360 σῶν
338 334 440 361 παίδων
454 334 626 368 ψελλίσματα
635 341 642 348 “
661 334 708 359 ἐπὶ
717 334 745 360 δὲ
757 336 813 366 τοῖς
826 335 943 362 ἐνεστῶ-

157 388 183 406 σι
212 381 258 407 καὶ
280 379 411 406 λυποῦσιν
444 380 536 415 ἡμᾶς,
575 379 792 414 παρακαλοῦμεν
813 381 863 415 τὴν
893 381 942 415 σὴν

159 425 293 460 ὀξυτάτην
318 425 444 460 βοήθειαν
461 432 468 440 ·
488 424 604 459 δεόμεθα
623 425 673 459 τῆς
697 425 746 460 σῆς
775 425 943 461 ἀντιλήψεως

155 471 237 497 λῦσαι
249 471 283 498 τὰ
293 472 321 497 ὲν
338 471 378 505 τῷ
393 471 467 506 μέσῳ
479 470 691 506 προσκόμματα·
707 470 883 498 διασκεδάσαι
893 471 943 507 τὴν

156 515 308 551 ἐπέχουσαν
316 516 389 550 ἡμᾶς
405 515 520 549 νεφέλην
529 523 559 540 τε
575 515 624 541 καὶ
636 515 828 550 σκοτόμαιναν,
851 515 897 549 ὑφ’
908 513 944 549 ἧς

156 561 286 596 ὥσπερέν
299 561 469 596 νυκτομαχίᾳ
484 560 620 595 βάλλομέν
627 569 657 586 τε
675 561 721 587 καὶ
738 560 893 595 βαλλόμεθα
903 569 909 575 “
926 561 942 595 ἢ

158 607 259 641 μᾶλλον
269 607 366 638 εἰπεῖν,
375 606 469 641 ὥσπερ
476 606 501 632 oi
512 606 678 641 μαινόμενοι,
690 607 744 632 τῶν
754 606 825 632 ἰδίων
833 606 943 641 σαρκῶν

157 651 311 686 ἁπτόμεθα,
324 651 371 677 καὶ
383 650 534 686 ἀγνοοῦμεν
549 652 612 683 τοὺς
622 652 775 685 συγγενεῖς,
787 651 871 677 καὶτὸ
881 651 944 685 ὀμό-

157 697 239 730 φυλον
251 697 300 723 οὐκ
311 696 540 731 ἐπιγινώσκομεν.
555 697 609 723 Καὶ
626 696 713 723 ταῦτα
729 696 889 731 τολμῶμεν·
905 696 943 722 τί-

157 752 216 776 νες;
233 743 258 769 οἱ
275 742 321 769 τοῦ
335 742 417 769 αὑτοῦ
441 743 566 778 Πατρὸς,
583 742 631 768 τοῦ
656 743 714 774 ἑνὸς
738 743 857 776 Χριστοῦ
868 763 875 775 ,
890 742 942 776 τῆς

157 789 241 824 αὐτῆς
267 789 402 821 πίστεως,
418 788 465 814 τοῦ
488 789 571 815 αὑτοῦ
588 789 789 823 βαπτίσματος,
811 788 860 823 τῆς
880 788 945 822 μιᾶς

162 835 342 870 Ἐκκλησίας,
359 835 412 861 τῶν
431 834 522 862 αὐτῶν
543 834 703 868 μυστηρίων
725 834 885 869 ἠξιωμένοι,
903 833 946 860 ἵνα

157 881 195 916 μὴ
214 880 293 914 λόγον
319 880 508 915 ἀποτείνωμεν
534 879 649 915 μακρόν.
667 879 717 906 Διὰ
738 879 818 906 τοῦτο
830 879 946 906 ίκετεύο·

995 297 1115 324 congrue
1129 288 1269 316 beneﬁciis
1282 288 1446 323 respondeat
1458 296 1465 315 :
1476 287 1541 322 quid
1556 287 1629 314 enim
1643 287 1726 314 etiam
1747 286 1781 314 iis

995 342 1146 369 congruum
1168 333 1261 361 haberi
1285 333 1390 369 possit?
1419 334 1561 360 enimvero
1577 333 1664 360 amica
1696 332 1781 360 habes

995 381 1114 407 ﬁliorum
1130 379 1326 407 balbutimenta
1345 389 1352 408 :
1376 379 1429 407 Pro
1454 379 1487 407 iis
1501 384 1592 406 autem
1618 379 1699 407 malis
1721 387 1782 414 qua

995 425 1136 459 ingruunt,
1151 432 1184 452 ac
1203 425 1284 452 nobis
1310 425 1425 452 molesta
1450 429 1526 457 sunt,
1558 425 1734 452 obsecramus
1752 429 1782 452 ut

995 470 1095 497 l'cstine
1108 470 1239 497 auxilium
1260 470 1410 505 impendas.
1438 470 1576 504 Rogamus
1593 478 1643 505 pro
1670 476 1716 498 ιιιο
1734 479 1783 506 pa-

996 515 1111 542 trocinio
1133 522 1164 542 ac
1181 515 1274 547 tutela,
1296 519 1326 542 ut.
1355 515 1434 543 tollas
1461 515 1623 544 offendicula
1638 516 1665 543 in
1692 517 1782 544 medio

995 560 1173 593 crsistentia;
1198 561 1327 595 dispellas
1356 569 1422 588 vero
1445 567 1624 596 occupantem
1653 562 1780 589 nebulam

996 612 1029 631 ac
1045 610 1134 631 atram
1166 605 1322 640 caliginem,
1351 612 1405 639 qua
1438 606 1543 638 caecati,
1570 614 1619 633 cett
1651 612 1783 634 nocturna

995 657 1095 684 pugna,
1111 649 1241 676 caedimus
1256 650 1574 685 pariter,ca:dinturque;
1590 651 1629 678 vel
1644 656 1673 678 ut
1686 651 1784 679 melius

996 694 1097 726 dicam,
1116 695 1155 721 uti
1168 694 1276 727 furiosi,
1296 700 1404 722 nostras
1417 696 1545 730 ipsorum_
1560 704 1657 724 carnes
1680 697 1784 725 discer-

996 741 1104 775 pimus;
1123 749 1176 767 non
1207 741 1380 775 agnoscimus
1407 746 1549 776 cognatos,
1576 749 1609 768 ac
1639 743 1783 770 contribu-

996 788 1035 814 lcs
1053 788 1201 815 nescimus.
1218 789 1306 822 Atque
1317 789 1374 816 haec
1391 789 1525 816 audemus
1542 798 1548 815 :
1567 789 1683 821 Quinam
1700 790 1784 817 vero?

997 832 1048 864 Qui
1065 832 1195 860 nimirum
1215 833 1375 868 dignatione
1391 833 1494 866 divina,
1515 834 1639 860 eumdem
1663 834 1784 867 Patrem;

997 878 1137 905 Christum
1154 886 1250 910 unum.
1276 880 1398 905 eamdem
1420 878 1513 911 ﬁdem,
1549 879 1619 907 idem
1639 880 1784 915 baptisma,

159 934 209 960 μεν
229 925 279 960 τὴν
295 925 344 961 σὴν
365 925 578 960 εὐσπλαγχνίαν,
609 923 699 951 οἶκτον
715 924 809 951 λαὸεῖν
830 924 876 951 τοῦ
898 924 944 950 σοῦ

1000 930 1082 950 unam
1099 923 1262 956 Ecclesiam,
1279 929 1451 951 sacramenta
1470 925 1627 951 comtnunia
1646 926 1686 960 (ut
1708 934 1741 953 ne
1756 928 1785 953 in

158 970 226 998 λαοῦ
245 972 292 998 καὶ
307 972 357 1006 τῆς
371 971 555 1006 κληρονομίας
577 979 636 1003 σου,
653 971 699 997 καὶ
712 971 809 1005 στῆναι
829 970 946 1005 πρέσϐιν

157 1018 227 1053 πρὸς
243 1017 289 1044 τὸν
302 1018 335 1044 ὲκ
354 1017 401 1044 σοῦ
417 1017 548 1052 τεχθέντα
561 1017 626 1043 Θεὸν
644 1017 733 1052 ἡμῶν,
750 1017 798 1043 καὶ
813 1016 946 1051 βοηθῆσαι

163 1064 213 1098 μὲν
240 1064 306 1098 ἡμῖν
331 1064 366 1089 τὰ
391 1063 492 1098 ἔσχατα
520 1063 733 1096 κινδυνεύουσιν,
750 1062 889 1094 ἐξελέσθαι
918 1061 946 1087 δὲ

157 1110 231 1145 ἡμᾶς
256 1109 403 1144 συμφορῶν
433 1109 601 1144 ἀνηκέστων.
626 1108 706 1145 Ὁρᾷς
725 1109 808 1141 ὅσοις,
831 1106 853 1135 ὢ
877 1108 946 1133 Δέσ-

157 1165 248 1188 ποινα,
258 1155 607 1190 κακοῖςπεριαντλούμεθα.
616 1155 772 1188 Ἀνάστηθι
782 1155 838 1181 οὖν
846 1154 895 1180 καὶ
902 1153 945 1188 μὴ

157 1199 264 1234 ἁπώσῃ
280 1200 322 1232 εις
334 1200 434 1232 τέλος.
449 1199 511 1226 Ἵνα
524 1199 552 1226 τι
566 1199 599 1225 τὸ
615 1199 778 1233 πρόσωπόν
801 1206 859 1225 σου
873 1198 941 1224 ἁπο-

157 1245 307 1279 στρέφεις,
321 1247 370 1271 καὶ
384 1244 594 1277 ἑπιλανθάνεις
608 1244 664 1278 τῆς
679 1243 827 1277 πτωχείας
845 1242 947 1277 Man-,-

158 1292 290 1318 Διάλυσον
308 1293 372 1323 τοὺς
397 1291 587 1326 ἐπικειμένους
609 1291 706 1325 φόῦους
734 1290 782 1316 καὶ
803 1290 922 1324 τρόμους
938 1297 945 1303 ·

157 1337 235 1364 ἄνελε
253 1338 302 1369 τὰς
322 1337 490 1372 φιλονείκως
511 1337 654 1368 ἐνστάσεις
670 1344 676 1351 ·
693 1336 797 1363 παῦσον
815 1335 864 1367 τὰς
891 1335 944 1371 μά-

157 1392 208 1418 χας
229 1384 276 1409 καὶ
307 1384 370 1414 τοὺς
385 1383 520 1418 πολέμους
535 1382 675 1408 ’κόπασον
705 1381 754 1417 τὴν
779 1381 838 1408 καθ’
868 1380 946 1416 ἡμῶν

158 1427 317 1462 κινηθεῖσαν
332 1428 415 1463 ὀργὴν
428 1428 474 1454 τοῦ
490 1427 557 1454 Θεοῦ
570 1428 617 1454 καὶ
632 1427 746 1463 θραῦσιν
762 1435 768 1442 ·
783 1427 946 1461 καταπραῧ-

157 1483 203 1500 νον
218 1474 266 1505 τὰς
281 1474 310 1500 έν
324 1474 362 1509 τῷ
378 1475 454 1509 μέσῳ
472 1474 579 1504 στάσεις
596 1473 643 1499 καὶ
669 1472 802 1508 ταραχὰς,
820 1472 867 1498 καὶ
896 1481 946 1506 γα-

157 1518 243 1554 λήνην
269 1519 316 1545 καὶ
336 1520 449 1553 εἰρήνην
470 1518 621 1554 βρὰὃευσον
650 1519 707 1550 τοῖς
729 1518 850 1550 οἰκέταις
872 1526 922 1545 σου
937 1526 944 1534 ·

159 1563 202 1590 ἵνα
231 1565 290 1595 ταῖς
319 1563 430 1595 πολλαῖς
467 1563 638 1599 εὐεργεσίαις
656 1563 860 1599 ζπροστεοείσης
900 1564 946 1591 καὶ

158 1609 272 1644 ταύτης,
290 1609 523 1645 ἀνακηρύττωμεν
536 1609 683 1641 διαπαντὸς
699 1610 733 1636 τὰ
750 1609 784 1636 σὰ
799 1609 942 1645 τεράστια.

199 1702 269 1730 Ἀλλ’
294 1702 411 1729 ἐνταῦθα
433 1702 585 1738 γενόμενοι,
603 1702 651 1729 καὶ
665 1702 699 1729 τὰ
713 1702 787 1728 ἱστία
801 1701 848 1728 τοῦ
863 1702 944 1736 λόγου

157 1748 333 1783 χαλάσαντες,
357 1749 396 1779 εις
423 1748 467 1774 τὸν
497 1748 607 1783 ἀσφαλῆ
632 1748 682 1784 τῆς
711 1747 817 1783 σιωπῆς
849 1747 946 1783 ὡρμή-

158 1802 250 1828 σωμεν
283 1794 395 1829 λιμένα·
433 1794 521 1820 ἐκεῖνο
551 1794 632 1820 πάλιν
667 1795 731 1826 τοὺς
767 1794 945 1829 συνειλεγμέ-

157 1848 219 1871 νους
248 1840 465 1875 ἀναμνήσαντες,
485 1839 522 1875 μὴ
546 1840 706 1875 ἀγνώμονας
737 1841 854 1875 φανῆναι
880 1841 944 1876 περὶ

157 1884 206 1920 τὴν
223 1885 362 1920 εὐεργέτιν
386 1886 434 1911 καὶ
449 1885 598 1912 Δέσποιναν
610 1893 617 1900 ·
640 1885 707 1920 μηδὲ
731 1886 774 1912 διὰ
788 1886 842 1912 τῶν
854 1885 943 1919 ἔργων

157 1930 414 1965 εὐεργετουμένους,
430 1931 520 1956 ὀκνεῖν
532 1930 581 1964 τὴν
594 1930 638 1957 διὰ
655 1930 709 1956 τῶν
727 1930 816 1963 λόγων
830 1930 945 1964 εὐχαρι-

158 1975 236 2002 στίαν
253 1975 419 2010 προσφέρειν
436 1983 444 1990 ·
460 1975 508 2002 καὶ
521 1975 575 2010 γὰρ
588 1974 680 2006 πάλιν,
696 1975 735 2006 είς
750 1975 824 2009 ἡμᾶς
837 1974 868 2000 τὸ
881 1974 946 2009 κέρ-

156 2021 200 2052 δος
216 2021 367 2047 ἐπάνεισιν.
394 2020 457 2046 Ἐὰν
471 2020 525 2056 γὰρ
541 2020 587 2046 ἐπὶ
604 2021 660 2051 τοῖς
685 2019 820 2054 φθάσασιν
835 2020 945 2054 εὐχάρι-

159 2075 217 2093 στοι
232 2066 386 2101 γενώμεθα,
402 2066 522 2102 μεγάλην
540 2067 647 2097 ἑαυτοῖς
661 2066 730 2101 πρὸς
760 2066 794 2092 τὰ
814 2065 946 2100 μέλλοντα

158 2110 357 2144 εὐτρεπίσομεν
372 2111 540 2146 παρρησίαν,
558 2111 605 2138 καὶ
621 2111 674 2137 τῶν
695 2111 860 2146 ἀπορρήτων
875 2111 943 2144 ἀγα-

158 2156 213 2183 θῶν
229 2156 396 2191 ὲπιτύχομεν
414 2165 421 2172 ·
443 2157 534 2192 χάριτι
550 2157 598 2184 καὶ
618 2157 808 2192 φιλανθρωπίᾳ
823 2157 869 2183 τοῦ
893 2157 945 2182 Κυ-

159 2201 218 2237 ριον
240 2202 319 2238 ἡμῶν
339 2202 428 2238 Ἰησοῦ
443 2202 573 2238 Χριστοῦ,
588 2199 610 2237 ᾧ
621 2204 637 2238 ἡ
649 2202 712 2235 δόξα
734 2202 780 2229 καὶ
796 2203 825 2229 τὸ
844 2203 945 2233 κοάτος

157 2248 197 2278 εἰς
208 2248 272 2280 τοὺς
287 2248 399 2280 αἰῶνας.
421 2249 517 2284 Ἀμήν.

998 969 1109 1003 longum
1130 977 1222 997 sermo
1237 969 1327 1005 abeat)
1342 970 1486 998 habemus.
1508 970 1691 1004 Quamobrem
1720 979 1786 1006 sup-

997 1014 1080 1049 plices
1095 1015 1274 1042 obsecramus
1291 1020 1366 1042 tuam
1383 1015 1567 1047 clementiam,
1588 1022 1617 1043 ut
1633 1017 1670 1044 tui
1682 1018 1785 1052 populi,

997 1068 1027 1086 ac
1048 1065 1100 1088 tua:
1125 1061 1292 1088 hereditatis
1320 1061 1488 1096 miserearis,
1509 1062 1639 1097 adsisque
1668 1063 1786 1091 interce-

997 1106 1066 1134 dens
1081 1107 1152 1141 apud
1173 1111 1266 1134 natum
1291 1115 1326 1134 ex
1341 1112 1366 1135 te
1381 1107 1464 1134 Deum
1496 1113 1631 1141 nostrum,
1650 1117 1682 1137 ac
1706 1110 1786 1137 nobis

998 1152 1024 1178 in
1040 1157 1165 1180 extremo
1179 1153 1336 1180 constitutis
1360 1154 1480 1188 periculo
1506 1155 1658 1186 auxilieris,
1672 1160 1754 1191 atque
1770 1164 1785 1183 a

997 1198 1145 1232 deploratis
1160 1198 1260 1233 eripias
1274 1199 1488 1227 calamitatibus.
1513 1200 1607 1233 Vides,
1625 1208 1642 1228 ο
1657 1201 1784 1234 Domina.

997 1248 1064 1277 quot
1080 1244 1201 1279 undique
1223 1244 1303 1272 malis
1318 1244 1497 1273 absumamur
1512 1255 1518 1272 :
1542 1245 1661 1282 Exsurge
1692 1248 1785 1283 igitur,

997 1294 1021 1315 et
1039 1290 1191 1323 nep-opella:
1204 1291 1230 1316 itt
1244 1290 1334 1325 finem.
1354 1290 1408 1318 Cur
1435 1291 1528 1326 faciem
1544 1297 1617 1320 luant
1641 1295 1749 1327 avertis,
1762 1300 1786 1321 et

997 1335 1156 1363 obliviscaris
1165 1337 1260 1371 inopiw
1268 1338 1408 1364 nasute”?
1415 1338 1535 1366 Dissolve
1544 1339 1733 1367 incumbentes
1741 1348 1788 1368 no-

1000 1380 1043 1408 bis
1056 1381 1168 1408 timores
1184 1389 1217 1409 ac
1225 1386 1367 1414 tremores;
1379 1383 1443 1410 tolle
1457 1383 1787 1420 contentiosasopponeu-

998 1425 1064 1453 tium
1074 1434 1194 1461 pugnas;
1205 1428 1268 1455 seda
1276 1436 1381 1463 pugnos
1389 1429 1493 1456 acbella
1505 1430 1583 1461 ;siste
1595 1436 1694 1458 motam
1702 1431 1728 1458 in
1736 1439 1787 1459 nos

999 1469 1044 1497 Dei
1063 1470 1131 1498 iram
1140 1479 1171 1499 ac
1180 1473 1387 1506 contritionem;
1401 1481 1534 1508 compone
1541 1475 1646 1502 medias
1661 1481 1784 1504 nostrum

998 1517 1147 1544 seditiones
1159 1525 1190 1545 ac
1206 1518 1387 1549 turbationes,
1403 1519 1512 1554 tuisque
1526 1519 1637 1548 famulis
1651 1523 1788 1557 tranquil-

999 1562 1104 1589 litatem
1119 1570 1151 1590 ac
1168 1571 1262 1598 pacem
1275 1565 1404 1597 concede;
1423 1569 1452 1592 ut.
1475 1565 1599 1599 pluribus
1616 1567 1671 1594 illis
1684 1568 1787 1595 hench-

998 1608 1058 1641 ciis,
1075 1609 1176 1643 quibus
1187 1617 1239 1637 nos
1253 1610 1411 1641 cumulasti,
1424 1611 1569 1638 accedente
1584 1612 1716 1640 bent-licio
1725 1614 1786 1644 hoc,

998 1658 1044 1681 tua
1060 1655 1182 1690 prodigia
1202 1656 1369 1690 sempiterno
1382 1658 1519 1690 praeconio
1534 1657 1715 1686 celebremus.

1031 1700 1091 1727 Huc
1105 1705 1196 1728 autem
1212 1701 1329 1728 deducto
1342 1709 1479 1734 sermone,
1500 1710 1532 1730 ac
1545 1703 1606 1737 ejus
1623 1704 1788 1732 contrahen-

997 1750 1037 1774 tes
1054 1746 1121 1779 vela,
1135 1746 1168 1774 ad
1186 1751 1272 1773 tutum
1288 1746 1387 1774 silentii
1404 1752 1512 1782 portum
1537 1749 1715 1783 applicemus;
1737 1750 1791 1778 hoc

998 1791 1096 1818 iterum
1114 1790 1294 1819 admonentes
1313 1792 1456 1819 collectum
1483 1798 1597 1825 coetum,
1633 1799 1663 1821 ut
1693 1801 1727 1822 ne
1744 1794 1788 1822 in-

996 1836 1066 1871 grati
1080 1844 1143 1871 erga
1154 1835 1303 1864 beneﬁcam
1316 1845 1348 1865 ac
1358 1838 1500 1865 Dominam
1515 1838 1670 1874 videamur;
1687 1847 1787 1875 neque,

996 1883 1043 1917 qui
1057 1882 1124 1918 ipsis
1142 1883 1225 1910 rebus
1245 1883 1377 1911 beneﬁcio
1404 1884 1491 1912 simus
1505 1885 1605 1918 alfecti,
1626 1886 1667 1913 vel
1687 1887 1783 1914 saltem

996 1929 1087 1955 verbis
1104 1929 1253 1963 gratiarum
1269 1930 1405 1956 actionem
1429 1931 1526 1958 olli-tre
1545 1931 1713 1966 negliuamus
1731 1941 1738 1960 :
1757 1933 1786 1960 in

998 1981 1068 2008 quos
1087 1974 1218 2000 nimirum
1243 1975 1342 2001 iterum
1359 1980 1513 2003 revertatur
1539 1979 1722 2005 commodum.
1743 1977 1787 2005 Si-

998 2019 1108 2054 quidem
1126 2020 1198 2046 enim
1213 2027 1263 2054 pro
1290 2020 1427 2055 prioribus
1453 2021 1532 2048 hortis
1552 2023 1621 2057 grati
1641 2023 1786 2056 fuerimus,

998 2072 1125 2099 magnam
1141 2065 1222 2092 nobis
1239 2065 1274 2092 ad
1299 2065 1391 2093 futura
1409 2066 1535 2095 ﬁduciam
1555 2069 1786 2102 comparabimus,

998 2118 1029 2137 ac
1043 2118 1223 2144 assequentur
1243 2111 1436 2139 inenarrabilis
1449 2120 1481 2139 ac
1496 2120 1596 2141 arcana
1624 2115 1705 2147 bona;
1722 2123 1787 2151 gra-

998 2157 1034 2183 tia
1053 2163 1084 2184 ac
1100 2157 1287 2184 misericordia
1305 2157 1414 2186 Domini
1429 2159 1515 2186 nostri
1534 2158 1599 2187 Jesu
1615 2160 1715 2188 Christi
1741 2161 1785 2189 cui

997 2202 1082 2237 gloria
1099 2209 1130 2229 ac
1144 2207 1266 2238 potestas
1283 2203 1311 2230 in
1327 2205 1437 2232 sarcula.
1457 2206 1552 2232 Amen.

777 2397 938 2428 INCERTI
968 2398 1168 2430 AUCTORIS

379 2486 604 2532 VERSUS
642 2487 871 2531 lAMBlCl
1017 2487 1204 2532 BEBUS
1231 2489 1552 2536 ASCETICIS.

641 2581 671 2613 (E
689 2590 732 2608 ms.
747 2589 804 2608 saec.
822 2589 854 2607 xv
869 2581 933 2607 Bibl.
946 2582 1065 2608 Laurent.
1078 2583 1192 2615 Βιιωικι,
1207 2585 1227 2615 Ι,
1242 2585 1307 2616 105.)

444 2715 521 2750 Ἔπη
538 2716 649 2751 χρυσᾶ.

152 2759 228 2793 Ἐγώ
245 2768 275 2786 σε
291 2759 387 2794 φιλῶν,
406 2762 455 2788 καὶ
469 2762 523 2797 πρὸ
539 2762 622 2789 τῶνδε
650 2764 705 2791 τῶν
724 2764 821 2799 λόγων,

143 2805 260 2833 Μᾶλλον
272 2806 300 2833 δὲ
316 2807 421 2835 πενθῶν
438 2809 490 2835 ὑπὸ
505 2809 666 2844 φιλοσοφίας
677 2830 684 2844 ,

187 2881 205 2897 ¹¹
216 2881 288 2910 Psal.
300 2891 377 2916 xuii,
393 2884 439 2912 '25.

347 2930 483 2962 ΡΑτιιοι.
499 2933 555 2963 Gn.
578 2933 656 2964 (Νι.

1268 2721 1395 2749 Carmina
1417 2731 1508 2749 aurea.

998 2767 1166 2801 'l'e.diligcns
1179 2768 1322 2803 plusquam
1341 2769 1427 2796 valeat
1443 2777 1475 2796 os
1485 2768 1586 2802 dicere,

994 2814 1033 2841 Ac
1048 2814 1140 2842 dolens
1154 2814 1235 2842 etiam
1249 2815 1283 2842 ob
1298 2815 1435 2850 ingentem
1448 2814 1501 2841 vim
1518 2822 1632 2850 amoris,

1543 2935 1627 2966 53-.
