2076 3158
318 191 387 223 1255

315 250 366 282 Qui
382 253 490 276 mortuo
505 253 616 282 prorsus
628 249 670 274 est
681 245 825 278 adsimilis,

316 296 343 323 Si
361 302 412 327 res,
431 297 531 321 utsunt
544 296 571 320 et
588 297 617 320 ut
627 291 715 323 decet,
731 298 784 318 non
800 291 939 326 exprimit.

315 341 431 372 Nudam,
442 347 458 366 o
470 339 548 370 bone,
566 337 614 365 tibi
631 337 712 364 vitam
729 336 988 372 (contctnplandam)
1002 337 1098 370 obtuli,

317 386 351 413 Ut
366 392 433 412 vana
446 384 485 411 sic
502 383 628 418 figmenta
645 389 740 420 posses
755 382 870 414 discere,

314 433 370 459 Nec
387 436 413 458 te
428 430 499 457 male
513 433 654 464 expertum
670 427 773 463 pericla
790 427 957 462 frangerent,

315 477 349 504 Ut
366 476 479 511 pavitltts
491 475 511 503 si
528 475 616 502 larvas
629 473 718 500 infans
730 473 812 505 videt,

313 523 382 549 (lum
398 521 487 547 adhuc
498 527 581 547 aureo
597 519 703 546 labores
722 517 828 544 morbo.

313 567 345 594 At
361 565 486 601 quamvis
499 565 557 599 ipse
571 564 650 592 fictus
667 563 878 598 deprehendaris
894 562 1010 594 amicus,

315 613 348 640 Et
364 617 492 645 tanquam
507 611 577 638 male
591 610 731 637 cohaerens
746 609 899 636 membrum
917 607 1097 639 abscindaris,

313 658 426 693 Lingua:
441 662 556 684 cruento
565 656 724 684 vulneratus
736 655 852 690 spiculo,

314 705 419 731 llursns
437 709 462 731 te
480 710 588 734 moneo,
602 710 635 728 ne
647 702 748 728 circum
764 700 878 728 terrenis
891 700 988 732 inliies,

313 750 352 777 Ne
369 751 444 776 vivas
460 748 573 775 utcauis
590 752 617 774 et
634 746 778 774 exhaurire
790 746 856 773 velis
871 745 974 772 omnia.

314 796 342 822 Si
358 796 426 823 forte
440 796 512 822 enim
524 794 623 826 csuris,
637 794 728 821 statim
744 792 815 819 haud
826 793 881 819 eris
895 797 982 819 satur.

314 841 373 869 Nisi
388 845 451 868 ante
467 840 569 867 biberis
584 839 696 866 calicem
711 838 812 865 amaris
828 838 938 872 plenum
958 837 1098 864 laboribus

313 887 347 914 Et
357 893 588 922 supervacaneum
604 884 655 910 alvi
668 883 774 918 pondus
787 883 909 917 eieceris,

316 931 365 959 Vel
378 931 562 965 corrumpi-ris
576 934 602 957 et
618 929 814 964 conspurcabis
827 929 937 960 lectum,

312 980 401 1014 Atque
415 978 451 1005 ita
467 984 562 1004 omnes
574 983 641 1003 mea:
653 983 716 1010 spes
730 975 845 1002 inversae
857 974 1018 1006 concident;

313 1025 361 1053 Vel
372 1024 470 1051 misere
483 1026 637 1058 prmentus
652 1021 766 1056 septima

312 1070 352 1097 Ad
366 1067 577 1103 insuperabilem
594 1065 711 1093 traheris
724 1069 860 1096 octavam,

312 1117 399 1151 Quam
415 1115 538 1142 ultimam
556 1112 677 1140 sentiens
688 1111 867 1139 decretoriam
879 1109 966 1143 ﬂebis,

313 1163 383 1196 Quia
399 1168 526 1190 serenum
545 1160 592 1187 tibi
604 1159 723 1194 judicem
735 1165 788 1185 non
804 1157 938 1185 ostendet.

314 1210 431 1237 Necesse
445 1212 487 1236 est
499 1207 570 1234 enim
588 1211 613 1233 te
628 1205 682 1232 illis
700 1204 850 1239 proﬁcisci,

314 1256 347 1282 Et
359 1262 455 1290 poenas
468 1253 523 1281 illic
534 1253 568 1280 de
582 1251 662 1279 factis
673 1251 804 1286 recipere.

315 1302 337 1328 0
351 1308 432 1335 quam
449 1300 549 1335 gravis,
565 1305 581 1326 ο
595 1305 676 1332 quam
694 1296 820 1324 turbidus
832 1300 896 1322 tuus
905 1299 946 1322 est
961 1296 1061 1328 soporl

314 1349 366 1376 Per
383 1354 463 1382 quem
480 1345 562 1372 morti
580 1344 731 1379 proximus,
743 1342 807 1377 quid
825 1341 931 1373 deceat,
945 1347 999 1367 non
1013 1340 1098 1367 vides.

315 1394 473 1421 Herminius
485 1392 569 1424 enim,
581 1390 706 1425 quamvis
722 1387 911 1423 inexplebiles,

315 1439 347 1465 Et
359 1446 407 1473 pro
425 1437 503 1464 nobis
516 1440 597 1462 noctu
613 1441 732 1469 pugnare
744 1433 882 1461 credimus
896 1435 1033 1462 naturam,

315 1483 402 1516 Quam
418 1489 461 1508 res
475 1481 510 1508 sit
524 1479 605 1507 inﬂda
621 1479 787 1514 ignorantes.

315 1529 386 1562 Quid
399 1529 449 1554 hoc
461 1525 539 1561 agis?
553 1532 602 1552 cur
616 1526 670 1551 tale
683 1531 736 1551 non
750 1523 825 1551 vides
840 1523 958 1550 malum?

316 1574 480 1604 Ca'culiens,
497 1572 561 1598 dum
575 1570 695 1598 Phoebus
709 1573 751 1597 est
761 1569 922 1602 altissimus,

315 1621 409 1647 timeas
425 1626 473 1646 nec
487 1617 581 1644 alteris
593 1622 654 1644 tuas
666 1616 721 1650 jam
736 1615 898 1650 palpebras?

316 1663 448 1691 Pallidum
464 1666 505 1688 est
515 1667 613 1688 aurum
627 1659 705 1694 quasi
720 1659 815 1686 dolens
830 1658 942 1686 invidia.

317 1709 381 1736 llaec
393 1708 465 1735 enim
483 1707 510 1734 in
528 1707 616 1740 ipsum
631 1710 660 1732 ut
675 1704 766 1740 gravis
778 1712 890 1738 serpens
901 1703 996 1738 irrepit

317 1754 368 1787 Qui
383 1761 412 1780 se
426 1753 586 1786 intorquens
601 1757 712 1778 cursum
728 1749 873 1780 accelerat,

318 1797 350 1824 Et
363 1803 497 1823 \‘cncuum
510 1794 693 1828 corruptionis
705 1793 808 1827 expuit.

318 1842 439 1876 Simplex
455 1841 489 1867 ab
503 1840 562 1874 ipso
577 1844 603 1866 et
617 1838 738 1872 aequiore
751 1838 884 1872 pustulas,

318 1888 377 1915 Fati
391 1887 503 1921 impium
516 1892 617 1912 nttmen
633 1884 765 1912 decoraris
778 1883 909 1918 turpiter?

317 1937 339 1963 0
353 1935 404 1967 sol,
419 1935 515 1961 oculus
527 1937 617 1964 terrm,
629 1930 767 1966 quomodo
783 1930 839 1958 haec
855 1929 950 1957 vides?

318 1983 357 2009 Ac
371 1981 393 2009 si
412 1985 452 2012 tu,
468 1984 496 2006 ut
508 1986 584 2013 puer,
595 1984 692 2004 aurum
706 1976 771 2011 quid
785 1975 932 2009 benignum
945 1974 1064 2009 iudicas,

318 2028 398 2062 (Vere
411 2028 484 2053 enim
497 2023 662 2060 pusillanitni
675 2023 725 2050 viri
737 2022 787 2050 hoc
801 2025 843 2048 est
854 2019 1012 2055 judicium).

318 2074 373 2100 Cur
389 2072 472 2106 igitur
487 2070 567 2102 male,
580 2077 633 2096 non
650 2070 717 2096 bene
727 2068 846 2095 amicum
859 2066 979 2101 excipis?

317 2119 385 2146 Nam
399 2119 486 2152 ipsum
504 2115 591 2142 valide
605 2119 714 2148 torques
728 2118 755 2140 et
768 2113 933 2147 strangulas,

321 2162 463 2197 Quamvis,
476 2165 505 2187 ut
517 2160 602 2187 teneri
616 2159 736 2191 nescius,
749 2158 782 2185 ad
794 2158 862 2186 alios
874 2161 976 2189 currat,

319 2212 410 2237 Ansas
425 2207 555 2235 custodiae
571 2205 699 2239 frangens
715 2209 778 2237 tuae,

318 2256 346 2282 Si
361 2259 450 2282 autem
465 2254 517 2279 hoc
532 2259 592 2279 esse
609 2250 710 2278 malum
729 2257 825 2284 reapse
843 2249 959 2284 iudicas,

319 2301 374 2328 Cur
387 2299 588 2327 interfectorem
605 2305 658 2324 non
672 2296 764 2328 odisti,
781 2302 812 2323 ac
825 2295 905 2330 fugis,

321 2347 418 2374 Statim
430 2352 480 2372 nec
497 2345 530 2371 ad
546 2348 654 2370 ventres
670 2341 799 2369 nefandos
814 2341 943 2376 projicis?

320 2391 357 2418 Ut
371 2390 486 2418 suﬂeras
498 2389 602 2423 majora
617 2388 717 2414 lucrari
738 2387 836 2421 magis.

319 2437 418 2467 lloino,
435 2441 541 2469 precor,
557 2433 611 2466 iam
627 2433 702 2460 disce
716 2437 841 2459 naturam
857 2431 979 2459 omnium

320 2483 358 2509 lix
376 2481 458 2508 rebus
469 2479 540 2511 istis,
554 2486 614 2514 qua!
626 2479 717 2505 valent
733 2478 887 2510 ostendere,

319 2528 353 2554 Et
367 2527 443 2554 mitte
453 2532 538 2552 vanas
550 2524 577 2551 in
590 2524 678 2551 solum
694 2524 847 2559 superbias.

322 2573 403 2600 Vides
419 2572 526 2606 plautas
540 2575 569 2597 ut
580 2570 668 2597 virent
683 2575 709 2597 et
726 2570 868 2605 pullulant,

319 2618 353 2645 Et
365 2622 424 2653 post
440 2615 550 2652 aliquod
565 2620 673 2650 tempus
685 2620 831 2643 senescunt
844 2619 870 2642 et
887 2615 1006 2642 cadunt?

319 2665 381 2691 llaec
392 2664 486 2691 eadctn
501 2663 558 2697 ipsa
571 2667 596 2689 te
613 2666 715 2695 manet,
737 2667 766 2688 ut
784 2662 866 2694 nosti,
879 2662 1036 2694 infirmitas,

319 2709 351 2736 Et
366 2717 438 2736 llllllc
454 2708 535 2735 ﬂores
551 2708 671 2742 quidem,
683 2707 847 2734 deﬂoresces
860 2707 970 2738 iterum,

318 2755 386 2783 Cum
402 2754 487 2790 frigus
500 2753 597 2780 mortis
611 2759 637 2781 te
653 2753 838 2788 occupaverit.

317 2800 435 2828 Fructus
449 2804 538 2826 tamen
555 2798 644 2825 nullos
660 2798 755 2826 adesse
771 2803 835 2825 tunc
849 2804 961 2831 vereor;

318 2847 365 2874 llla
380 2847 452 2874 enim
471 2846 619 2874 excisionis
635 2853 677 2873 me
693 2850 778 2873 terret
795 2845 982 2873 comminatio.

319 2894 459 2927 Cognosce
475 2897 510 2925 te,
525 2896 552 2920 et
567 2899 702 2927 cognosce
714 2892 816 2920 ﬂuxum
834 2893 978 2927 temporis-

740 189 935 220 OPUSCULA
955 189 1127 221 MORAIJA
1145 190 1318 222 INCER’ME
1338 193 1490 225 IETATIS.

1865 199 1932 234 i356

1113 250 1137 280 Α
1151 249 1249 284 Νεκρῷ
1263 249 1317 284 γάρ
1337 250 1412 277 ἐστιν
1426 249 1549 286 ἀκριϐῶς
1562 251 1723 288 είκασμένη,

1158 293 1186 320 '0
1203 294 1240 328 μὴ
1255 294 1328 329 λόγῳ
1338 295 1470 329 πρέποντι
1484 295 1594 330 κοσμῶν
1607 296 1657 332 τὴν
1668 298 1758 330 φύσιν,

1150 338 1297 374 Προῦθηκά
1306 348 1362 372 σοι,
1377 340 1512 375 βέλτιστε,
1527 341 1630 376 γυμνὸν
1640 343 1686 369 τὸν
1699 343 1768 378 βίον,

1157 386 1199 417 Ὠς
1212 386 1244 413 ἂν
1259 386 1386 422 διδαχθῇς
1397 388 1447 419 τὰς
1463 389 1546 420 κενὰς
1565 389 1734 424 ὑποκρίσεις,

1149 431 1206 458 Καὶ
1225 431 1263 466 μὴ
1276 432 1417 468 ταραχθῇς
1431 433 1485 460 ὑπὸ
1496 434 1546 468 τῆς
1560 434 1699 469 ἀπειρίας,

1151 476 1256 511 ’Ὠσπερ
1271 477 1369 522 μίμους
1383 477 1503 513 φοϐηρδν
1517 479 1541 505 εί
1557 479 1649 514 βλέπει
1670 480 1784 516 βρέφος,

1149 522 1204 548 Καὶ
1217 522 1263 549 νῦν
1276 522 1304 548 δὲ
1320 523 1394 550 τουτὶ
1410 523 1440 550 τδ
1451 524 1571 559 χρυσοῦν
1586 524 1698 560 πάσχων
1715 527 1810 558 πάθος.

1149 566 1208 594 Κᾶν
1226 567 1307 598 αὐτὸς
1321 568 1473 603 ὑπόχαλκος
1493 569 1608 605 εὑρέθης
1624 570 1711 605 φίλος,

1149 612 1205 639 Καὶ
1217 612 1341 648 καθάπερ
1354 614 1493 641 δύσοιστον
1508 615 1629 650 ὲτμήθης
1648 616 1740 650 μέλος,

1151 657 1269 691 Πληγεὶς
1279 658 1321 692 ἐφ’
1336 658 1410 694 ἡμᾶς
1425 658 1576 694 δυσμενοῦς
1591 659 1713 696 γλώττης
1727 661 1811 696 βέλει,

1150 705 1233 732 Πάλιν
1254 706 1380 740 παραινῶ
1396 705 1435 741 μὴ
1453 706 1624 741 περιχαίνειν
1636 707 1721 739 κάτω,

1149 748 1194 782 Μὴ
1211 748 1260 782 ζῇν
1274 748 1398 782 κυνηδὸν,
1410 749 1456 790 ¹μὴ
1474 750 1560 785 ῥοφῇς
1575 750 1605 776 τὸ
1619 751 1674 777 πᾶν
1685 751 1756 778 θέλε.

1149 794 1180 821 El
1199 795 1252 830 γὰρ
1265 795 1336 829 ἔχεις
1356 795 1483 830 βούλιμον
1500 796 1547 830 οὺχ
1564 796 1635 828 ἔξεις
1649 797 1740 832 κόρον,

1150 840 1217 875 Πρὶν
1232 840 1265 866 ἂν
1282 841 1362 877 πίνῃς
1379 841 1514 873 κυλικίδος
1531 842 1675 877 ἑμπὶκρων
1689 843 1792 877 πόνων,

1149 887 1204 912 Kal
1220 886 1272 913 τῶν
1289 886 1424 920 περιττῶν
1437 888 1564 922 ὲκφορεῖς
1578 889 1628 923 τὴν
1642 890 1770 925 κοπρίαν,

1113 919 1136 948 Β
1153 931 1188 957 Ἥ
1203 919 1376 966 κατασαπῇς,
1391 932 1438 958 καὶ
1457 919 1521 967 ῥοῇς
1536 932 1583 958 ἐπὶ
1599 919 1704 969 κλίνης,

1157 976 1249 1011 Ἐμῶν
1261 976 1296 1003 τὰ
1311 976 1388 1003 κοινὰ
1402 978 1435 1011 τῇ
1452 979 1557 1013 στροφῇ
1569 977 1624 1004 τῶν
1637 978 1765 1006 ιλπίδων.

1153 1022 1190 1048 Ἦ
1204 1022 1250 1048 καὶ
1266 1022 1433 1057 προληφθεὶς
1450 1023 1588 1058 δυστυχῶς
1600 1023 1650 1058 τῆς
1664 1024 1784 1059 ἑϐδόμης

1151 1067 1223 1102 Πρὸς
1241 1067 1289 1102 τὴν
1303 1068 1470 1095 ἀκατάλυτον
1483 1069 1569 1104 ὰχθῇς
1589 1069 1697 1106 ὀγδόην,

1153 1112 1205 1139 Ἦν
1217 1112 1336 1148 ἐσχάτην
1350 1113 1477 1149 κρίσιμον
1495 1113 1583 1149 εὑρῶν
1599 1114 1757 1149 δακρύσεις,

1157 1158 1234 1184 Ἐπεὶ
1249 1159 1366 1193 γαληνὸν
1379 1159 1424 1186 τὸν
1440 1159 1536 1195 κριτὴν
1552 1160 1582 1186 οὐ
1594 1160 1724 1187 δεικνύει.

1150 1204 1197 1229 Δεῖ
1209 1203 1262 1239 γὰρ
1277 1204 1307 1236 ἐς
1321 1204 1406 1239 αὐτὴν
1416 1205 1633 1240 ἀποδημήσαντα
1650 1214 1680 1232 σι

1152 1249 1250 1280 Ποινὰς
1267 1249 1395 1284 ὑποσχεῖν
1411 1250 1473 1276 ἀντὶ
1491 1250 1544 1276 τῶν
1561 1250 1774 1285 πεπραγμένων.

1153 1294 1185 1319 Ὤ
1198 1294 1238 1325 τίς
1254 1295 1268 1320 ό
1283 1294 1366 1329 βαθὺς
1378 1295 1425 1322 καὶ
1440 1295 1594 1331 θορυϐώδης
1610 1296 1711 1329 impos!

1156 1338 1217 1373 Ὑφ’
1234 1335 1264 1365 οὗ
1277 1340 1400 1367 ῡανατῶν
1414 1341 1444 1366 οὺ
1460 1342 1570 1371 σκοπεῖς
1582 1341 1612 1367 τὸ
1626 1341 1774 1376 συμφέρον.

1150 1384 1326 1420 Καϐεύδομεν
1345 1385 1400 1420 γὰρ
1420 1385 1472 1412 ὑπὸ
1490 1385 1539 1420 τῆς
1559 1385 1722 1421 ἀπληστίας,

1151 1429 1207 1456 Καὶ
1220 1432 1400 1464 νυκτομαχεῖν
1419 1430 1547 1465 ἀξιοῦμεν
1564 1430 1612 1466 τὴν
1629 1431 1722 1466 φύσιν,

1151 1475 1188 1502 Τὸ
1202 1475 1252 1510 τῆς
1263 1476 1327 1510 ὅλης
1347 1476 1460 1503 ἄπιστον
1474 1476 1642 1511 ἠγνοηκότες

1151 1521 1184 1548 Τί
1197 1522 1276 1549 τοῦτο
1290 1523 1374 1554 ποιεῖς
1386 1531 1393 1555 ;
1411 1523 1454 1549 ἵνα
1465 1523 1490 1550 τι
1504 1523 1528 1549 δ’
1542 1522 1618 1549 οὔπω
1631 1522 1740 1557 βλέπεις
1748 1530 1758 1555 ;

1157 1567 1228 1594 Ἀλλ’
1243 1568 1421 1602 ἀμϐλυωπετς
1436 1569 1465 1595 ὲν
1482 1569 1562 1603 σαφεῖ
1578 1567 1747 1603 μεσημϐρίᾳ,

1153 1614 1193 1640 Τὰ
1210 1614 1319 1647 κρυπτά
1335 1622 1382 1640 σου
1401 1613 1521 1649 βλέφαρα
1541 1614 1578 1649 μὴ
1596 1613 1787 1649 παρατρίὸωνς

1159 1659 1188 1685 '0
1202 1659 1301 1695 χρυσὸς
1318 1659 1406 1694 ὠχρός
1419 1661 1492 1686 ἐστιν
1505 1659 1598 1693 ἀλγῶν
1612 1660 1651 1694 τῷ
1666 1659 1764 1694 φθόνῳ.

1152 1705 1208 1731 Kal
1222 1706 1276 1740 γὰρ
1292 1705 1335 1731 ἐπ’
1353 1705 1434 1732 αὑτὸν
1453 1705 1490 1737 ὡς
1510 1705 1596 1740 βαρὺς
1611 1705 1690 1740 ἕρπει
1704 1705 1814 1740 δράκων

1152 1750 1208 1785 Τὴν
1222 1750 1268 1777 τοῦ
1283 1750 1380 1786 χρόνον
1396 1751 1504 1786 κίνησιν
1517 1750 1748 1786 ἀντισυστρέφων,

1158 1795 1218 1829 Ὑφ’
1232 1793 1266 1830 ἦς
1281 1796 1326 1822 τὸν
1340 1795 1379 1822 ίὸν
1397 1796 1447 1831 τῆς
1462 1796 1565 1830 φθορᾶς
1579 1795 1722 1823 ἁναπτύει.

1152 1841 1207 1867 Καὶ
1218 1842 1250 1867 σὺ
1262 1842 1325 1876 παρ’
1339 1841 1415 1876 αύτῷ
1431 1842 1582 1877 προσδοκᾷς
1598 1842 1632 1867 τὰ
1644 1841 1754 1875 βελτίω,

1152 1885 1188 1912 Τὸ
1200 1886 1250 1919 τῆς
1266 1886 1350 1922 τύχης
1364 1886 1473 1913 εῐδωλον
1487 1887 1607 1922 αἰσχρῶς
1623 1886 1792 1921 φαιδρύνων;

1159 1931 1295 1967 Ὀφθαλμὲ
1309 1932 1372 1966 γῆς,
1387 1932 1457 1967 ἥλιε,
1473 1932 1532 1963 πῶς
1547 1933 1610 1959 τάδε
1624 1931 1750 1967 βλέπεις;

1152 1977 1224 2013 Πλὴν
1240 1979 1265 2004 εἰ
1280 1978 1330 2013 μὲν
1342 1978 1380 2010 ὼς
1392 1979 1454 2010 παῖς
1473 1978 1574 2013 εὐμενῆ
1587 1977 1681 2004 τοῦτον
1697 1976 1811 2012 κρίνεις.

1151 2023 1328 2060 Μικροψύχου
1341 2024 1394 2059 γάρ
1409 2025 1483 2051 ἐστιν
1502 2024 1596 2059 ἀνδρὸς
1609 2024 1626 2059 ἠ
1640 2023 1730 2058 κρίσις
1743 2031 1751 2039 ·

1152 2069 1185 2095 Τί
1200 2069 1268 2104 δῆτα
1282 2069 1388 2101 παθῶν,
1403 2069 1433 2095 οὐ
1451 2069 1542 2096 καλῶν
1555 2069 1621 2104 δρᾷς
1636 2069 1681 2095 τὸν
1696 2069 1790 2104 φίλονς

1153 2115 1295 2149 Στρεὸλεῖς
1315 2115 1369 2150 γὰρ
1380 2115 1461 2141 αὐτὸν
1480 2115 1633 2149 ἰγκρατῶς,
1651 2115 1698 2142 καὶ
1710 2115 1880 2149 συμπνίγεις.

1152 2159 1212 2186 Κᾶν
1229 2159 1308 2191 αὐτὸς
1323 2159 1361 2189 ὡς
1379 2158 1498 2194 ἄληπτος
1513 2159 1551 2190 εἰς
1564 2159 1660 2190 ἄλλους
1676 2158 1760 2194 τρέχῃ

1153 2205 1209 2238 Τῆς
1223 2204 1272 2238 σῆς
1290 2203 1415 2239 φυλακῆς
1427 2205 1476 2235 τὰς
1492 2204 1577 2236 λαϐὰς
1591 2205 1762 2240 ἀνατρέπων.

1118 2253 1140 2282 D
1156 2250 1188 2276 El
1203 2249 1225 2276 δ’
1240 2247 1274 2277 αὖ
1291 2249 1406 2285 πονηρὸν
1421 2249 1500 2277 τοῦτο
1510 2250 1564 2284 γὰρ
1581 2250 1665 2281 ὅντως
1684 2249 1799 2284 κρίσεις,

1155 2295 1187 2322 Τί
1201 2295 1245 2322 τὸν
1258 2295 1388 2329 φονευτὴν
1402 2296 1432 2321 οὺ
1453 2296 1572 2329 στυγεῖς,
1585 2295 1614 2321 οὺ
1628 2295 1650 2321 δ’
1665 2295 1807 2325 ὲκκλίνεις,

1156 2340 1223 2367 Οὐδὲ
1238 2340 1305 2375 πρὸς
1321 2340 1432 2375 οἰκτρὰς
1450 2339 1547 2366 θᾶττον
1564 2339 1644 2371 ὠθεῖς
1661 2340 1813 2375 γαστέρας;

1119 2422 1135 2427 ὲ
1161 2386 1205 2417 Ὠς
1222 2386 1321 2422 ἀνέχῃς
1337 2387 1436 2421 μᾶλλον
1449 2395 1475 2412 τι
1494 2385 1646 2421 κερδαίνειν
1663 2386 1744 2421 μέγα.

1158 2432 1312 2467 Ἄνθρωπε,
1331 2432 1471 2467 κατάμαθε
1485 2433 1534 2468 τὴν
1547 2433 1641 2467 κοινὴν
1661 2432 1741 2466 φύσιν

1162 2478 1210 2504 Ἐκ
1222 2478 1275 2504 τῶν
1288 2478 1354 2512 πρὸς
1369 2477 1508 2510 ἀπόδειξιν
1525 2478 1725 2513 ὑποκειμένων,

1157 2524 1212 2550 Καὶ
1227 2524 1305 2559 ρίψον
1323 2525 1362 2555 είς
1374 2525 1426 2559 γῆν
1439 2524 1485 2550 τὸν
1501 2524 1625 2550 διάκενον
1640 2523 1736 2558 τύφον.

1161 2570 1243 2605 Ὁρᾷς
1257 2570 1291 2596 τὰ
1307 2570 1387 2604 φυτὰ,
1403 2570 1461 2601 πῶς
1476 2570 1526 2605 μὲν
1539 2569 1602 2605 ήὸᾷ,
1614 2570 1661 2596 καὶ
1673 2569 1761 2604 βρύει,

1156 2615 1234 2642 Μετὰ
1249 2616 1344 2651 χρόνον
1360 2616 1388 2642 δέ
1403 2624 1463 2642 τινα
1476 2617 1560 2652 γηρᾷ,
1577 2617 1624 2642 καὶ
1637 2616 1727 2650 φθίνει
1740 2625 1748 2649 ;

1157 2661 1236 2688 Τοῦτ’
1249 2662 1315 2688 αὐτὸ
1331 2663 1377 2689 καὶ
1392 2662 1438 2688 σόν
1454 2662 1539 2694 ἐστιν,
1552 2662 1590 2694 ὡς
1607 2659 1693 2694 οἶδας,
1705 2663 1800 2694 πάθος.

1157 2709 1212 2734 Καὶ
1225 2708 1272 2734 νῦν
1291 2708 1340 2742 μὲν
1356 2707 1456 2738 avem,
1477 2707 1534 2734 ἀλλ’
1550 2707 1717 2743 ἁπανθήσεις
1734 2708 1828 2741 πάλιν,

1158 2753 1213 2787 Τῆς
1228 2752 1274 2779 τοῦ
1295 2753 1424 2788 τελευτῆς
1440 2753 1649 2788 ἁντενεχθέντος
1667 2753 1770 2789 ψύχους
1780 2762 1788 2769 ·

1158 2799 1270 2826 Δέδοικα
1288 2800 1353 2833 γοῦν
1371 2799 1460 2835 ἔγωγε
1477 2800 1525 2835 τὴν
1539 2799 1678 2835 ἀκαρπίαν
1691 2807 1697 2813 ·

1163 2845 1195 2872 Ἦ
1208 2847 1261 2881 γὰρ
1280 2846 1378 2881 ἀπειλὴ
1392 2846 1440 2881 τῆς
1453 2847 1540 2881 τομῆς
1554 2854 1587 2880 με
1604 2845 1725 2880 συγχέαι.

1157 2892 1245 2919 Γνῶθι
1261 2893 1383 2927 σεαυτὸν,
1403 2892 1440 2918 ἴδε
1456 2892 1502 2919 τὸν
1517 2891 1580 2927 ῥοῦν
1595 2892 1641 2919 τοῦ
1656 2893 1764 2926 χρόνω,
