2076 3158
271 166 340 198 1359

267 226 359 260 Longe
371 224 564 253 resonantibus
579 224 659 253 factis
675 226 877 253 tantummodo.

265 270 286 295 0
302 270 440 304 quomodo
457 270 526 304 ignis
543 271 658 304 captivis
673 269 763 298 factus
779 274 822 298 est
836 278 891 302 ros.

265 314 341 347 Quos
359 314 419 342 aliae
430 314 535 341 circum
551 314 743 342 custodiebant
758 315 865 350 angeli!

267 360 343 387 Intus
356 359 428 386 enim
445 359 543 386 imbuti
559 360 685 394 puritatis
698 367 772 392 rore.

265 406 415 432 Externum
430 412 483 431 non
499 405 631 433 timebant
646 406 716 441 ignis
729 406 878 438 fremitum,

265 450 382 483 Quinam
398 451 480 478 liceat
497 451 551 486 igni
569 452 658 479 urenti
674 459 775 487 pueros
789 452 944 482 absumere.

267 495 319 523 Vili
334 503 387 523 non
407 496 561 532 indigentes
576 497 637 525 cibo
648 502 676 524 et
686 497 861 532 passionibus
874 496 996 523 liberos?

266 541 338 575 Ignis
356 545 478 568 torrente
498 541 590 570 Daniel
603 543 742 577 quondam
753 541 861 574 videns.

265 589 424 617 Torrentem
438 588 533 616 effudit
546 596 561 615 e
575 589 670 616 calidis
687 588 824 623 lacrymis,

264 634 342 662 Nunc
359 635 497 670 irrigatum
511 633 647 661 ﬂammam
664 633 698 660 ab
709 634 806 669 angelo
822 633 927 666 ridens,

265 680 384 708 Laetatur
401 680 522 715 quidem,
540 684 568 707 et
584 680 714 714 plaudere
727 679 820 706 forsan
836 679 900 706 velit

265 728 369 754 Pueros
382 727 478 753 videns
493 726 521 753 in
537 727 600 761 igne
615 727 739 753 viventes
756 726 854 754 iterum

265 773 322 800 Sibi
338 773 410 801 enim
425 773 580 800 communis
593 772 758 808 captivitatis
778 779 839 799 sors
853 775 894 798 est
910 771 1054 803 exaltatas,

264 818 331 851 Qua:
348 818 494 846 Persarum
511 818 729 852 superstitiosum
749 818 836 851 ignem
855 816 996 843 exstinxit.

265 863 348 891 Tacet
361 867 451 890 autem
470 864 581 890 tradens
594 863 749 898 loquentem
765 862 876 894 librum,

265 910 316 943 Qui
329 917 421 937 rerum
442 917 571 937 arcanam
589 909 785 944 praenotionem
802 908 934 936 continet.

264 958 298 983 At
314 963 377 983 vere
393 956 485 983 omnia
501 962 588 989 nova;
604 961 631 982 et
642 955 780 990 ignisnon
796 955 861 988 urit,

264 1003 298 1030 Et
314 1002 379 1030 fera:
394 1003 483 1037 ignem
501 1003 637 1038 spirantes
648 1010 681 1030 ex
698 1003 787 1030 inedia

265 1049 319 1076 Res
339 1049 408 1076 inira
422 1049 428 1075 l
444 1049 496 1076 sibi
512 1048 663 1084 projectum
680 1049 768 1075 virum
789 1047 890 1076 colunt.

263 1095 364 1122 Mulcet
379 1095 452 1122 enim
471 1096 560 1122 oratio
573 1103 668 1121 carum
684 1094 831 1128 feritatem,

268 1139 327 1166 Vim
342 1139 494 1175 infringens
512 1139 623 1167 fancum
639 1140 851 1168 imminentium.

265 1186 355 1219 Quid?
370 1187 443 1221 quod
458 1185 539 1213 etiam
565 1186 702 1220 quoddam
728 1186 836 1220 pietatis
851 1185 968 1214 oliicrum
994 1186 1056 1214 red-

951 1232 1040 1268 ldum,

266 1278 338 1305 Bene
352 1278 504 1306 lambentes
522 1277 619 1312 pedum
631 1277 691 1312 ejus
706 1278 855 1313 pulverem,

266 1323 298 1350 l-Zt
313 1323 486 1358 abstergendi
502 1323 623 1351 laborem
640 1324 698 1351 suis
716 1323 834 1351 ferentes
846 1323 965 1358 linguis!

267 1369 314 1397 Sic
328 1368 407 1396 fortis
424 1370 495 1397 inter
508 1369 633 1398 horridas
649 1368 724 1398 stetit
735 1368 818 1402 feras,

265 1414 328 1442 Jam
342 1419 445 1449 mente,
459 1415 587 1450 quamvis
597 1423 652 1444 non
671 1415 751 1443 annis
764 1415 866 1447 adhuc,
884 1422 966 1443 senex
978 1423 985 1448 ;

265 1460 346 1489 Mites
359 1461 442 1494 enim,
457 1461 504 1496 qui
521 1466 612 1489 truces
626 1466 714 1495 erant,
727 1461 814 1490 factos
828 1461 910 1493 videt,

265 1507 299 1534 Et
311 1507 410 1535 stando
421 1515 532 1536 cursum
548 1508 665 1544 gigantis
675 1516 779 1543 a-quor.

265 1553 288 1579 0
301 1561 384 1588 quam
400 1558 492 1588 aperte
505 1554 640 1590 scriptura
660 1554 842 1588 demonstrat,

265 1599 332 1633 Quae
346 1600 401 1628 sint
414 1601 516 1636 ubique
530 1601 653 1629 veritatis
667 1602 801 1638 symbols,

265 1647 396 1680 Quamvis
411 1652 438 1675 et
451 1647 543 1683 lingua
557 1651 584 1676 et
597 1653 664 1676 notu
678 1653 770 1676 careat
784 1648 916 1684 scriptio?

700 166 899 197 OPUSCULA
918 166 1093 197 MORALIA
1113 165 1286 196 INCERT/E
1305 165 1458 197 IETATIS.

1828 167 1896 200 l360

1070 228 1094 256 Α
1109 226 1170 252 Τῶν
1186 227 1357 260 πραγμάτων
1371 225 1514 261 πόρρωθεν
1527 225 1666 260 ἠχούντων
1683 225 1774 261 μόνον.

1109 271 1141 296 Ὢ
1157 270 1216 301 πῶς
1232 270 1263 296 τὸ
1278 270 1334 305 πῦρ
1349 268 1382 305 ἦν
1397 272 1454 302 τοῖς
1471 270 1650 306 δορυκτήτοις
1667 271 1774 306 δρόσος,

1108 317 1160 349 Οὓς
1175 317 1294 350 ἀγγέλου
1306 318 1443 352 πτέρυγες
1459 316 1612 353 ἐφρούρουν
1623 317 1703 353 πέριξ
1712 327 1719 334 ο

1109 363 1205 390 Ἕνδον
1216 362 1271 398 γὰρ
1282 363 1474 398 ὁμϐρήσαντες
1484 362 1598 396 ἁγνείας
1613 363 1719 398 δρόσον,

1107 409 1159 435 Τὸν
1175 409 1254 440 ἐκτὸς
1269 409 1320 435 οὐκ
1340 408 1461 443 ἔπτηξαν
1478 408 1596 443 ἀκμαῖον
1608 408 1720 444 βρόμον.

1110 456 1146 481 “H
1162 455 1213 481 ποῦ
1225 455 1336 490 θεμιτὸν
1353 454 1409 488 πῦρ
1421 455 1519 488 φαγεῖν
1541 455 1638 486 παῖδας
1655 454 1764 488 φλέγσν,

1107 502 1216 537 Τρυφῆς
1230 502 1357 537 ρυπαρᾶς
1370 500 1419 527 καὶ
1432 500 1526 528 παθῶν
1537 499 1702 536 ὑπερτέρους
1713 509 1720 532 ;

1107 548 1197 583 Πυρὸς
1214 548 1338 582 ποταμὸν
1351 546 1451 582 Δανιὴλ
1468 546 1552 574 πάλαι
1568 546 1686 582 βλέπων,

1107 595 1234 628 Ποταμὸν
1250 593 1376 626 ἐξέϐλυζε
1393 592 1505 628 θερμῶν
1519 592 1657 627 δακρύων.

1107 642 1164 668 Νῦν
1179 641 1207 668 δὲ
1220 640 1361 676 δροσισοὲν
1381 639 1437 675 πῦρ
1451 638 1498 665 ὑπ’
1513 638 1631 673 ἀγγέλου
1649 638 1757 673 βλέπων

1107 686 1285 722 Φαιδρύνεται
1303 685 1363 720 μὲν,
1375 684 1422 710 καὶ
1433 684 1542 718 κροτεῖν
1559 683 1624 714 ἴσως
1637 682 1710 709 θέλει

1107 732 1176 762 Τοὺς
1190 731 1288 761 παῖδας
1307 729 1399 764 ἀθρῶν
1414 729 1454 760 είς
1465 727 1497 754 τὺ
1509 727 1565 763 πῦρ
1584 727 1688 760 ζῶντας
1703 727 1785 754 πάλιν

1115 777 1146 803 Ἦ
1161 776 1215 811 γὰρ
1228 773 1453 810 συναιχμάλωτος
1468 772 1562 808 ὑψώθη
1578 772 1659 807 τύχη,

1107 823 1163 858 Τὴν
1182 822 1322 857 πυρφόρον
1335 820 1456 847 σϐέσασα
1474 820 1531 850 τοῖς
1549 819 1667 853 Πέρσαις
1686 817 1789 852 πλάνην

1108 868 1176 903 Σιγᾷ
1189 867 1216 894 δὲ
1231 865 1331 893 λαλοῦν
1344 865 1465 896 ἐκδιδοὺς
1477 863 1507 890 τδ
1522 863 1638 898 βιὸλίον,

1111 915 1144 940 Ὃ
1156 912 1329 949 πραγμάτων
1346 911 1500 948 πρόγνωσιν
1515 911 1643 946 ἀρρήτων
1656 909 1746 943 φέρει.

1107 961 1181 996 Πλὴν
1192 960 1302 991 πάντως
1317 958 1410 990 καινὰ,
1422 957 1471 984 καὶ
1484 957 1514 984 τὺ
1528 957 1577 992 μὲν
1590 955 1645 991 πῦρ
1658 956 1689 982 οὐ
1702 955 1806 989 φλέγει,

1106 1007 1194 1042 Θῆρες
1206 1005 1235 1032 δὲ
1249 1004 1305 1040 πῦρ
1321 1003 1449 1034 πνέοντες
1467 1003 1496 1036 ἐξ
1510 1002 1618 1033 ἀσιτίας

1107 1051 1159 1078 Τὸν
1174 1050 1229 1078 τῶν
1243 1049 1364 1086 ὸρεκτῶν
1383 1049 1468 1084 ἄνδρα
1486 1048 1589 1083 τιμῶσι
1608 1048 1681 1080 ξένε.

1106 1097 1187 1131 Φιμοί
1203 1096 1257 1131 γὰρ
1272 1095 1363 1122 αὐτῶν
1378 1094 1546 1130 ἠπροσευχὴ
1561 1093 1592 1119 τὸ
1605 1092 1717 1128 θράσος,

1107 1143 1163 1178 Τὴν
1180 1143 1257 1177 ίσχὺν
1270 1141 1448 1177 ἁμὸλύνουσα
1462 1139 1517 1166 τῶν
1532 1139 1709 1174 παρισθμίων

1113 1188 1184 1215 Ἀλλ’
1206 1188 1365 1222 εἰσφέρουσι
1379 1187 1441 1213 τίνα
1452 1186 1500 1213 καὶ
1511 1185 1694 1220 λειτουργίαν,

1108 1282 1250 1317 Λείχοντες
1264 1280 1347 1308 αὑτοῦ
1366 1280 1421 1308 τῶν
1436 1279 1526 1306 ποδῶν
1545 1278 1576 1306 εὖ
1589 1278 1637 1313 τὴν
1649 1278 1734 1310 κόνιν,

1108 1328 1162 1354 Καὶ
1179 1327 1310 1361 ῥυπτικὸν
1331 1326 1474 1360 στέγοντες
1487 1326 1516 1352 ιν
1531 1323 1667 1359 γλώτταις
1686 1324 1779 1351 πόνον.

1109 1373 1258 1408 Ἀτρεστος
1273 1369 1320 1399 οὖν
1336 1372 1437 1406 ἔστηκε
1453 1372 1509 1398 τῶν
1522 1370 1654 1405 σκύμνων
1675 1370 1757 1405 μέσον

1115 1419 1144 1445 '0
1157 1417 1341 1454 πρεσϐυτικὺς
1356 1417 1404 1444 καὶ
1417 1417 1470 1453 πρὸ
1484 1417 1533 1452 τῆς
1548 1416 1668 1451 ἡλικίας·

1109 1465 1262 1500 Αίδήμονας
1277 1464 1332 1500 γὰρ
1349 1463 1412 1495 τοὺς
1426 1463 1592 1494 ἀτιθάσσους
1607 1462 1711 1497 βλέπει,

1110 1511 1165 1537 Καὶ
1181 1511 1213 1546 τῇ
1231 1510 1325 1537 στάσει
1341 1509 1470 1544 γίγαντος
1487 1508 1614 1543 ἐμφαίνει
1627 1507 1736 1542 δρόμον.

1073 1559 1094 1588 c
1112 1556 1145 1582 Ὦ
1159 1555 1218 1587 πῶς
1235 1556 1360 1590 ἐναργεῖς
1375 1555 1392 1590 ἡ
1405 1554 1529 1589 γραφικὴ
1549 1552 1668 1580 δεικνύει

1110 1602 1180 1632 Τοὺς
1196 1601 1383 1631 παντοδαποὺς
1396 1600 1446 1635 τῆς
1458 1598 1588 1633 ἀληθείας
1601 1598 1715 1629 τύπους,

1111 1647 1171 1674 Κᾶν
1188 1647 1238 1673 οὐκ
1251 1646 1309 1681 ἔχει
1329 1645 1447 1681 κίνησιν,
1464 1645 1481 1680 ἢ
1497 1644 1607 1680 φθέγμα
1622 1644 1757 1678 γράφειν;

1049 1757 1162 1766 ,-

590 1857 897 1900 ΕΡΜΗΝΕΙΑΙ
933 1857 1047 1900 ΤΩΝ
1081 1855 1254 1900 ΘΕΙΩΝ
1298 1854 1576 1898 ΕΝΤΟΛΩΝ.

890 2051 1240 2084 INTERPRETATION
1246 2051 1288 2082 ES

674 2141 1031 2212 DIVINOBUM
1074 2161 1494 2209 MANDATORUM

268 2285 395 2316 Scilicet
423 2287 605 2314 sanctorum
631 2283 763 2314 Patrum
786 2287 815 2312 et
841 2280 1046 2312 conciliorum
1071 2279 1308 2319 explanationes
1325 2280 1359 2310 in
1379 2279 1536 2318 Praecepta
1554 2279 1592 2309 D.
1611 2279 1651 2310 Ν.
1670 2278 1745 2308 Iesu
1770 2277 1898 2308 Christi.

817 2364 939 2395 (BANDINI,
959 2361 1024 2388 Bibl.
1042 2362 1159 2388 Laurent.
1170 2363 1224 2388 eod.
1237 2369 1294 2387 επ.
1312 2361 1372 2394 nr.)

759 2525 855 2548 INDEX
874 2523 1140 2547 ARGUMENTORUM
1158 2523 1271 2546 TOTIUS
1290 2522 1412 2545 OPERlS.

308 2607 335 2634 l.
354 2605 451 2633 Sermo
464 2604 570 2639 primus
584 2600 618 2629 de
636 2600 761 2636 subjecto
781 2598 854 2627 libri.

306 2654 333 2680 2.
363 2650 531 2679 Prommium
562 2648 625 2676 libri
656 2646 878 2682 explanationum
907 2644 1062 2672 divinorum

271 2699 461 2728 mandatorum
485 2695 605 2727 Domini,
628 2694 771 2722 continens
793 2693 821 2719 in
841 2690 1004 2726 compendio
1021 2695 1064 2717 to-

272 2752 325 2774 tam
339 2745 400 2773 libri
418 2743 633 2774 institutionem;
648 2745 675 2768 et
685 2739 758 2775 quod
770 2747 784 2766 e
796 2742 891 2766 nostra
909 2737 1064 2766 divinarum

273 2791 477 2826 Scripturarum
512 2787 678 2823 ignorantia,
711 2784 858 2812 incidimus
895 2783 923 2810 in
954 2783 1066 2818 laqueos

272 2836 383 2867 diaboli,
404 2840 431 2863 et
452 2836 478 2862 in
504 2833 685 2869 perditionem
707 2830 883 2863 devenimus;
910 2829 1023 2864 etquod
1038 2828 1064 2855 hi

272 2882 321 2917 qui
343 2887 435 2910 contra
453 2881 618 2911 sententiam
641 2879 798 2907 divinarum
815 2877 1020 2912 Seripturarum
1037 2876 1064 2903 in

1080 2612 1102 2639 υ
1153 2596 1187 2624 α’.
1201 2596 1287 2630 Λόγος
1302 2596 1410 2631 πρῶτος
1422 2595 1546 2631 περὶτῆς
1561 2595 1714 2626 ὑποθέσεως
1728 2594 1775 2621 τοῦ
1789 2593 1904 2629 βιϐλίου.

1153 2643 1186 2679 β’.
1214 2643 1360 2678 Προοίμιον
1385 2643 1435 2678 τῆς
1465 2642 1557 2677 βίϐλου
1588 2641 1642 2668 τῶν
1666 2641 1821 2676 ὲρμηνειῶν
1851 2640 1905 2666 τῶν

1117 2687 1198 2714 θείων
1226 2687 1343 2714 ἐντολῶν
1371 2688 1417 2714 τοῦ
1437 2687 1540 2721 Κυρίου
1554 2706 1561 2718 ,
1584 2687 1646 2722 ἔχειν
1667 2687 1697 2713 ὲν
1719 2686 1837 2720 ἐπιτομῇ
1858 2684 1906 2719 τὴν

1116 2735 1181 2769 ὅλην
1193 2734 1385 2770 πραγματείαν
1396 2734 1442 2760 τοῦ
1456 2733 1570 2769 βιϐλίοψ
1583 2734 1630 2760 καὶ
1641 2733 1682 2759 ὅτι
1695 2732 1728 2758 ὲκ
1737 2731 1785 2758 τοῦ
1797 2731 1906 2765 ἀγνοεῖν

1117 2782 1192 2817 ἡμᾶς
1217 2782 1266 2813 τὰς
1287 2781 1362 2812 θείας
1379 2781 1506 2816 Γραφάς,
1532 2779 1707 2815 ἐμπίπτομεν
1728 2779 1769 2809 εἰς
1783 2777 1832 2809 τὰς
1856 2785 1906 2802 πα-

1117 2829 1194 2863 γίδας
1211 2827 1257 2854 τοῦ
1273 2827 1396 2853 διαϐόλου
1407 2847 1414 2859 ,
1433 2826 1479 2853 καὶ
1496 2827 1529 2861 τῇ
1544 2825 1668 2860 ἀπωλείᾳ
1684 2822 1889 2859 παραδιδόμεθα
1900 2830 1906 2836 ·

1117 2875 1165 2902 καὶ
1179 2875 1220 2901 ὅτι
1237 2874 1262 2900 οί
1278 2873 1353 2908 παρά
1377 2874 1408 2900 τὺ
1431 2873 1536 2908 θέλημα
1553 2872 1607 2899 τῶν
1622 2872 1703 2899 θείων
1728 2869 1845 2906 Γραφῶν
1867 2868 1908 2900 εἰς
