2076 3158
179 216 244 249 1361

530 214 916 246 INTERPRETATIONES
936 215 1159 246 DIVINORUM
1179 214 1459 246 MANDATORUM.

1743 214 1811 246 1'302

175 270 407 307 ἁπηγορευμένας
427 270 541 306 πράξεις
559 271 630 297 τισὶν
656 271 872 305 ὑποτάσσομενοι
899 279 967 306 προ-

1029 272 1172 300 trohibitas
1201 272 1324 300 actiones
1360 271 1499 306 aliquibus
1537 270 1651 303 subjecti
1681 275 1811 305 praetextu

176 319 258 352 φάσει
281 317 422 351 ὑπακοῆς,
446 317 494 343 καὶ
515 316 637 350 ὲκκοπῆς
653 316 814 351 θελημάτων
829 336 836 348 ,
854 316 894 350 τῷ
905 316 964 342 δια-

177 364 265 398 ϐόλῳ,
283 364 330 389 καὶ
345 364 402 393 τοῖς
418 363 447 389 ὲν
463 362 558 390 πόλεσι
576 362 718 397 δημοσίοις
733 363 966 398 παρεικάζονται,

177 409 228 436 οὐκ
241 407 421 442 ἐκφεύξονται
446 408 476 435 δὲ
502 408 533 434 τὸ
562 410 650 443 κρῖμα
674 408 721 434 τοῦ
749 408 828 440 Θεοῦ,
855 407 917 435 οὔτε
941 409 966 435 ol.

178 454 372 486 ὑπακούοντες,
386 453 448 480 οὔτε
461 454 485 480 οί
503 454 706 486 ἐπιτάττοντες,
721 453 778 480 ἀλλ’
788 453 902 486 ἕκαστος
917 454 968 481 δώ.

179 509 219 527 σει
235 500 312 531 δίκας
329 500 401 528 κατὰ
414 500 464 532 τὰς
476 499 591 534 πράξεις
605 499 700 526 αὑτοῦ.

214 544 248 580 γ’.
269 544 418 580 Ἐρμηνεία
434 545 488 571 τῶν
511 544 591 571 θείων
611 544 725 571 ἐντολῶν
744 545 792 572 τοῦ
810 545 914 580 Κυρίου
939 547 969 572 ὲν

178 591 307 626 ἐπιτομῇ,
325 590 357 617 ἐκ
371 599 401 616 τε
416 590 463 617 τοῦ
478 589 692 625 Χρυσοστόμου,
721 591 769 616 καὶ
784 591 887 622 ἐτέρων
909 591 967 618 δια-

179 638 271 672 φόρων
281 636 411 672 Πατέρων
423 636 559 670 κεφάλαια
576 637 751 663 συντείνοντα
766 638 805 669 εἰς
818 637 866 669 τὰς
882 638 968 669 αὑτὰς

180 683 339 718 ἑρμηνείας·
356 682 404 709 καὶ⁹
419 683 460 709 ὅτι
476 683 490 708 6
503 682 547 709 διὰ
564 683 613 718 τὴν
629 683 730 718 ἀρετὴν
746 683 859 718 πάσχων
876 683 969 715 κακῶς

180 729 256 763 παρὰ
267 727 321 754 τῶν
335 727 488 763 ἀνθρώπων
501 724 577 759 οὗτος
596 728 777 762 μακαριστὸς,
790 729 804 754 ὁ
816 728 844 754 δὲ
856 729 889 755 δι’
903 729 970 755 αὐτὸ

179 774 210 799 1‘)
226 773 310 800 κακὸν
325 773 438 808 πάσχων
454 773 612 806 πανάθλιος·
630 774 676 800 καὶ
693 774 733 800 ὃτι
748 775 778 801 οὐ
796 774 908 802 δυνατὸν
924 776 969 802 τον

180 817 209 842 ἐν
220 817 303 851 ἀρετῇ
318 816 409 847 ζῶντα
420 817 496 852 παρὰ
509 819 616 845 πάντων
631 818 740 845 ἀκούειν
752 819 853 852 καλῶς·
867 821 913 848 καὶ
928 821 969 848 ὅτι

179 862 204 887 οἱ
227 861 351 893 θέλοντες
375 863 451 898 παρὰ
477 863 587 890 πάντων
613 864 761 896 ἐπαίνους,
786 863 859 893 οὗτοι
886 867 970 893 πᾶσιν

180 907 309 941 ἀρέσκειν
320 907 501 940 σπουδάζουσι
513 917 520 924 ·
533 910 580 935 καὶ
595 910 636 936 ὅτι
652 911 683 937 ὲκ
693 910 789 937 τούτου
805 912 970 947 γνωρίζεται

1020 317 1191 349 obedientiaa,
1214 322 1241 345 et
1261 317 1451 352 abnegationis
1475 317 1635 349 voluntatis,
1653 317 1772 347 diabolo,
1786 323 1813 344 rt

1021 363 1063 390 his
1081 363 1127 398 qui
1142 363 1248 398 publice
1264 363 1361 390 vivunt
1378 363 1405 390 in
1419 363 1532 390 urbibus
1545 362 1744 394 assimilantur,
1757 371 1811 389 non

1020 405 1150 441 cﬂugient
1173 407 1219 434 Dei
1251 406 1393 441 judicium,
1419 414 1507 441 neque
1533 406 1702 437 obedientes,
1726 413 1814 440 neque

1018 452 1156 487 jnbeutes,
1175 453 1222 480 sed
1239 452 1357 488 quisque
1374 452 1450 480 dabit
1469 459 1563 488 plenas
1579 451 1733 479 secundum
1749 459 1814 479 suas

1022 499 1152 526 actiones.

1057 545 1082 571 5.
1101 544 1262 579 Explanatio
1279 545 1434 573 divinorum
1447 544 1639 572 mandatorum
1657 543 1765 571 Domini
1785 544 1812 570 iu

1023 591 1195 625 compendio,
1217 595 1245 618 et
1268 599 1302 619 ex
1328 591 1526 627 Cltrysostomo
1552 595 1580 618 et
1608 590 1670 618 aliis
1697 590 1814 617 diversis

1023 636 1149 664 Patribus
1165 637 1253 672 capita
1268 638 1437 665 conferentia
1454 638 1479 664 in
1496 638 1563 665 istas
1580 637 1786 672 explanationes
1803 644 1810 662 :

1022 686 1051 709 ct
1066 682 1138 716 quod
1154 683 1199 710 ille
1213 683 1260 718 qui
1273 683 1307 711 ob
1322 683 1451 710 virtutem
1470 683 1540 710 male
1559 683 1661 718 patitur
1677 683 1712 709 ab
1726 682 1815 709 homi-

1024 727 1103 754 nibus
1120 728 1296 757 beatissitnus
1310 733 1362 761 est,
1377 729 1422 764 qui
1436 733 1526 755 autem
1545 728 1581 755 ob
1605 728 1694 762 ipsum
1712 728 1813 754 malum

1024 773 1127 807 patitur
1145 774 1227 801 miser
1238 778 1281 801 est
1301 782 1308 801 :
1329 778 1357 801 et
1382 774 1455 807 quod
1479 772 1651 808 impossibile
1673 776 1716 799 est
1737 772 1813 798 illum

1024 819 1070 854 qui
1089 819 1116 845 in
1133 818 1233 846 virtute
1254 819 1327 854 degit
1351 819 1385 846 ab
1401 819 1527 846 omnibus
1553 819 1622 846 bene
1641 817 1736 845 audire
1757 825 1764 843 :
1788 820 1815 844 et

1024 862 1096 897 quod
1113 863 1285 897 exquirentes
1314 863 1348 890 ab
1376 863 1506 890 omnibus
1524 863 1629 894 laudes,
1644 863 1671 889 hi
1688 861 1816 889 omnibus

1024 909 1131 943 placere
1144 909 1252 936 student
1270 917 1278 936 :
1298 909 1410 944 etquod
1433 917 1465 936 cx
1488 916 1521 936 eo
1538 909 1715 943 cognoscitur
1730 908 1816 935 falsus

180 952 195 977 ὸ
211 951 452 985 ψευδοδιδάσκαλος
464 973 470 985 ,
485 954 532 980 καὶ
548 955 562 981 ὁ
576 954 807 991 ψευδοπροφήτης
821 957 854 983 ὲκ
870 957 918 984 τοῦ
932 959 970 994 μὴ

1029 954 1117 981 lector
1136 958 1164 981 et
1187 953 1272 982 falsus
1286 955 1429 989 propheta,
1446 961 1509 981 cum
1527 961 1581 982 non
1595 954 1694 981 doceat
1716 961 1749 980 ex
1775 953 1818 980 di-

180 998 319 1025 διδάσκειν
334 1000 366 1026 ὲκ
385 1000 440 1027 τῶν
454 1000 534 1028 θείων
548 1001 666 1036 Γραφῶν
676 1023 683 1034 ,
703 1001 759 1029 ἀλλ’
775 1004 808 1029 ἐκ
823 1004 873 1038 τῆς
888 1004 972 1032 αὐτοῦ

183 1044 296 1078 καρδίας
315 1045 383 1080 πρὸς
396 1046 445 1078 τὰς
462 1047 579 1073 ἑκάστου
597 1049 757 1083 ἐπιθυμίας.

216 1089 248 1116 δ’.
267 1091 336 1125 Περὶ
350 1092 503 1127 ἁποταγῆς·
530 1093 577 1119 καὶ
598 1093 640 1120 ὅτι
666 1095 751 1121 κακὸν
778 1096 794 1131 ή
822 1096 974 1132 ὲπιόλαὸὴς

182 1134 303 1168 ὁμόνοια.
317 1135 364 1162 καὶ
378 1138 505 1171 κρεῖσσόν
519 1139 578 1164 ὲστι
593 1139 804 1174 διαχωρίζεσθαι
818 1142 873 1168 τῶν
885 1143 973 1169 τοιού-

183 1187 238 1205 των
275 1180 322 1207 καὶ
338 1181 379 1207 δτι
406 1183 578 1210 ἐπικίνδυνον
603 1185 761 1221 ἀποκείρειν
776 1188 839 1219 τοὺς
857 1189 974 1222 γυναῖκα

184 1225 230 1251 καὶ
257 1225 339 1253 τέκνα
358 1227 485 1262 ἔχοντας,
510 1229 526 1262 ἢ
542 1230 630 1262 ἄλλως
647 1232 705 1263 πῶς
723 1233 879 1268 ἀδιαφόρως
895 1234 975 1261 τοῦτο

184 1272 282 1304 ποιεῖν,
298 1273 345 1299 καὶ
360 1274 418 1305 πῶς
432 1275 485 1310 χρὴ
501 1275 606 1308 πάντας
618 1278 682 1309 τοὺς
693 1279 832 1311 τοιούτους
846 1280 974 1315 δέχεσθαι

184 1317 214 1342 ei
232 1319 435 1354 μοναστηρίοις·
455 1321 502 1347 καὶ
517 1322 556 1349 ὅτι
573 1323 661 1357 μέγαν
676 1324 798 1351 κίνδυνον
815 1326 882 1361 ἔχει,
900 1328 947 1353 καὶ
961 1329 975 1354 ὁ

184 1362 284 1396 διδοὺς,
301 1365 347 1391 καὶ
361 1365 375 1390 ὁ
389 1365 546 1400 λαμϐάνων,
564 1369 611 1395 καὶ
631 1369 645 1396 ὁ
660 1370 829 1398 συνευδοκῶν
842 1372 887 1398 διὰ
905 1382 975 1408 χρη-

187 1408 280 1443 μάτων
305 1410 354 1441 τὰς
377 1411 502 1447 είσδοχὰς
521 1413 645 1443 γίνεσθαι
667 1416 742 1451 παρὰ
759 1417 789 1443 τδ
806 1418 865 1449 ταῖς
888 1418 975 1451 θείαις

185 1454 280 1482 δοκοῦν
296 1456 432 1491 Γραφαίς·
452 1459 499 1485 καὶ
513 1459 555 1485 δτι
572 1459 623 1495 τὴν
651 1462 799 1497 μοναδικὴν
817 1464 956 1491 πολιτείαν
967 1486 974 1497 ,

187 1501 275 1532 ἄλλως
290 1502 349 1535 πῶς
366 1504 391 1529 οί
410 1504 533 1540 Πατέρες
552 1506 582 1532 οὐ
597 1506 719 1541 δέχονται
729 1527 737 1539 ,
752 1510 776 1535 εί
790 1509 826 1544 μὴ
842 1510 912 1536 κατὰ
927 1510 977 1546 τὴν

187 1547 351 1582 νομοθεσίαν
366 1549 420 1575 τῶν
441 1551 599 1585 ἀσκητικῶν
618 1553 665 1579 τοῦ
687 1554 804 1588 μεγάλου
824 1555 975 1583 Πασιλείου.

1024 1001 1094 1030 vinis
1108 1000 1268 1036 Scripturis,
1285 1001 1332 1029 sed
1344 1010 1359 1029 e
1370 1001 1481 1036 proprio
1493 1009 1544 1029 suo
1565 1001 1647 1029 corde
1662 1000 1815 1029 secundum

1024 1047 1156 1081 cujusque
1171 1047 1336 1074 voluntates.

1059 1094 1085 1121 ι.
1103 1093 1140 1121 De
1154 1093 1325 1127 professione
1343 1094 1470 1130 religiosa
1491 1104 1497 1122 :
1513 1093 1627 1129 etquod
1649 1093 1751 1121 malum
1775 1098 1817 1121 est

1025 1139 1103 1166 noxia
1121 1139 1298 1172 unanimitas,
1313 1145 1339 1167 et
1362 1140 1460 1168 melius
1473 1145 1514 1168 est
1527 1148 1542 1167 a
1558 1139 1658 1167 talibus
1677 1138 1816 1174 separari;

1025 1190 1052 1212 et
1072 1185 1143 1218 quod
1167 1186 1350 1220 periculosum
1376 1191 1418 1213 est.
1441 1186 1552 1214 tondere
1575 1186 1625 1213 hos
1641 1186 1687 1220 qui
1705 1192 1816 1212 uxorem

1025 1235 1052 1258 et
1067 1231 1167 1258 liberos
1183 1231 1292 1263 habent,
1312 1231 1350 1258 vel
1367 1231 1447 1258 aliter
1459 1239 1572 1266 quoquo
1589 1232 1671 1258 modo
1688 1230 1815 1258 indiscri-

1026 1277 1151 1304 minatim
1169 1277 1193 1304 id
1210 1285 1300 1312 agere,
1314 1283 1341 1306 et
1355 1279 1494 1313 quomodo
1516 1283 1623 1313 oportet
1639 1285 1735 1305 omnes
1751 1278 1819 1305 tales

1027 1323 1147 1357 recipere
1168 1322 1195 1350 in
1214 1325 1408 1357 monasteriis;
1432 1329 1460 1352 et
1488 1324 1559 1360 quod
1582 1331 1683 1359 magno
1697 1323 1819 1358 periculo

1027 1377 1056 1397 se
1079 1370 1190 1403 exponit
1214 1374 1241 1397 et
1257 1370 1326 1398 dans
1343 1374 1370 1398 et
1390 1371 1528 1406 recipiens
1551 1375 1577 1397 et
1604 1369 1763 1405 permittens
1783 1370 1819 1396 ob

1026 1415 1158 1449 pecunias
1172 1415 1354 1443 admissiones
1375 1417 1432 1444 ﬁcri
1449 1422 1547 1444 contra
1569 1417 1723 1444 divinarum
1741 1416 1818 1443 Scri-

1028 1465 1168 1494 pturarum
1194 1461 1356 1489 sententiam
1382 1471 1389 1488 :
1414 1467 1440 1490 et
1465 1463 1537 1497 quod
1567 1462 1726 1490 monasticae
1757 1462 1819 1489 vitae

1028 1508 1174 1539 rationem.
1202 1508 1277 1535 uttllo
1305 1509 1359 1537 alio
1379 1510 1459 1536 modo
1475 1509 1570 1537 Patres
1590 1509 1739 1544 accipiunt,
1766 1509 1818 1535 nisi

1028 1554 1178 1582 secundum
1192 1554 1403 1582 constitutiones
1418 1555 1552 1582 asceticas
1565 1554 1654 1588 magni
1674 1554 1781 1581 Basilii.

224 1592 255 1620 ε’.
271 1593 338 1629 Περὶ
348 1595 492 1630 ὰποταγῆς
502 1597 613 1624 δούλων·
628 1599 674 1625 καὶ
684 1599 724 1625 ὅτι
733 1601 757 1626 οἱ
769 1601 831 1632 τοὺς
840 1602 977 1634 τοιούτους

1066 1600 1091 1627 5.
1108 1600 1145 1627 De
1161 1599 1330 1635 professione
1353 1600 1479 1634 religiosa
1505 1607 1645 1628 servorum
1666 1609 1673 1627 :
1695 1605 1721 1627 et
1746 1599 1819 1634 quod

188 1637 330 1673 δεχόμενοι
346 1640 522 1677 ἀδιακρίτως,
542 1644 589 1669 καὶ
605 1645 680 1679 παρὰ
696 1645 744 1677 τὰς
761 1646 835 1678 θείας
854 1647 977 1682 Γραφὰς,

190 1683 206 1718 ἢ
223 1685 298 1720 παρὰ
311 1687 424 1723 γνώμην
440 1689 494 1715 τῶν
512 1689 584 1716 ίδίων
603 1691 743 1718 δεσποτῶν
769 1693 978 1729 ἀποκείροντες,

190 1729 240 1763 τῆς
252 1733 394 1763 κοινωνίας
404 1733 577 1768 χωρίζονται.
591 1737 638 1762 καὶ
647 1737 891 1772 ἀναθεματίςονται
904 1740 981 1775 παρὰ

190 1775 245 1801 τῶν
261 1775 342 1804 θείων
364 1780 485 1805 κανόνων
495 1800 502 1812 ,
516 1781 541 1806 οἱ
556 1781 584 1807 δὲ
608 1781 696 1809 δοῦλοι
713 1784 782 1810 κατὰ
797 1785 860 1817 τοὺς
881 1786 980 1818 ἔξωθεν

190 1821 291 1855 νόμους
307 1823 526 1858 άναδουλοῦνται,
544 1827 593 1853 ἐὰν
610 1829 647 1862 μὴ
659 1829 710 1863 τὴν
725 1829 851 1865 ἄσκησιν,
867 1832 915 1858 καὶ
931 1832 980 1867 τὴν

191 1867 309 1904 ἀκριῦὴν
323 1870 460 1898 πολιτείαν
473 1872 528 1899 τῶν
544 1873 630 1908 ἁγίων
646 1876 836 1911 μετέρχονται.

230 1963 268 1990 ς’.
284 1960 351 1994 Περὶ
365 1960 418 1987 τῶν
433 1962 649 1997 ἀναχωρούντων
663 1965 717 1991 ἀπὸ
729 1966 919 2001 άδελφότητος·
936 1969 982 1995 καὶ

193 2003 235 2029 ὅτι
255 2005 270 2029 ὀ
291 2003 336 2031 διὰ
356 2006 491 2039 σαρκικὴν
515 2007 686 2041 ἀνάπαυσιν,
716 2009 732 2044 ἢ
763 2010 807 2037 διὰ
839 2013 983 2047 προκοπὴν

195 2050 331 2085 κοσμικὴν
345 2051 399 2077 ἀπὸ
416 2052 595 2088 άδελφότητος
612 2056 772 2090 ἀναχωρῶν,
788 2057 849 2084 λίαν
863 2059 984 2095 άπόῦλη-

194 2097 240 2128 τός
257 2097 315 2122 ἐστι
329 2098 405 2132 παρὰ
421 2097 458 2132 τῷ
473 2097 542 2132 Θεῷ,
568 2100 615 2126 καὶ
638 2101 759 2136 ἀρνητὴς
780 2102 827 2128 τοῦ
845 2103 982 2137 ἐπαγγέλ-

196 2152 282 2178 ματος
292 2151 298 2158 ·
314 2144 361 2170 καὶ
376 2143 416 2170 δτι
435 2145 459 2170 οἰ
472 2145 539 2172 θεῖοι
555 2147 666 2178 κανόνες
684 2148 747 2179 τοὺς
767 2149 904 2181 τοιούτους
913 2170 921 2182 ν
937 2151 985 2177 καὶ

196 2189 259 2219 τοὺς
269 2189 481 2224 ἀναδεχομένους
493 2190 602 2223 αὐτοὺς,
614 2192 663 2226 τῆς
675 2194 815 2225 κοινωνίας
827 2195 984 2230 χωρίζουσι*

199 2235 246 2260 καὶ
270 2235 311 2261 ὄτι
325 2235 349 2261 οι
371 2235 416 2262 διὰ
439 2236 486 2262 τὸν
501 2236 568 2263 Θεὸν
584 2237 678 2264 ἄλλοτε
696 2239 812 2274 ἀλλαχοῦ
831 2241 984 2276 ἑλκόμενοι,

1030 1645 1068 1672 illi
1082 1646 1129 1681 qui
1146 1646 1213 1674 tales
1226 1646 1359 1681 recipiunt
1375 1646 1542 1678 imlistiuctc,
1556 1651 1584 1673 et
1600 1651 1693 1673 contra
1711 1645 1820 1672 divinas

1031 1690 1195 1726 Scripturas,
1213 1696 1240 1719 et
1255 1696 1348 1719 contra
1365 1694 1528 1720 sententiam
1541 1693 1715 1727 propriorum
1733 1691 1822 1718 domi-

1031 1745 1129 1766 norum
1148 1738 1270 1768 tondent,
1285 1745 1299 1764 a
1316 1738 1513 1766 communione
1533 1743 1697 1773 separantur
1711 1742 1739 1765 et
1754 1745 1822 1764 ana-

1031 1784 1245 1812 thematizantur
1269 1785 1369 1812 divinis
1395 1785 1557 1818 canonibus,
1576 1784 1645 1812 servi
1672 1789 1763 1811 autent
1779 1791 1822 1811 se-

1032 1830 1151 1858 cundum
1165 1835 1291 1858 externas
1305 1831 1376 1866 leges
1394 1839 1502 1858 rursum
1519 1830 1643 1858 servituti
1665 1830 1823 1864 mancipau-

1032 1879 1087 1907 tur,
1100 1876 1152 1903 nisi
1171 1877 1251 1903 vitam
1264 1877 1421 1910 asceticam,
1431 1882 1458 1904 et
1473 1881 1572 1904 rectam
1587 1881 1744 1904 sanctorum
1763 1875 1825 1902 vitae

1033 1921 1166 1948 rationem
1180 1922 1390 1956 amplectantur.

1069 1966 1095 1993 6.
1110 1967 1146 1993 De
1167 1966 1370 1993 discedentibus
1391 1974 1405 1992 a
1430 1965 1600 1993 fraternitate
1616 1974 1623 1992 :
1642 1970 1667 1992 et
1694 1965 1766 1999 quod
1782 1965 1826 1991 ille

1034 2011 1080 2046 qui
1094 2016 1204 2046 propter
1222 2011 1359 2038 carnalem
1374 2011 1503 2045 quietem,
1516 2011 1558 2038 vel
1572 2011 1737 2038 mundanam
1755 2010 1826 2037 utili-

1036 2061 1118 2084 tatem
1136 2064 1151 2084 a
1177 2055 1345 2084 fraternitate
1368 2057 1496 2088 discedit,
1512 2057 1627 2083 multum
1646 2056 1718 2091 apud
1740 2055 1823 2083 Deum

1035 2102 1247 2137 contemptibilis
1265 2107 1352 2133 est.et
1364 2102 1545 2137 promissione
1559 2102 1698 2136 privatus;
1711 2106 1738 2129 et
1749 2101 1822 2136 quod

1036 2148 1121 2176 divini
1136 2155 1257 2176 canones
1269 2149 1336 2176 tales
1357 2149 1492 2181 homines,
1506 2152 1532 2175 ct
1545 2156 1593 2176 eos
1617 2148 1665 2182 qui
1689 2147 1827 2182 recipiunt

1037 2194 1107 2226 illos,
1131 2201 1146 2221 a
1181 2195 1375 2221 communione
1404 2199 1548 2229 separant;
1570 2198 1598 2220 et
1625 2193 1698 2228 quod
1728 2193 1755 2220 hi
1781 2194 1828 2227 qui

1036 2243 1146 2274 propter
1163 2237 1246 2265 Deum
1262 2238 1341 2266 aliter
1362 2238 1416 2266 alio
1436 2238 1591 2270 trahuntur,
1612 2242 1639 2265 et
1659 2238 1828 2266 discedentes

197 2279 244 2305 καὶ
257 2280 462 2315 ἀναχωροῦντες
476 2281 623 2314 ὲπαινετοὶ,
642 2283 690 2309 καὶ
706 2284 736 2309 οὺ
752 2284 915 2319 χωρίζονται
935 2286 977 2320 τῆς

1038 2283 1195 2315 laudantur,
1219 2290 1307 2317 neque
1328 2290 1344 2310 a
1372 2282 1542 2311 fraternitate
1569 2287 1741 2318 separantur,
1764 2282 1828 2318 quia

197 2325 386 2359 ἀδελφότητος,
400 2327 441 2352 ὅτι
455 2327 612 2362 οἰκονομίαν
628 2329 786 2364 πληροῦσιν.

234 2370 265 2402 ζ’.
282 2371 317 2396 Πε
323 2371 349 2406 pi
359 2371 491 2406 διαφορᾶς
504 2374 668 2402 σκανδάλων·
682 2376 727 2402 καὶ
741 2377 782 2403 ὅτι
797 2377 843 2404 τὸν
859 2378 987 2405 ποιοῦντα

201 2416 311 2452 ἐντολὴν
322 2417 402 2449 Θεοῦ,
419 2418 434 2453 ἢ
451 2420 615 2453 παραδόσεις
631 2422 718 2455 ἁγίων
735 2423 876 2458 Πατέρων,
891 2425 920 2451 οὐ
935 2424 988 2460 χρὴ

199 2463 250 2497 τὴν
266 2463 366 2498 πρᾶξιν
389 2464 607 2500 καταλιμπάνειν
630 2467 675 2493 διὰ
695 2470 758 2500 τοὺς
774 2469 988 2504 σκανδαλιζομέ-

201 2516 274 2540 νους·
287 2509 335 2535 καὶ
349 2510 390 2536 ὅτι
401 2511 418 2545 ἡ
430 2512 526 2547 εἰρήνη
538 2532 545 2544 ,
560 2514 608 2538 καὶ
622 2514 638 2548 ἡ
653 2514 720 2548 εὐχὴ
735 2515 781 2540 τὸν
796 2515 872 2548 ἄξιον
888 2516 926 2550 μὴ
943 2516 988 2542 εὖ·

200 2554 296 2590 ρπῦσα,
326 2556 487 2590 ἐπιστρέφει
514 2558 596 2584 πάλιν
623 2560 691 2594 πρδς
716 2561 762 2587 τὸν
789 2561 989 2588 ἀποστέλλοντα

199 2601 298 2634 ταῦτα,
313 2601 385 2628 οὕτω
396 2603 443 2628 καὶ
457 2604 474 2638 ἡ
490 2604 598 2639 κατάρα
612 2606 774 2641 ἐπιστρέφει
789 2607 870 2635 πάλιν
885 2608 932 2635 ἐπὶ
944 2608 989 2635 τὸν

200 2649 302 2679 ἀδίκως
319 2649 548 2676 σκανδαλισοέντα
564 2652 611 2678 καὶ
628 2653 833 2688 καταρώμενον.

235 2693 270 2729 η’.
287 2695 354 2730 Περὶ
368 2694 537 2722 διδασκάλων
552 2696 693 2733 διαφορᾶς·
712 2698 759 2724 καὶ
775 2699 817 2724 ὄτι
832 2698 947 2734 φοϐερὸν
959 2699 990 2725 τὺ

201 2740 290 2774 κρῖμα
311 2739 358 2766 τοῦ
377 2740 555 2773 διδασκάλου,
579 2742 625 2768 ἐὰν
642 2742 718 2778 παρὰ
740 2743 788 2774 τὰς
805 2743 915 2774 ἐντολὰς
942 2743 990 2770 τοῦ

202 2785 270 2811 Θεοῦ
284 2785 408 2822 διδάσκῃ·
428 2787 475 2813 καὶ
498 2786 539 2813 ὅτι
553 2787 693 2814 πείθεσθαι
709 2788 816 2820 τούτοις
833 2789 874 2815 δεῖ
888 2790 921 2816 ὲκ
936 2789 991 2815 τῶν

203 2828 283 2855 θείων
292 2829 408 2865 Γραφῶν
415 2831 584 2858 διδάσκουσι.

239 2873 272 2900 θ’.
285 2874 353 2910 Περὶ
364 2875 496 2912 διαφορᾶς
509 2877 604 2912 ὀργῆς,
618 2877 664 2904 καὶ
677 2878 764 2913 θυμοῦ
776 2879 887 2913 εὐλόγου
902 2888 932 2906 τε
944 2879 991 2906 καὶ

205 2918 304 2953 ἀλόγου
316 2927 324 2937 ·
350 2921 398 2948 καὶ
413 2921 454 2950 δτι
475 2922 505 2949 οὐ
522 2922 637 2952 πάντοτε
656 2924 791 2958 συμφέρει
812 2925 842 2952 τὸ
861 2925 897 2952 μὴ
915 2925 991 2957 ὀργί-

1038 2328 1160 2355 divinutn
1182 2329 1352 2363 propositum
1367 2329 1516 2363 complent.

1073 2374 1099 2401 7.
1115 2373 1151 2401 De
1171 2374 1323 2402 diﬂ'erentia
1347 2375 1536 2402 scaudalorum
1557 2383 1563 2401 :
1584 2379 1611 2402 ct
1636 2375 1710 2410 quod
1733 2377 1830 2403 obser-

1039 2424 1148 2447 vantem
1163 2420 1209 2447 Dei
1221 2421 1306 2455 legem
1318 2425 1344 2448 et
1359 2421 1520 2448 traditiones
1532 2426 1689 2449 sanctorum
1704 2422 1827 2454 Patrum,

1040 2471 1092 2490 non
1110 2469 1217 2499 oportet
1232 2465 1329 2499 agendi
1347 2466 1481 2493 rationem
1508 2466 1699 2501 derelinquere
1716 2467 1751 2493 ob
1767 2467 1828 2494 illos

1039 2511 1086 2544 qui
1104 2511 1342 2545 seandalizantur;
1358 2516 1385 2539 et
1403 2513 1476 2547 quod
1490 2520 1554 2546 pax,
1574 2516 1600 2538 et
1611 2513 1699 2539 oratio
1714 2512 1826 2546 dignum

1041 2563 1094 2582 non
1109 2556 1260 2589 inveniens,
1279 2565 1388 2585 rursum
1405 2558 1549 2585 revertitur
1565 2558 1597 2584 ad
1612 2557 1687 2584 illum
1708 2559 1754 2592 qui
1771 2558 1830 2585 bare

1040 2601 1149 2633 emittit,
1165 2603 1199 2630 ita
1215 2607 1242 2630 et
1258 2603 1414 2630 maledictio
1428 2604 1574 2631 revertitur
1591 2611 1688 2631 rursus
1707 2604 1739 2630 ad
1756 2603 1830 2631 hunc

1041 2648 1086 2682 qui
1106 2648 1206 2682 injuste
1221 2649 1423 2676 scandalizatur
1437 2653 1464 2676 et
1480 2649 1625 2676 maledicit.

1077 2691 1104 2718 8.
1122 2692 1157 2718 De
1171 2692 1313 2720 doctorum
1333 2692 1482 2719 diﬂ‘erentia
1499 2699 1507 2720 :
1526 2697 1552 2720 et
1564 2692 1636 2727 quod
1655 2693 1827 2719 tremendum

1042 2741 1083 2764 est
1098 2737 1218 2764 doctoris
1232 2738 1376 2771 judicium,
1393 2738 1416 2764 si
1440 2742 1534 2764 contra
1556 2737 1602 2765 Dei
1624 2738 1697 2772 leges
1714 2738 1829 2770 doceat;

1042 2783 1152 2818 etquod
1169 2783 1279 2811 obedire
1298 2783 1351 2811 illis
1370 2788 1475 2818 oportet
1495 2784 1540 2819 qui
1557 2783 1709 2811 secundant
1724 2783 1830 2811 divinas

1043 2828 1198 2862 Scripturas
1213 2829 1320 2856 docent.

1077 2874 1103 2901 9.
1119 2874 1156 2902 Dc
1172 2875 1322 2902 dilferentia
1335 2875 1392 2907 irae,
1404 2875 1554 2902 secundum
1569 2875 1701 2902 rationem
1719 2879 1745 2900 et
1761 2881 1830 2901 con-

1045 2927 1086 2951 tra
1112 2922 1243 2951 rationem
1261 2931 1268 2949 ε
1288 2926 1316 2950 et
1346 2921 1419 2957 quod
1451 2930 1506 2950 non
1532 2929 1639 2957 semper
1650 2921 1758 2957 expedit
1777 2928 1831 2948 non
