2076 3158
252 179 322 212 1363

675 182 870 214 OPUSCULA
888 185 1059 216 MORALIA
1079 187 1254 218 INCERT;E
1274 189 1429 220 IETATIS.

1809 191 1856 223 135
1862 191 1877 222 4

250 238 341 269 irasci.
372 238 418 265 sed
448 238 559 273 quando
579 243 686 274 tempus
711 241 841 275 postulat.
869 242 945 276 Saepe
967 243 1026 270 enin

1075 269 1077 274 .
1093 245 1198 278 CsoOat.
1215 249 1272 274 ἀλλ’
1286 249 1351 275 ὅταν
1363 250 1376 276 ὁ
1394 249 1489 284 καιρὸς
1501 250 1581 285 καλῇ.
1595 249 1727 281 Πολλάκις
1741 251 1793 286 γὰρ
1810 259 1878 286 προ-

248 283 466 310 mansuetudiuis
491 288 622 318 prmtextu
650 285 774 312 cadimus
798 286 824 312 in
846 286 958 321 laqueos
981 289 1040 314 dia-

250 330 313 361 boli,
331 335 357 356 et
372 338 386 356 a
408 330 461 356 Deo
485 337 666 364 separamur;
692 332 842 366 aliquando
860 337 950 360 autem
967 335 1038 360 cele-

250 378 314 402 I'iter
327 377 428 410 justam
444 376 511 403 iram
532 377 713 411 suscipientes
734 382 810 404 extra
829 380 1037 407 conwnienlem

249 422 318 447 viam
334 421 519 449 ambulamus.

283 467 327 495 10.
355 467 392 494 Dc
416 467 527 501 injuria,
548 472 574 494 et
597 467 780 502 qualicunque
812 469 987 499 contumelia.
1010 474 1037 495 et

246 513 341 540 otiosis
355 513 446 541 verbis
467 518 515 541 :et
531 514 603 548 quod
621 522 674 540 non
692 514 781 541 solum
798 515 832 541 ob
846 515 1034 544 hoinicidinm.

247 559 452 586 fornicationem
476 563 504 586 et
521 559 683 586 adulteriutu
708 560 733 586 in
757 560 908 593 gehennam
933 561 1036 587 incide-

247 613 319 637 mus,
337 605 384 632 sed
407 608 487 632 etiam
503 605 538 632 ob
556 605 681 639 injurias,
696 610 723 631 ct
747 613 807 639 qua:
832 605 903 639 apud
926 612 976 632 nos
996 605 1035 631 ri-

245 652 343 678 dentur
358 652 426 679 viles
445 652 638 683 contumelias,
652 651 699 678 sed
729 656 818 678 tamen
844 659 897 677 non
919 651 1033 685 aequalis

247 703 276 723 ut
288 698 445 731 castigatio;
463 701 489 724 et
504 697 575 731 quod
592 696 745 724 vindicandi
771 704 801 724 se
827 697 924 731 gratia,
947 697 987 723 Vel
1006 697 1032 723 in

246 743 318 768 nulla
335 750 363 768 re
374 743 563 775 conveniente,
580 750 633 769 non
647 747 754 777 oportet
770 743 879 778 injuriis
901 743 943 770 vel
966 751 1033 770 cou-

246 788 365 814 tumeliis
380 788 509 822 impetere
521 789 649 821 aliquem,
665 788 711 815 sed
723 793 765 815 est
779 788 804 814 in
822 796 856 815 eo
879 789 1031 816 differentia

245 837 273 859 ut
291 833 371 860 inira
390 834 482 868 justa;
506 838 533 861 et
549 835 621 868 quod
645 834 689 860 ille
709 835 755 868 qui
778 834 914 861 immerito
937 835 1031 861 eonvi-

245 880 327 906 tiatur
341 880 433 912 alicui,
446 887 461 906 a
478 880 670 907 communione
684 884 837 914 separatur.

278 925 321 951 Η.
338 925 375 951 De
399 926 458 952 rixa
486 932 548 952 cum
570 926 708 959 proximo,
732 930 759 952 et
779 933 827 959 per
847 925 947 952 multos
971 932 1032 952 mo-
1048 921 1068 948 Β

241 973 291 999 dos
304 971 424 998 facienda
436 971 658 999 reconciliatione
675 981 681 998 :
695 975 721 998 et
734 971 805 1004 quod
821 975 931 1005 propter
945 971 1028 998 Deum

240 1018 358 1052 aliquem
376 1017 502 1052 amigere,
517 1017 613 1045 salutis
628 1022 669 1044 est
686 1017 852 1052 procuratio,
867 1021 895 1043 et
912 1017 1029 1051 irrcpre-

239 1064 383 1090 hensibilis
404 1069 446 1091 est
465 1063 511 1098 qui
524 1063 630 1095 amixit,
658 1063 702 1098 qui
729 1068 820 1090 autem
849 1062 964 1090 amictus
987 1068 1029 1090 est

238 1110 363 1136 excusari
379 1109 459 1136 debet
471 1114 497 1136 et
510 1109 621 1143 corrigi.

274 1155 319 1182 12.
339 1154 375 1182 De
399 1162 535 1182 consensu
555 1155 582 1181 in
603 1155 822 1187 fornicationem,
839 1160 866 1182 ct
887 1156 948 1189 ejus
963 1162 1027 1189 pro-

239 1201 419 1236 prietatibus:
435 1201 548 1235 etquod
565 1208 598 1227 ex
617 1201 755 1235 impudico
782 1201 927 1228 mulierum
948 1208 1027 1234 aspe-

238 1252 296 1280 ctu,
311 1254 338 1275 et
360 1248 578 1279 conversatione,
593 1251 620 1274 et
643 1255 676 1274 ex
703 1248 764 1274 aliis
785 1247 878 1274 multis
891 1247 982 1274 can-is
999 1246 1025 1272 in

238 1301 288 1321 nos
316 1294 458 1320 incurrunt
487 1293 644 1326 passiones;
662 1297 688 1319 et
707 1293 779 1327 quod
804 1292 850 1319 ubi
878 1293 1026 1326 episcopus

237 1344 284 1367 aut
298 1340 449 1366 monachus
467 1339 540 1373 degit
557 1339 675 1374 hospitio
701 1343 836 1372 receptus,
853 1343 900 1365 aut
915 1338 1024 1372 propria

237 1387 392 1420 inspectans
410 1385 528 1419 negotia,
541 1392 595 1411 non
613 1389 720 1419 oportet
757 1385 855 1411 adesse
883 1384 1022 1415 mulieres.

235 1432 281 1458 sed
298 1439 351 1458 non
376 1430 478 1457 intrare
499 1430 524 1456 in
549 1430 678 1457 tabernas
702 1430 755 1456 illis
786 1428 942 1463 praecipitur
964 1427 1024 1454 sine

235 1478 350 1512 quadam
363 1477 534 1508 necessitate,
550 1475 592 1503 vel
607 1476 768 1510 spectaculis
784 1479 811 1501 et
825 1475 1024 1509 hippodromiis

235 1523 382 1554 interesse;
400 1526 427 1548 et
454 1520 526 1556 quod
542 1520 603 1547 laici
620 1521 745 1547 ludentes
773 1525 820 1547 aut
845 1520 976 1547 saltantes
995 1519 1021 1546 itt

234 1567 540 1596 omnim-morationibus
563 1571 731 1597 sanctorum,
756 1573 770 1592 ιι
800 1564 1019 1592 Christianorum

235 1621 349 1644 numero
361 1618 532 1648 separantur.

271 1660 315 1687 15.
332 1659 370 1686 De
394 1659 527 1686 adulterio
550 1662 577 1685 et
601 1657 805 1684 fornicatione:
824 1661 851 1684 et
872 1656 944 1690 quod
967 1663 1021 1682 non

235 1707 295 1734 sine
309 1706 427 1740 periculo
449 1710 490 1732 est
505 1705 565 1732 viro
582 1704 705 1739 separari
727 1712 742 1730 a
758 1711 807 1730 sua
822 1702 938 1736 conjuge
953 1709 1023 1736 pras-

235 1754 276 1776 ler
298 1750 428 1776 rationem
454 1749 662 1780 fornicationis;
691 1752 717 1774 et
749 1747 821 1781 quod
844 1746 885 1773 vir
911 1745 1021 1780 quidem

235 1794 397 1821 fornicatam
418 1801 531 1820 uxorem
549 1792 672 1824 dimittit,
691 1792 713 1818 si
739 1799 802 1818 vero
833 1799 886 1817 non
910 1791 1023 1817 dimise-

236 1839 426 1872 ritsnhjicitur
444 1837 660 1872 reprehensioni,
683 1844 752 1863 uxor
767 1841 857 1862 autem
883 1835 1022 1862 fornican—

235 1891 288 1912 tem
307 1887 395 1912 virum
413 1893 465 1911 non
481 1883 603 1913 dimittit,
624 1877 669 1910 sed
692 1883 772 1909 debet
795 1882 953 1915 corporales
974 1881 1020 1915 qui

233 1939 248 1958 e
264 1931 323 1958 viro
336 1930 463 1956 eveniunt
487 1937 602 1964 angores
627 1928 756 1961 suchrre;
773 1932 800 1955 et
815 1928 886 1962 quod
905 1927 1021 1954 clericus

234 1978 278 2003 tali
297 1978 412 2012 quadam
430 1977 507 2010 culpa
524 1975 665 2002 olfendens
678 1974 835 2008 deponitur.
852 1979 879 2001 et
894 1981 947 2000 non
962 1973 1019 2007 jam

235 2023 316 2050 habet
337 2023 562 2058 appellationem;
587 2026 613 2048 et
638 2021 710 2056 quod
732 2029 784 2048 non
811 2024 919 2055 oportet
940 2019 1021 2047 Citri-

233 2070 336 2096 stianos
345 2068 479 2103 conjugiis
492 2068 599 2095 misceri
611 2075 672 2094 cum
683 2067 834 2099 haereticis;
849 2071 875 2093 et
885 2065 958 2100 quod
973 2073 1020 2092 eos

233 2116 279 2149 qui
296 2115 424 2142 mulieres
441 2115 551 2149 rapiunt
566 2114 666 2140 divinat
677 2113 751 2147 leges
770 2112 1020 2143 excommunicant;

233 2160 280 2194 qui
303 2165 392 2186 autem
414 2159 599 2188 consentiunt,
615 2158 638 2184 si
663 2158 774 2192 quidem
797 2157 890 2184 clerici
908 2156 1019 2189 fuerint,

232 2205 420 2238 deponuntur;
435 2205 457 2231 si
473 2208 563 2230 autem
579 2203 652 2234 laici,
668 2207 841 2237 separantur.

268 2250 311 2276 Μ.
340 2250 375 2276 De
407 2249 574 2284 jnramento.
599 2253 626 2275 et
643 2248 776 2274 mendacii
798 2247 950 2274 differentia
969 2255 974 2274 :
993 2252 1019 2275 et
1037 2260 1057 2286 ο

233 2296 306 2330 quod
322 2295 471 2329 juramcuti
495 2295 617 2325 violatio,
641 2298 668 2321 et
685 2293 856 2320 mendacium
878 2293 957 2328 juxta
976 2301 1020 2319 ra-

234 2343 306 2368 tione
325 2341 362 2372 lit,
379 2340 489 2374 quando
503 2348 549 2374 per
563 2340 619 2365 haec
635 2347 648 2365 a
669 2339 722 2366 Dro
735 2339 875 2373 jubctnur.

269 2387 312 2413 15.
332 2386 369 2412 De
394 2386 520 2420 patientia
538 2390 564 2412 ct
576 2385 737 2412 aversione:
754 2389 780 2410 et
796 2384 867 2418 quod
884 2391 937 2410 non
958 2383 1021 2410 red-

232 2433 296 2459 dere
321 2431 422 2458 malum
448 2437 509 2456 cum
528 2430 609 2461 malo,
625 2433 651 2456 ct
673 2429 833 2456 benefacere
857 2428 1019 2455 nocentibus

232 2477 381 2505 Christiani
412 2476 552 2510 proprium
579 2480 634 2508 est;
659 2481 685 2502 ct
710 2475 782 2509 quod
808 2475 946 2502 trahentes
972 2482 1020 2501 cos

232 2523 279 2557 qni
299 2528 397 2550 uocent
412 2522 437 2548 id
454 2521 611 2553 tribunalia,
629 2521 813 2555 subjiciuntur
835 2521 936 2547 Christi
954 2521 1020 2554 legi-

233 2568 293 2599 bus.
323 2572 350 2594 et
378 2575 393 2594 a
424 2566 616 2594 communione
644 2567 797 2593 divinorum
826 2567 1017 2601 mysteriorum

232 2615 386 2648 privamur;
400 2617 427 2640 et
439 2613 511 2648 quod
529 2613 684 2640 sacerdotes
701 2613 807 2639 ﬁdelem
822 2613 861 2639 vel
882 2613 1018 2639 inﬁdelem

234 2661 370 2688 hominem
385 2659 520 2687 caedentes
533 2659 634 2686 divina:
650 2659 721 2694 leges
736 2659 892 2694 deponunt;
909 2663 935 2685 et
945 2659 1018 2693 quod

232 2706 383 2733 monachos
403 2705 538 2733 medentes
566 2705 786 2739 qualemcunque
808 2705 958 2735 hominem,
973 2711 1017 2731 se-

231 2756 328 2786 parant
351 2752 424 2786 leges
449 2751 548 2778 divinae
562 2758 578 2777 a
591 2751 798 2782 communionr;
820 2754 847 2776 et
865 2750 937 2784 quod
955 2757 1017 2783 pro-

233 2797 324 2824 bibent
340 2798 389 2826 hos
405 2797 450 2832 qui
470 2805 521 2823 non
543 2796 576 2823 ad
597 2797 622 2823 id
645 2797 764 2830 deputati
781 2801 844 2823 sunt
865 2796 892 2823 in
919 2796 1016 2823 bellum

233 2841 332 2869 habere
347 2843 388 2869 vel
405 2850 496 2870 cmcre
508 2849 584 2869 arma
597 2841 705 2873 bellica,
723 2845 821 2876 praeter
843 2849 941 2875 parvos
958 2841 1017 2876 gla-

230 2886 290 2914 dios
304 2889 402 2916 nonad
418 2889 520 2916 bellum
539 2892 634 2924 aptos;
655 2892 684 2914 et
701 2887 734 2914 de
757 2887 909 2914 ditTercntia
928 2888 1017 2915 homi-

1092 294 1173 327 φάσει
1192 295 1348 329 πραΰτητος
1370 295 1543 329 ἐμπίπτομεν
1564 296 1604 326 είς
1621 295 1670 326 τὰς
1690 295 1806 327 παγίδας
1829 297 1876 323 τοῦ

1090 340 1225 372 διαϐόλου,
1251 341 1297 367 καὶ
1323 340 1497 375 χωριζὸμεθα
1520 341 1574 367 ἀπὸ
1590 341 1638 367 τοῦ
1662 341 1729 366 Θεοῦ
1744 361 1751 372 ,
1768 341 1831 367 πότε
1848 342 1876 368 δὲ

1088 387 1159 421 τάχα
1183 387 1279 421 δικαίῳ
1303 386 1381 422 θυμῷ
1408 386 1544 421 χρώμενοι
1573 387 1620 413 τοῦ
1647 387 1799 422 πρέποντος
1823 386 1875 420 ἔξω

1089 432 1272 466 πορευόμεθα.

1124 480 1148 503 ι’.
1169 478 1236 511 Περὶ
1254 477 1404 512 λοιδορίας,
1417 478 1465 504 καὶ
1483 477 1612 507 παντοίας
1627 478 1743 513 ὕϐρεως,
1759 478 1805 504 καὶ
1822 478 1872 512 ἁρ-

1087 521 1224 555 γολογίαςυ
1243 523 1289 548 καὶ
1305 522 1344 548 ὅτι
1368 523 1397 548 οὐ
1414 523 1494 557 μόνον
1508 523 1552 549 διὰ
1567 523 1656 556 φόνον,
1673 523 1720 549 καὶ
1734 524 1872 556 πορνείαν,

1087 567 1134 593 καὶ
1149 569 1283 602 μοιχείαν,
1299 568 1337 598 είς
1351 569 1462 602 γέενναν
1473 568 1680 602 ὲμπεοούμεθα,
1696 568 1762 595 ἀλλὰ
1773 570 1818 594 καὶ
1828 569 1871 594 διὰ

1064 644 1067 646 η
1085 613 1230 647 λοιδορίας,
1254 614 1302 640 καὶ
1320 613 1369 645 τὰς
1391 615 1456 648 παρ’
1477 615 1541 649 ἡμῖν
1560 615 1725 648 φαινομένας
1751 614 1871 646 εὐτελεῖς

1085 658 1189 694 ὕϐρεις,
1204 660 1262 685 ἀλλ’
1279 659 1353 694 ὅμως
1368 661 1417 686 οὐκ
1431 660 1473 695 ἴση
1489 662 1504 694 ἡ
1520 661 1642 692 κόλασις·
1657 661 1704 687 καὶ
1719 661 1760 687 ὅτι
1775 660 1870 687 ἕνεκεν

1084 704 1130 731 τοῦ
1146 705 1264 731 ἐκδικεῖν
1283 705 1389 734 ἑαυτὸν,
1409 705 1424 740 ἢ
1451 706 1497 732 ἐπὶ
1517 706 1611 740 μηδενὶ
1636 706 1817 740 προσήκοντι,
1839 706 1869 732 οὐ

1083 751 1123 777 δεῖ
1135 751 1275 785 λοιδορεῖν,
1291 751 1307 786 ἢ
1327 750 1447 785 ὑϐρίζειν
1461 752 1538 781 τινὰ,
1556 751 1615 777 ἀλλ’
1632 751 1688 777 ἔστι
1708 752 1756 777 καὶ
1773 751 1869 778 τούτου

1082 797 1200 831 διαφορὰ
1217 796 1290 823 καθὰ
1302 798 1348 823 καὶ
1362 797 1400 832 τῷ
1412 797 1509 832 δικαίῳ
1525 797 1613 831 θυμῷ·
1633 799 1680 823 καὶ
1696 798 1737 824 ὅτι
1751 799 1765 824 ὁ
1776 797 1870 829 ἁπλῶς

1082 841 1220 877 χλευάζων
1238 843 1309 874 τινὰ,
1327 842 1375 877 τῆς
1386 843 1529 874 κοινωνίας
1541 843 1698 877 χωρίζεται.

1119 927 1164 955 ια’.
1182 929 1249 963 Περὶ
1270 928 1317 954 τοῦ
1335 928 1541 955 διαλλάττεσθαι
1555 927 1592 963 τῷ
1608 928 1738 962 πλησίον,
1758 929 1804 954 καὶ
1823 928 1868 954 διὰ

1081 974 1186 1001 πολλῶν
1203 975 1309 1010 τρόπων
1324 975 1460 1001 ποιεῖσθαι
1482 975 1531 1006 τὰς
1557 975 1744 1008 καταλλαγάς·
1764 975 1811 1000 καὶ
1826 974 1868 1000 ὅτι

1080 1020 1110 1046 τὸ
1131 1020 1201 1047 κατὰ
1223 1020 1288 1046 Θεὲν
1303 1020 1398 1046 λυπεῖν
1420 1029 1499 1052 τινα,
1523 1020 1661 1055 σωτηρίας
1685 1020 1744 1046 ἐστὶ
1769 1020 1867 1052 πρόξε-

1079 1075 1134 1095 νον.
1149 1066 1196 1092 καὶ
1210 1066 1379 1100 ἀνέγκλητός
1398 1067 1472 1092 ἐστιν
1489 1066 1502 1092 ὁ
1516 1065 1651 1099 λυπήσας,
1668 1067 1681 1091 ὸ
1695 1066 1722 1091 δὲ
1735 1065 1867 1099 λυπηθεὶς

1079 1112 1304 1147 ἀπολογήσασθαι
1318 1113 1452 1146 χρεωστΞῖ
1464 1132 1471 1144 ,
1485 1113 1532 1138 καὶ
1547 1111 1757 1145 διορθώσασθαι.

1116 1157 1158 1192 ιβ’.
1179 1159 1245 1193 Περὶ
1264 1157 1488 1191 συγκαταθέσεως
1506 1157 1554 1191 τῆς
1579 1157 1723 1191 πορνείας,
1744 1157 1790 1182 καὶ
1811 1155 1866 1181 τῶν

1080 1204 1232 1238 ἰδιωμάτων
1252 1204 1353 1237 αὐτῆς·
1372 1203 1418 1229 καὶ
1438 1203 1478 1229 ὃτι
1501 1204 1532 1228 ὲκ
1556 1201 1602 1228 τοῦ
1617 1201 1734 1231 ἀναιδῶς
1753 1201 1864 1235 βλέπειν

1078 1250 1220 1282 γυναῖκας,
1239 1249 1286 1275 καὶ
1305 1248 1509 1275 συνδιαιτᾶσθαι
1527 1248 1633 1278 αὐταῖς,
1652 1248 1700 1273 καὶ
1712 1248 1743 1272 ἐκ
1759 1247 1866 1273 πολλῶν

1077 1294 1178 1329 ἐτέρων
1190 1295 1283 1320 αίτιῶν
1296 1294 1457 1328 ἐπέρχονται
1471 1294 1535 1328 ἡμῖν
1546 1294 1579 1319 τὰ
1591 1293 1675 1327 πάοη’
1689 1292 1736 1318 καὶ
1747 1293 1788 1318 ὅτι
1800 1292 1864 1318 ἓιοα

1077 1340 1225 1370 ἐπίσκοπος
1237 1360 1244 1372 ,
1259 1339 1274 1374 ἢ
1292 1339 1407 1374 μοναχὸς
1425 1339 1511 1373 διάγει
1537 1338 1718 1373 ξενιζόμενος,
1740 1338 1755 1372 ἢ
1776 1338 1864 1363 οἰκεῖα

1075 1386 1307 1420 ἐπισκεπτόμενος
1325 1385 1494 1419 πράγματα,
1510 1385 1540 1411 οὐ
1566 1384 1620 1419 χρὴ
1647 1385 1774 1419 παρεῖναι
1811 1392 1861 1416 γυ-

1076 1433 1183 1465 ναῖκας,
1201 1432 1258 1458 ἀλλ’
1280 1431 1340 1457 οὐδὲ
1356 1433 1395 1462 είς
1409 1431 1558 1465 καπηλεῖον
1571 1431 1685 1456 εἰσιέναι
1695 1430 1805 1460 τούτους
1820 1430 1862 1455 ὲν-

1074 1477 1201 1503 τέταλται
1217 1476 1300 1511 χωρίς
1315 1484 1389 1507 τινος
1416 1476 1549 1510 ἀνάγκης,
1568 1475 1584 1510 ἢ
1601 1475 1740 1509 θεωρίαις,
1753 1474 1800 1500 καὶ
1816 1475 1861 1499 ἱπ-

1075 1522 1237 1557 ποδρομίαις
1253 1521 1404 1556 σχολάζειν·
1417 1521 1465 1548 καὶ
1482 1521 1522 1548 ὅτι
1538 1522 1561 1547 oi.
1572 1521 1662 1546 λαῖκοὶ
1675 1521 1828 1552 παίζοντες,
1844 1519 1859 1554 ἢ

1074 1567 1234 1602 ὀρχούμενοι
1260 1568 1288 1593 ὲν
1315 1569 1373 1597 ταῖς
1401 1567 1523 1601 μνήμαις
1544 1566 1597 1592 τῶν
1615 1565 1718 1599 ἁγίων,
1736 1565 1784 1600 τῆς
1807 1567 1862 1591 τὶν

1035 1595 1059 1625 c
1076 1612 1246 1648 Χριστιανῶν
1254 1611 1414 1646 χωρίζονται
1430 1612 1543 1643 τάξεως.

1112 1663 1156 1694 ιγ’.
1170 1659 1237 1694 Περὶ
1250 1659 1372 1694 μοιχείας
1387 1659 1434 1684 καὶ
1459 1658 1597 1693 πορνείας·
1612 1658 1659 1684 καὶ
1672 1657 1713 1683 ὅτι
1728 1657 1777 1682 οὐκ
1789 1657 1861 1682 ἀκίν-

1072 1706 1150 1733 δυνόν
1166 1707 1239 1732 ἐστιν
1253 1705 1331 1739 ἀνδρὶ
1343 1704 1509 1739 χωρίζεσοαι
1524 1704 1576 1730 ἀπὸ
1588 1704 1637 1738 τῆς
1650 1701 1732 1729 αὐτοῦ
1745 1701 1859 1736 συμϐίου

1073 1751 1152 1782 ἐκτὸς
1168 1750 1248 1784 λόγου
1267 1749 1405 1784 πορνείας·
1426 1749 1472 1774 καὶ
1488 1749 1529 1774 ὅτι
1544 1749 1557 1774 ὸ
1576 1747 1624 1782 μὲν
1642 1747 1712 1781 ἀνὴρ
1728 1754 1859 1780 πορνευο-

1075 1797 1159 1831 μένην
1167 1797 1282 1830 γυναῖκα
1294 1795 1417 1826 ἀπολύει,
1431 1795 1479 1821 ἐὰν
1487 1794 1514 1820 δὲ
1528 1793 1565 1828 μὴ
1574 1793 1707 1827 ἀπολύσῃ,
1718 1793 1859 1818 ὑπόκειται

1072 1841 1111 1876 τῷ
1135 1841 1307 1875 ἐγκλήματι,
1325 1841 1341 1874 ή
1362 1841 1390 1866 δὲ
1414 1840 1482 1874 γυνὴ
1507 1839 1672 1874 πορνεύονται
1697 1837 1782 1872 ἄνδρα
1809 1837 1859 1862 οὐκ

1072 1886 1196 1917 ἀπολύει,
1210 1886 1277 1913 ἀλλὰ
1290 1886 1342 1920 χρὴ
1355 1885 1403 1916 τὰς
1419 1885 1494 1918 παρὰ
1505 1884 1552 1910 τοῦ
1564 1884 1660 1918 ἀνδρὶς
1673 1882 1859 1917 ἐπερχομένας

1073 1933 1232 1968 σωματικὰς
1251 1932 1354 1966 θλίψεις
1379 1932 1545 1965 ὑποφέρειν·
1563 1930 1610 1956 καὶ
1625 1930 1665 1955 ὃτι
1692 1929 1706 1954 ὁ
1729 1927 1858 1962 κληρικὺς

1072 1980 1184 2014 τοιούτῳ
1197 1979 1251 2005 τινὶ
1264 1979 1417 2012 ἐγκλήματι
1436 1975 1592 2012 περιπεσὼν
1609 1975 1792 2009 καθαιρείται,
1811 1973 1858 1999 καὶ

1071 2026 1121 2051 οὐκ
1139 2025 1179 2051 ἔτι
1200 2025 1255 2059 ἔχει
1270 2024 1438 2058 ἀνάκλησιν·
1458 2023 1505 2049 καὶ
1522 2023 1561 2048 ὅτι
1578 2022 1608 2047 οὺ
1622 2021 1661 2047 δεῖ
1677 2020 1857 2055 Χριστιανοὺς

1072 2069 1287 2104 ὲπιγαμὸρεύειν
1304 2068 1371 2103 πρὸς
1386 2067 1551 2103 αἱρετικούς·
1570 2067 1617 2093 καὶ
1633 2067 1674 2092 ὅτι
1689 2066 1752 2097 τοὺς
1767 2065 1856 2099 ἁρπά-

1071 2116 1167 2148 ζοντας
1191 2116 1321 2149 γυναῖκας
1338 2115 1360 2140 oi
1377 2114 1443 2140 οεῖοι.
1468 2113 1546 2148 νόμοι
1564 2113 1744 2147 ἀφορίζουσιν
1758 2131 1765 2143 ,
1789 2111 1813 2137 οί
1829 2110 1857 2136 δὲ

1073 2161 1306 2192 συνευδοκοῦντες,
1324 2161 1348 2186 εί
1367 2160 1415 2194 μὲν
1431 2158 1556 2194 κληρικοὶ
1571 2156 1636 2186 εἶεν.
1652 2156 1856 2191 καθαιροῦνται,

1071 2207 1096 2233 εί
1108 2207 1135 2232 δὲ
1150 2206 1250 2238 λαῖκοὶ,
1266 2205 1451 2240 ἀφορίζονται.

1109 2251 1148 2278 ιδ’.
1169 2252 1235 2285 Περὶ
1252 2251 1332 2284 ὅρκου
1357 2250 1402 2277 καὶ
1430 2249 1560 2283 διαφορᾶς
1583 2247 1718 2281 ψεύδους·
1745 2247 1793 2272 καὶ
1818 2246 1859 2271 δτι

1072 2298 1154 2333 ὅρκου
1180 2297 1354 2331 παράϐασις,
1376 2296 1423 2321 καὶ
1439 2294 1536 2329 ψεῦδος
1561 2293 1631 2320 κατὰ
1655 2293 1758 2319 δίκαιον
1779 2292 1858 2325 λόγον

1072 2345 1186 2378 γίνεται,
1198 2344 1262 2369 ὃταν
1276 2341 1458 2377 χωριζὼμεθα
1473 2341 1526 2367 ἀπὸ
1540 2340 1585 2366 τοῦ
1602 2339 1670 2365 Θεοῦ
1685 2339 1730 2365 διὰ
1742 2339 1855 2364 τούτων.

1108 2392 1148 2415 ιε’.
1166 2388 1232 2423 Περὶ
1247 2388 1422 2419 ἀνεξικακίας
1443 2387 1488 2413 καὶ
1515 2385 1737 2420 ἁπροσπαῦείας·
1755 2384 1800 2410 καὶ
1816 2384 1856 2409 ὅτι

1070 2433 1100 2460 τὸ
1115 2434 1152 2468 μὴ
1168 2432 1314 2459 ἀποδοῦναι
1328 2432 1413 2458 κακὸν
1429 2432 1490 2458 ἀντὶ
1508 2430 1594 2457 κακοῦ
1607 2450 1613 2462 ,
1635 2431 1680 2455 καὶ
1697 2431 1727 2456 το
1747 2430 1857 2463 εὐεργε-

1070 2481 1127 2505 τεῖν
1141 2480 1202 2509 τοὺς
1218 2477 1420 2513 ὲπηρεάζουτας
1430 2476 1595 2509 Χριστιανοῦ
1616 2476 1697 2502 ἵδιον¹
1714 2475 1761 2501 καὶ
1775 2476 1814 2500 ὅτι
1831 2475 1856 2500 οἱ

1071 2525 1194 2554 ἕλκοντες
1222 2523 1285 2554 τοὺς
1305 2522 1506 2557 ὲπηρεάζοντας
1527 2522 1566 2551 είς
1586 2520 1760 2554 δικαστήρια,
1789 2520 1857 2545 ὑπό-

1071 2578 1174 2596 κεινται
1192 2569 1246 2599 τοῖς
1261 2568 1308 2594 τοῦ
1326 2567 1443 2602 Χριστοῦ
1459 2567 1550 2601 νόμοις
1564 2586 1571 2597 ,
1586 2566 1634 2592 καὶ
1649 2566 1698 2599 τῆς
1715 2565 1856 2596 κοινωνίας

1069 2617 1124 2642 τῶν
1142 2615 1221 2641 θείων
1241 2614 1397 2648 μυστηρίων
1415 2612 1631 2646 ἀποστεροῦντιι
1646 2620 1651 2626 ·
1671 2611 1718 2637 καὶ
1732 2611 1773 2637 ὅτι
1792 2611 1854 2639 τοὺς

1072 2660 1153 2695 ἱερεῖς
1170 2659 1319 2689 τύπτοντας
1344 2657 1449 2688 πιστὸν,
1476 2657 1492 2692 ἢ
1512 2657 1626 2684 ἄπιστον
1652 2656 1805 2691 ἄνθρωπον,
1832 2656 1856 2680 οἱ

1070 2706 1137 2732 (λεῖοι
1152 2706 1228 2740 νόμοι
1251 2704 1423 2740 καθαιροῦσι·
1442 2704 1489 2729 καὶ
1511 2703 1551 2729 ὅτι
1576 2703 1639 2734 τοὺς
1657 2703 1791 2738 μοναχοὺς
1810 2702 1856 2728 τύ-

1070 2761 1186 2784 πτοντας
1199 2752 1354 2786 οἱονδήποτε
1369 2751 1513 2785 ἄνθρωπον
1523 2770 1530 2781 ,
1546 2750 1722 2784 ἀφορίζουσιν
1742 2749 1767 2775 οἱ
1790 2749 1856 2774 θεῖοι

1069 2798 1145 2831 νόμοι
1164 2797 1213 2831 τῆς
1227 2796 1378 2826 κοινωνίας·
1394 2794 1632 2821 καὶὸτικωλύουσι
1643 2796 1706 2826 τοὺς
1719 2795 1757 2829 μὴ
1769 2802 1855 2828 προσ-

1069 2842 1273 2878 εχειρισμένους
1298 2843 1336 2873 είς
1369 2841 1487 2875 πόλεμον
1501 2840 1573 2875 ἔχειν
1586 2860 1593 2872 ,
1608 2841 1623 2875 ἢ
1641 2840 1769 2867 ὠνεῖσθαι
1781 2839 1855 2866 ,ὅπλα

1070 2889 1214 2925 πολεμικὰ,
1231 2890 1254 2915 εἰ
1269 2888 1307 2924 μὴ
1325 2887 1411 2922 μικρὰ
1428 2886 1561 2922 μαχαίρια
1581 2886 1620 2922 μὴ
1635 2887 1799 2922 ἐνεργοῦντα
1815 2885 1854 2916 εἰς
