2076 3158
179 193 247 224 1365

529 189 911 222 INTERPRETATIONES
931 189 1147 220 DlVINORUM
1169 187 1445 219 MANDATOBUM.

1725 189 1793 220 1366

178 248 311 282 πόλεμον
329 247 375 274 καὶ
395 247 460 282 περὶ
475 248 607 282 διαφορᾶς
628 247 715 281 φόνων
727 267 734 278 ,
757 245 889 273 ἑκουσίων
912 245 959 271 καὶ

1014 244 1156 274 eidiorum.
1171 243 1386 271 voluntariorum
1409 246 1435 270 et
1459 250 1512 270 non
1528 242 1753 275 voluntariorum.
1770 249 1796 270 ct

176 292 323 319 ἀκουσίων
343 293 391 319 καὶ
406 292 448 319 ὅτι
463 292 511 327 τῆς
525 291 606 326 ψιλῆς
627 291 754 327 πορνείας
777 290 930 325 ἐπιτίμιον,
945 290 960 316 6

176 337 303 367 ἀκούσιος
318 337 406 371 φόνος.

214 379 261 412 ις’.
282 381 348 415 Περὶ
367 380 486 412 ἁκακίας
514 381 561 407 καὶ
576 380 742 415 ὰφελότητος
754 389 761 396 ·
778 380 824 406 καὶ
839 380 879 406 ὅτι
895 380 962 406 ἀκα-

177 425 223 452 κία
235 425 294 452 ἐστὶ
303 426 333 452 τὺ
345 426 382 461 μὴ
395 426 457 461 περί
467 435 541 457 τινος
552 426 637 453 κακὸν
648 425 814 459 λογίζεσθαι,
829 425 960 460 φρόνιμον

177 471 205 497 δὲ
226 469 294 497 εἶναι
320 472 360 503 είς
378 472 409 498 τὸ
430 472 541 506 ἀγαθὸν,
559 472 606 498 καὶ
630 473 670 498 ὅτι
697 471 787 506 ἀγαθὴ
807 471 961 506 πανουργία

177 517 260 549 ἐστὶν,
276 518 340 544 ὅταν
354 526 395 549 τις
410 519 488 544 τοῦτο
504 518 570 553 πρὸς
587 517 690 551 ἀγαθὸν
709 518 772 552 ποιῇ
783 525 791 532 ⁸
811 518 858 543 καὶ
872 517 913 543 ὅτι
931 517 962 543 τὸ

177 562 296 589 τοιοῦτον
315 564 460 598 φρόνησις,
481 565 528 590 καὶ
547 564 688 598 οἰκονομία
708 562 816 598 ἀγαθή·
832 563 878 589 καὶ
897 563 962 590 ὅταν

177 607 256 634 τοῦτο
269 608 307 643 μὴ
322 609 437 643 ἔχωμεν,
451 610 491 640 εἰς
505 609 589 635 πολλὰ
603 609 677 636 κακὰ
694 609 906 644 περιπίπτομεν.

215 651 254 683 ιε’.
273 653 340 688 Περὶ
355 653 490 687 ὑπακοῆς,
511 654 558 680 καὶ
579 654 620 680 ὅτι
634 655 664 680 οὺ
678 654 718 680 δεῖ
734 654 916 689 ἑκλαμῦάνειν
932 654 962 681 τὺ

176 695 261 730 ὅιομα
278 697 325 731 τῆς
341 698 463 732 ὑπακοῆς
475 698 580 732 ἀλόγως
593 699 633 730 εἰς
647 698 677 724 τὸ
691 698 841 725 ὑπακούειν
854 698 893 733 τῷ
907 699 963 725 διας

177 741 256 776 σόλῳ,
275 742 342 768 ἀλλὰ
360 744 503 778 προσέχειν
524 744 553 770 ἐν
567 744 697 779 ἀκριϐείᾳ
713 745 773 775 ταῖς
790 744 875 776 θείαις
893 745 962 780 Γρα-

177 789 252 821 φλῐς.
271 788 318 814 καὶ
338 789 438 816 εἰδέναι
455 790 520 816 ποια
543 789 602 816 ἐστὶ
621 789 668 816 τοῦ
686 789 754 816 Θεοῦ
769 789 890 824 ὑπακοὴ,
915 789 962 816 καὶ

177 833 241 859 ποία
260 834 306 860 τοῦ
328 834 529 868 ἀντικειμένου·
553 835 600 862 καὶ
621 835 663 861 ὅτι
686 834 733 862 δύο
754 835 873 862 ὐπακοαί
896 836 961 866 εἰσι,

176 878 267 910 καθὼς
281 879 389 914 εἴρηται
400 899 407 911 ,
424 880 472 906 καὶ
488 880 536 907 ἐὰν
552 881 590 916 μὴ
606 881 784 916 προσέχωμεν
797 901 804 913 ,
822 881 959 916 ἐμπεσού-

177 924 248 958 μεθα
262 926 318 957 τοῖς
332 925 378 952 τοῦ
394 925 517 953 διαϐόλου
535 927 664 958 δικτύοις,

212 966 256 1003 ιη’.
280 969 347 1003 Περὶ
365 969 527 1004 Θελημάτων
546 970 670 1002 οἰκείων,
685 971 732 997 καὶ
746 971 894 1006 ἀλλοτρίων
913 971 961 997 καὶ

177 1013 253 1039 ποῖον
268 1013 374 1048 θέλημά
385 1015 458 1041 ἐστιν
470 1014 581 1048 ἀγαθὸν,
591 1015 638 1041 καὶ
647 1017 721 1041 ποῖον
732 1015 778 1042 τοῦ
789 1015 960 1041 ὑπεναντίου·

176 1058 224 1084 καὶ
238 1059 279 1085 ὅτι
291 1059 326 1085 τὰ
339 1061 409 1086 κατὰ
421 1060 556 1095 σαρκικὴν
573 1061 726 1087 ἀνάπαυσιν
741 1061 881 1095 γινόμενα,
894 1061 961 1095 ἡμέ-

176 1112 244 1138 τερα
259 1104 401 1139 θελήματά
411 1106 475 1136 εισι,
487 1105 521 1132 τὰ
530 1106 557 1132 δὲ
574 1106 612 1140 μὴ
627 1105 750 1139 τοιαῦτα,
766 1107 833 1133 ἀλλὰ
848 1107 918 1134 κατὰ
932 1107 963 1133 τὸ

177 1148 283 1182 Θέλημα
300 1149 352 1174 τῶν
368 1149 448 1176 Οείων
461 1150 577 1184 Γραφῶν
591 1150 732 1185 γινόμενα,
746 1151 832 1178 ταῦτα
847 1152 901 1178 εἰσι
915 1152 963 1178 τοῦ

176 1193 254 1220 Θεοῦο
269 1194 316 1220 καὶ
330 1194 371 1220 ὅτι
382 1195 406 1220 οἰ
424 1195 452 1220 ἐν
468 1196 523 1226 τοῖς
542 1196 745 1230 μοναστηρίοις,
759 1195 775 1230 ἢ
791 1196 820 1222 ὲν
834 1197 895 1227 ταῖς
908 1197 962 1223 τῶν

177 1238 318 1273 κοσμικῶν
340 1239 490 1272 ὑποταγαῖς
515 1239 552 1274 μὴ
571 1239 768 1274 προσέχοντες,
787 1239 872 1266 πολλὰ
894 1249 962 1274 προ-

177 1283 258 1318 φάσει
272 1283 422 1318 ὑποταγῆς,
437 1285 483 1310 καὶ
498 1284 631 1319 ὑπακοῆς,
648 1286 694 1311 καὶ
711 1286 832 1321 ἑκκοπῆς
842 1286 962 1322 051qu-

176 1336 231 1355 των
245 1329 445 1364 προκόπτουσιν
456 1349 463 1362 ,
487 1329 503 1364 ἢ
529 1329 629 1364 μᾶλλον
645 1331 748 1361 εἰπεῖν,
767 1330 805 1365 τῷ
828 1331 943 1366 διαϐόλῳ
954 1352 961 1363 ,

179 1374 225 1400 καὶ
239 1374 294 1405 τοῖς
304 1373 395 1408 ἔργοις
407 1375 490 1404 αὑτοῦ
508 1375 715 1402 ὑποτάσσονταν
732 1377 778 1403 καὶ
793 1377 834 1403 ὅτι
849 1377 893 1404 διὰ
908 1378 962 1404 τῶν

176 1418 367 1455 ἀμελεστέρων
388 1420 413 1446 oi
433 1420 571 1447 σπουδαῖοι
591 1421 747 1447 πίπτουσιν.

213 1506 255 1534 ιϐ’.
274 1508 341 1542 Περὶ
354 1508 457 1542 ἀγαθοῦ
478 1508 646 1543 θελήματος,
663 1509 703 1534 ὅτι
717 1510 731 1534 ὁ
746 1509 829 1536 ποιῶν
845 1510 910 1536 αὐτὸ
932 1511 962 1536 οὑ

1011 287 1083 322 quod
1100 295 1180 315 merae
1197 287 1385 315 fornicationis
1399 287 1519 314 valerem
1545 287 1626 314 habet
1641 286 1805 314 iuvolunta-ﬁ

1011 334 1080 361 rium
1094 334 1281 360 homicidium.

1047 379 1090 406 16.
1116 379 1152 406 De
1172 379 1348 413 simplicitate
1363 384 1389 406 et
1403 381 1522 405 candore
1539 387 1546 404 τ
1564 383 1589 404 et
1604 378 1677 413 quod
1693 379 1798 413 simpli-

1011 424 1081 450 citas
1098 428 1140 451 est
1162 431 1215 450 non
1242 424 1364 458 cogitare
1380 424 1482 450 malum
1505 424 1538 450 de
1559 424 1661 456 aliquo,
1678 425 1797 458 pruden-

1012 472 1065 494 tem
1082 472 1171 494 autem
1187 475 1247 494 esse
1262 468 1287 494 in
1305 468 1418 499 bonum,
1431 472 1458 494 et
1472 468 1544 500 quod
1563 469 1635 493 bona
1656 472 1698 494 est
1712 466 1797 496 fraus,

1011 513 1121 547 quando
1141 512 1239 546 aliquis
1252 519 1284 538 ea
1307 512 1334 538 in
1348 512 1448 538 bonum
1464 511 1562 543 utitur;
1575 515 1602 537 et
1614 511 1687 544 quod
1703 510 1797 537 talium

1011 557 1082 584 ratio
1098 557 1240 591 prudentia
1254 561 1282 583 et
1293 556 1494 583 administratio
1514 558 1583 582 bona
1598 560 1654 589 est;
1668 561 1694 583 et
1714 563 1799 590 quan-

1012 603 1047 630 do
1062 602 1114 630 illis
1127 610 1180 629 non
1201 603 1312 634 utimur,
1330 602 1356 628 in
1372 603 1456 628 multa
1475 602 1545 628 mala
1561 601 1726 629 decidimus.

1048 647 1092 674 l7.
1107 646 1144 673 De
1162 646 1327 678 obedientia,
1339 651 1365 673 et
1379 647 1452 680 quod
1469 654 1522 673 non
1542 651 1650 680 oportet
1666 647 1807 673 adhibere

1013 700 1111 718 nomen
1147 691 1308 718 obedientiaa
1341 692 1400 719 sine
1432 692 1537 718 ratione
1564 692 1596 718 ad
1623 691 1799 718 indit-sudum

1012 737 1195 765 obedientiam
1225 737 1344 768 diabolo,
1370 738 1417 765 sed
1440 745 1537 772 parere
1571 738 1598 764 in
1635 739 1800 766 rectitudine

1013 782 1112 810 divinis
1128 781 1287 816 Scripturis,
1304 787 1331 810 et
1343 783 1415 810 seire
1426 790 1489 820 quae
1503 783 1538 810 sit
1556 783 1611 810 Deo
1633 784 1799 815 obedientia.

1012 832 1039 855 et
1060 836 1121 862 qua:
1146 828 1301 856 adversario
1319 837 1325 855 :
1342 833 1369 855 et
1393 829 1466 863 quod
1481 828 1541 856 dua:
1552 834 1616 856 sunt
1639 829 1800 855 obedientia:

1013 874 1084 902 sicut
1098 874 1199 901 dictum
1210 880 1262 906 est,
1276 879 1302 901 et
1315 875 1366 902 nisi
1379 883 1531 909 pareamus,
1550 875 1679 904 cedemus
1698 876 1725 903 lu
1741 876 1802 903 dia-

973 907 996 936 B
1011 920 1064 947 boli
1082 920 1160 947 retia.

1046 965 1090 992 l8.
1107 965 1144 992 De
1168 966 1356 993 voluntatibus
1379 967 1495 1001 propriis
1515 971 1542 994 et
1554 968 1663 1000 ahenis,
1686 972 1713 994 et
1736 975 1797 1002 quas

1010 1011 1136 1039 voluntas
1157 1011 1192 1039 sit
1209 1011 1292 1042 bona.
1311 1017 1336 1037 ct
1359 1019 1416 1045 quae
1435 1012 1470 1039 sit
1494 1012 1644 1040 adversarii
1664 1017 1714 1040 :ct
1728 1013 1801 1047 quod

1011 1064 1072 1090 qua:
1088 1057 1238 1084 secundum
1265 1057 1401 1084 carnalem
1425 1057 1632 1086 delectationem
1656 1057 1734 1089 fiunt.
1750 1066 1803 1084 no-

1012 1106 1075 1129 strae
1095 1102 1249 1130 voluntates
1271 1107 1344 1133 sunt.
1367 1109 1428 1136 qua:
1443 1107 1533 1129 autem
1556 1111 1610 1129 non
1629 1102 1798 1137 hujusmodi,

1013 1147 1061 1174 Sed
1096 1149 1246 1175 secundum
1279 1147 1435 1175 divinarum
1467 1148 1669 1182 Scripturarum
1704 1153 1801 1175 nutum

1013 1193 1091 1225 lium,
1108 1192 1153 1219 Dei
1171 1193 1323 1221 voluntates
1343 1197 1423 1226 sunt;
1443 1193 1553 1227 etquod
1576 1193 1613 1220 illi
1629 1193 1675 1227 qui
1697 1194 1723 1220 in
1742 1200 1802 1220 mo-

1013 1239 1152 1268 nasteriis.
1167 1239 1208 1265 vel
1235 1239 1261 1265 in
1287 1239 1381 1266 mundi
1408 1239 1596 1267 subordinatis
1612 1240 1729 1267 statibus
1747 1247 1801 1267 non

1013 1283 1152 1314 ohediuut.
1181 1284 1296 1310 multum
1322 1289 1453 1318 praetextu
1477 1284 1713 1312 subordinationis
1734 1286 1801 1313 ohe-

1012 1328 1119 1355 dientite
1132 1332 1160 1355 et
1168 1328 1355 1363 abnegationis
1369 1329 1394 1356 in
1412 1329 1527 1362 propriis
1538 1329 1722 1356 voluntatibus
1737 1338 1801 1364 pro-

1013 1373 1117 1402 ficiunt.
1133 1377 1181 1401 aut
1204 1373 1302 1401 melius
1327 1373 1473 1407 loquendo,
1492 1374 1601 1401 diabolo
1625 1379 1652 1401 et
1673 1375 1802 1409 operibus

1012 1418 1072 1450 ejus
1086 1418 1282 1451 subjiciuntur,
1299 1422 1325 1445 et
1345 1419 1418 1453 quod
1436 1427 1483 1453 per
1499 1426 1530 1445 ea
1547 1427 1608 1454 quae
1628 1420 1803 1454 negliguntur

1014 1462 1150 1491 ferventes
1162 1463 1272 1490 cadunt.

1051 1508 1094 1535 l9.
1112 1508 1148 1534 De
1165 1509 1235 1536 bona
1261 1509 1412 1540 voluntate,
1432 1517 1512 1543 quam
1530 1509 1575 1543 qui
1593 1509 1657 1537 facit
1672 1517 1726 1537 non
1744 1511 1803 1538 sine

177 1552 344 1588 παρέρχεται
362 1553 426 1580 ἄνευ
449 1553 578 1588 θλίψεως·
596 1555 643 1580 καὶ
656 1554 710 1585 ὅτι,
730 1554 795 1581 ὅταν
811 1555 878 1590 μετᾶ
895 1564 961 1590 προ-

1015 1552 1217 1581 dillicultatibus
1240 1559 1365 1581 versatur
1378 1565 1384 1582 ;
1398 1559 1425 1581 et
1444 1555 1527 1588 quod.
1544 1556 1654 1588 quando
1670 1563 1731 1583 cum
1756 1564 1803 1582 ar-

177 1595 275 1631 θυμίας
291 1596 357 1623 αὐτὸ
369 1597 520 1632 διέρχηται,
534 1597 584 1623 οὐκ
595 1598 754 1624 αἰσθάνεται
769 1599 817 1632 τῆς
833 1599 959 1634 θλίψεως,

176 1641 240 1668 ὅταν
255 1641 283 1668 δὲ
297 1641 437 1677 ψυχρανθῇ
453 1642 502 1676 τῆς
519 1642 684 1677 προθυμίας,
702 1643 761 1669 τότε
778 1645 824 1670 καὶ
843 1644 892 1678 τῆς
906 1645 963 1671 0).!-

176 1686 249 1720 ψεως
269 1686 445 1713 αἰσθάνεται·
473 1688 519 1714 καὶ
546 1689 609 1723 περὶ
635 1689 689 1714 τῶν
715 1689 884 1716 ἀλλοιώσεων
907 1691 961 1718 τῶν

177 1730 283 1757 πολλῶν
299 1732 353 1758 τῶν
378 1732 582 1760 ἀκολουθουσῶν
608 1734 641 1768 τῇ
666 1733 782 1769 διανοίᾳ,
805 1735 853 1762 κα)¹
877 1736 905 1761 ὲν
927 1736 960 1770 τῇ

177 1776 244 1811 εὐχῇ
274 1776 513 1811 δοκιμαζομένων*
546 1778 593 1804 καὶ
619 1778 684 1814 περὶ
716 1779 888 1813 ἐπιγνώσεως
914 1781 961 1808 τοῦ

177 1820 328 1856 θελήματος
341 1821 388 1848 τοῦ
403 1822 483 1850 Θεοῦ.

214 1866 247 1893 κ’.
262 1867 328 1902 Περὶ
345 1867 538 1902 ὲλεημοσὺνης,
553 1868 599 1894 καὶ
612 1868 671 1900 πῶς
683 1868 736 1904 χρὴ
746 1869 846 1905 ταύτην
863 1872 962 1897 ποιεῖν’

177 1913 224 1939 καὶ
237 1913 277 1939 ὅτι
290 1912 334 1938 τὸν
350 1913 388 1947 μὴ
400 1913 496 1947 ἔχοντά
509 1922 545 1944 τι,
558 1914 589 1939 οὐ
601 1915 642 1940 δεῖ
658 1916 804 1950 μεριμνᾷν,
817 1917 864 1942 καὶ
878 1925 963 1950 φρον-

177 1957 272 1988 τίζειν,
292 1958 358 1984 ἀλλὰ
379 1958 447 1992 μόνα
465 1959 594 1992 παρέχειν
611 1959 644 1985 τὰ
662 1960 726 1994 παρ’
747 1960 820 1994 αὺτῷ
835 1961 960 1995 εὑρισκό-

180 2011 265 2037 μενα’
279 2003 326 2029 καὶ
344 2003 408 2038 περὶ
427 2002 473 2028 τοῦ
492 2003 677 2038 παραϐάλλειν
696 2004 822 2038 ἀλλήλοις
834 2012 840 2018 ·
858 2005 905 2030 καὶ
921 2006 962 2032 ὅτι

178 2048 208 2074 οὑ
221 2048 274 2082 χρὴ
289 2047 352 2078 τοὺς
366 2047 499 2082 μοναχοίις
514 2048 649 2082 προφάσει
664 2048 848 2084 ἐλεημοσύνης
862 2050 962 2077 διδόναι

177 2101 204 2120 τι
219 2093 274 2124 τοῖς
292 2093 362 2119 κατὰ
372 2093 461 2127 σάρκα
478 2093 563 2125 ἰδίοις,
577 2093 645 2120 ἀλλὰ
662 2093 758 2126 ξένοις,
775 2096 902 2129 πτωχοῖς,
917 2096 963 2122 καὶ¹

179 2138 339 2173 ἁναπήροις·
353 2138 399 2164 καὶ
409 2138 448 2164 ὅτι
463 2138 493 2164 οὐ
508 2139 561 2173 χρὴ
575 2139 636 2169 τοὺς
649 2139 805 2174 ἀκτήμονας
817 2142 962 2175 μοναχοὺς,

177 2183 210 2209 ὲκ
222 2182 269 2209 τοῦ
280 2182 361 2218 ἔργον
374 2183 474 2215 αὐτῶν,
485 2183 501 2218 ἢ
516 2184 562 2209 καὶ
573 2183 626 2210 ἀπο
639 2185 726 2211 ἄλλων
742 2186 850 2220 τρόπων
863 2186 964 2213 διδόναι

177 2229 231 2254 τινὶ
250 2227 340 2263 ἔχοντι
356 2229 404 2260 τὰς
421 2229 516 2264 χρείας
531 2229 614 2255 αὑτοῦ
627 2251 633 2262 ,
649 2230 717 2257 ἀλλὰ
731 2231 838 2265 χωλοῖς,
856 2233 903 2258 καὶ
919 2242 964 2260 τυ-
981 2239 1002 2266 ι)

178 2273 267 2307 φλοις,
283 2274 331 2300 καὶ
348 2274 557 2309 ἐστερημένοις·
582 2275 629 2301 καὶ
654 2275 695 2302 ὃτι
717 2277 747 2302 οὐ
768 2277 808 2302 δεῖ
828 2278 961 2312 προφάσει

178 2318 361 2352 ἐλεημοσύνης
377 2318 477 2344 διδόναι
494 2317 555 2345 τινὰ
570 2319 598 2344 ὲν
616 2320 789 2355 μοναστηρίῳ
813 2322 941 2356 κτήματα
953 2331 960 2338 ·

178 2363 226 2389 καὶ
247 2363 310 2393 τοὺς
338 2362 392 2388 τῶν
412 2363 584 2398 ἁκτημόνων,
611 2365 659 2390 καὶ
682 2365 898 2400 ὲσταυρωμὲνων

178 2408 273 2442 κόσμῳ
285 2407 333 2442 τὴν
349 2409 506 2443 ἐπωνυμίαν
519 2409 630 2443 ἔχοντας
643 2410 684 2440 είς
697 2410 784 2437 ταῦτα
800 2410 879 2438 πάλιν
895 2412 964 2439 καθ-

179 2453 277 2486 έλκειν,
293 2454 354 2479 ἐπεὶ
369 2454 481 2488 κινδύνῳ
497 2454 656 2481 ὑπόκειται·
679 2455 726 2482 καὶ
747 2455 788 2481 ὃτι
804 2457 818 2482 ο
833 2456 964 2491 κληρικδς

178 2499 275 2531 τόκους
300 2500 433 2533 ἀπαιτῶν,
454 2500 470 2535 ἢ
497 2501 534 2537 μὴ
559 2501 644 2533 διδοὺς
662 2503 717 2533 τοῖς
736 2502 838 2528 ὲνδεέσι
864 2503 962 2529 καοαι-

183 2545 281 2579 ρείται.

216 2593 269 2617 κα’.
287 2591 348 2617 ’Ὀῖι
365 2591 489 2626 κρεῖσσόν
511 2592 585 2618 ἐστιν
603 2593 642 2623 εἰς
657 2593 720 2624 τοὺς
736 2593 854 2628 πένητας
875 2593 964 2620 διανέ-

182 2645 243 2670 μειν
259 2636 291 2662 τὰ
306 2636 472 2672 χρήματα,ῆ
487 2636 652 2672 προσφέρειν
665 2637 734 2663 αὐτὰ
752 2639 780 2663 ὲν
794 2638 964 2673 ἐκκλησίαις,

181 2683 227 2708 καὶ
243 2683 423 2713 καλλωπίζειν
446 2683 539 2714 αὖίιόις⁸
561 2683 608 2709 καὶ
630 2683 671 2709 ὅτι
690 2683 757 2718 μόνα
773 2683 808 2710 τὰ
829 2685 966 2718 ἀναγκαῖα

182 2729 348 2764 προσφέρειν
370 2728 423 2763 χρὴ
447 2729 476 2754 ὲν
505 2729 563 2759 ταῖς
590 2728 767 2763 ἐκκλησίαις,
785 2729 819 2755 τὰ
836 2729 864 2755 δὲ
885 2729 966 2756 λοιπὰ

183 2775 392 2801 καταναλίσκειν
409 2775 448 2805 εἰς
463 2775 524 2805 τοὺς
543 2774 662 2809 πένητας
674 2782 680 2790 ’
702 2775 747 2800 καὶ
765 2775 846 2802 πόσον
866 2776 966 2811 μέτρον

183 2818 236 2853 χρὴ
250 2818 348 2845 διδόναι
361 2818 415 2845 τῶν
431 2819 504 2845 ἰδίων
518 2818 676 2854 χρημάτων·
693 2819 740 2845 καὶ
755 2819 796 2845 ὅτι
809 2819 834 2845 οἱ
853 2820 967 2854 μοναχοὶ

184 2863 342 2892 ὑπόκεινται
365 2865 465 2893 διδόναι
491 2864 697 2900 ἐλεημοσύνην,
723 2865 787 2892 ὅταν
814 2865 861 2892 καὶ
890 2865 966 2892 αὐτοὶ

1016 1597 1081 1623 dore
1110 1597 1181 1624 illam
1218 1599 1378 1632 susceperit,
1403 1598 1588 1626 diﬂicultatcm
1627 1608 1681 1627 non
1706 1601 1802 1632 sentit,

1016 1642 1124 1675 quando
1141 1646 1233 1669 autem
1256 1643 1290 1670 ab
1307 1643 1407 1670 ardore
1419 1643 1561 1676 defecerit,
1576 1648 1642 1671 tunc
1661 1645 1803 1672 dillicultao

1016 1691 1069 1714 tem
1096 1688 1196 1720 sentit;
1220 1693 1247 1715 et
1267 1688 1301 1715 de
1322 1689 1521 1717 mutationibus
1543 1690 1688 1718 multarum
1710 1699 1802 1719 rerum

1016 1740 1077 1765 qua:
1103 1732 1261 1766 cogitationi
1289 1733 1479 1768 insequuntur,
1494 1739 1521 1761 et
1547 1735 1573 1761 iu
1599 1736 1723 1763 oratione
1739 1743 1802 1771 pro-

1016 1778 1130 1810 bantur;
1144 1783 1171 1805 ct
1184 1778 1217 1805 de
1229 1779 1385 1814 cognitione
1400 1779 1549 1810 voluntatis
1562 1779 1618 1808 Dei.

1050 1865 1096 1893 20.
1123 1865 1160 1892 De
1188 1865 1363 1901 eieemosyna
1390 1871 1418 1894 et
1436 1867 1574 1900 quomodo
1597 1871 1706 1902 oportet
1729 1867 1804 1896 illam

1016 1907 1106 1935 facere
1125 1917 1131 1935 ε
1149 1913 1176 1936 et
1191 1909 1262 1943 quod
1279 1918 1332 1936 non
1348 1910 1448 1945 aliquid
1464 1911 1605 1939 habentem
1622 1919 1676 1939 non
1695 1917 1804 1947 oportet

1016 1955 1127 1980 anxium
1151 1959 1178 1982 et
1196 1956 1343 1983 sollicitum
1366 1964 1438 1987 esse.
1453 1958 1499 1984 sed
1512 1958 1569 1984 sola
1594 1963 1723 1991 prwstare
1742 1966 1804 1992 qua:

1016 1998 1088 2032 apttd
1111 2007 1140 2026 se
1164 1999 1360 2033 inveniuntur;
1378 2006 1405 2027 et
1424 2001 1457 2028 de
1481 2001 1582 2028 mutuis
1609 2002 1803 2036 relationibus;

1016 2048 1044 2070 et
1065 2043 1136 2076 quod
1154 2051 1208 2071 non
1224 2049 1330 2078 oportet
1351 2046 1500 2072 monachos
1524 2047 1662 2080 'przetextu
1687 2048 1804 2074 eleemo-

1017 2095 1091 2123 syra:
1123 2088 1186 2116 dare
1214 2089 1318 2124 aliquid
1357 2090 1399 2116 his
1431 2091 1476 2124 qui
1512 2091 1660 2119 secundum
1692 2099 1803 2120 carnem

1017 2133 1132 2168 proximi
1156 2139 1230 2165 sunt.
1253 2135 1299 2162 sed
1323 2135 1445 2167 advenis.
1473 2136 1566 2170 egenis
1591 2141 1618 2163 et
1648 2137 1803 2170 debilibus;

1017 2184 1044 2206 et
1064 2180 1134 2214 quod
1153 2187 1206 2207 non
1224 2185 1329 2215 oportet
1343 2189 1476 2215 pauperes
1494 2182 1655 2214 monachos,
1669 2190 1701 2211 ex
1722 2191 1805 2218 opere

1018 2233 1078 2257 stto,
1092 2225 1133 2252 vel
1153 2226 1234 2252 etiam
1261 2226 1316 2252 alio
1342 2227 1424 2253 modo
1444 2226 1509 2254 dare
1524 2227 1562 2254 illi
1581 2228 1628 2263 qui
1643 2229 1723 2256 habet
1740 2238 1805 2258 suas

1017 2271 1205 2303 necessitates,
1230 2272 1276 2299 sed
1304 2272 1425 2303 claudis,
1448 2273 1538 2305 caecis,
1566 2278 1592 2300 et
1618 2274 1744 2302 nudatis:
1777 2279 1805 2302 et

1015 2317 1087 2352 quod
1104 2324 1158 2344 non
1178 2322 1284 2352 oportet
1305 2323 1435 2352 praetextu
1463 2319 1645 2354 elecmosynte
1660 2320 1725 2347 dare
1754 2320 1805 2348 ali-

1016 2371 1085 2398 quas
1101 2363 1267 2390 monasterio
1294 2365 1498 2398 possessiones;
1514 2369 1541 2391 et
1567 2372 1615 2392 eos
1640 2365 1686 2400 qui
1704 2373 1813 2401 paupe-l

1017 2415 1077 2435 rum
1093 2414 1120 2435 et
1131 2409 1326 2436 crucilixorum
1350 2409 1453 2436 mundo
1478 2417 1575 2437 nomen
1591 2410 1692 2438 habent
1706 2411 1739 2438 ad
1753 2411 1804 2438 ista

1019 2461 1114 2481 rursus
1136 2453 1280 2487 adducere,
1309 2454 1437 2489 quoniam
1468 2456 1618 2490 periculum
1645 2456 1754 2488 subest;
1777 2460 1806 2483 et

1016 2499 1089 2534 quod
1104 2499 1220 2527 clericus
1236 2508 1334 2528 usuras
1346 2501 1470 2535 exigens,
1483 2501 1524 2528 vel
1539 2509 1591 2528 non
1607 2501 1675 2528 dans
1699 2501 1804 2536 egenti-

1017 2545 1068 2572 bus
1083 2545 1238 2579 deponitur.

1052 2590 1096 2616 ‘2l.
1109 2590 1185 2622 Quod
1204 2591 1300 2618 melius
1316 2596 1357 2618 est
1373 2592 1399 2618 in
1417 2599 1519 2626 egenos
1535 2591 1605 2618 bona
1625 2591 1800 2622 distribuere.

1018 2644 1098 2670 quam
1115 2636 1159 2662 illa
1193 2637 1219 2663 in
1248 2637 1378 2664 ecclesias
1402 2637 1508 2671 largiri,
1531 2641 1557 2663 ct
1576 2645 1623 2664 eas
1650 2637 1801 2664 adornare:

1018 2686 1045 2708 et
1059 2685 1158 2716 quanta
1182 2689 1309 2709 mensura
1329 2686 1436 2717 oportet
1459 2683 1524 2709 dare
1545 2682 1652 2715 propria
1674 2682 1757 2715 bona,
1774 2685 1801 2708 et

1018 2727 1090 2762 quod
1100 2727 1224 2754 monachi
1234 2727 1417 2761 subjiciuntur
1429 2728 1461 2754 axl
1472 2727 1588 2754 dandam
1599 2727 1799 2762 eleemosyuam

1018 2773 1126 2808 quando
1148 2777 1174 2800 et
1189 2773 1239 2807 ipsi
1256 2773 1291 2799 ab
1318 2773 1379 2800 aliis
1399 2773 1535 2807 accipiant
1551 2777 1578 2799 et
1600 2778 1756 2803 exerceant.
1773 2777 1801 2799 et

1019 2820 1051 2846 ad
1077 2819 1138 2846 aliis
1166 2826 1243 2853 opem
1262 2818 1400 2846 ferendam
1424 2819 1534 2854 quando
1554 2823 1580 2846 et
1600 2819 1650 2854 ipsi
1681 2819 1715 2846 ab
1741 2819 1802 2846 aliis

1019 2872 1098 2900 opem
1123 2864 1269 2900 recipiant;
1289 2869 1315 2892 et
1341 2864 1413 2900 quod
1432 2865 1458 2891 iu
1477 2869 1598 2899 tempore
1621 2865 1801 2900 eleemOsynze
