2076 3158
288 170 358 202 1367

713 173 904 205 OPUSCULA
926 175 1099 207 MORALIA
1120 178 1292 208 ΙΝΕΕΒΤιἘ
1312 179 1464 210 ΑΞΤΑΤΙΞ.

1842 183 1911 215 1368

286 234 342 254 non
356 231 463 261 oportet
478 228 662 263 aceeptionem
683 229 784 258 habere
807 231 926 259 lidelium
947 237 994 259 aut
1009 233 1063 260 iuti-

1122 235 1187 268 παρ’
1200 234 1301 269 ἑτέρων
1310 235 1479 270 λαμϐάνωσι,
1495 237 1540 263 καὶ
1550 237 1732 272 ἐργάζωνται,
1747 239 1793 265 καὶ
1805 240 1908 274 ἑτέροις

286 272 397 305 tie-lium.
411 273 458 300 sed
473 274 596 300 omnium
613 274 746 302 misereri.

318 397 362 426 22.
388 398 424 426 De
444 399 607 429 facientibus
630 402 830 439 eleemosynam
849 413 881 432 ex
910 406 1043 440 injustitia
1061 416 1068 434 :

283 443 356 478 quod
370 451 424 471 non
440 445 528 472 solum
545 453 598 473 non
619 449 766 483 propitium
787 450 840 477 sibi
855 450 939 478 Deum
965 451 1070 480 faciunt

283 488 330 516 sed
348 489 446 516 iratum
475 492 562 526 magis
589 494 611 520 si
635 501 691 521 non
715 495 749 523 ab
765 496 898 530 injustitia
928 498 1068 531 recedam;

282 537 311 560 et
323 534 369 568 qui
385 535 520 564 aediﬁcant
538 538 670 566 ecclesias
686 545 712 566 et
729 543 896 570 monasteria
912 551 946 570 ex
961 544 1069 577 injusti-

284 579 330 610 tia.
347 580 441 608 eodem
467 582 652 617 subjiciuntur
673 586 788 620 judirio,
812 592 839 615 et
855 589 901 623 qui
925 590 1070 617 :editicavit

283 627 490 660 monasterium,
512 630 643 665 episcopo
660 631 712 659 loci
734 633 815 661 debet
839 635 992 663 dominium
1020 636 1068 663 de-

283 670 363 704 ferre,
379 673 461 708 etqui
478 682 532 702 non
550 675 586 703 ita
602 677 658 711 agit
670 679 890 713 reprehenditur.

316 716 362 745 25.
382 718 459 751 Quod
475 720 498 747 si
511 723 651 756 proposito
665 723 746 751 dandi
761 725 855 759 egenis
870 727 939 754 bona
953 728 1067 756 divitum

281 762 382 796 aliquis
395 764 577 800 dissipaverit,
590 775 642 796 non
659 774 769 804 peccat:
785 775 812 798 et
824 772 896 806 quod
912 778 954 800 est
972 778 1000 801 et
1016 774 1067 801 alia

281 809 381 844 saepius
405 812 446 838 via
471 812 596 847 perfectze
620 815 799 852 eleemosyna:
825 819 852 844 iu
874 819 916 846 his
930 820 988 854 qui,
1005 828 1066 848 cum

280 854 398 883 viderint
424 857 599 893 indigentem,
621 869 674 888 non
700 867 816 897 possunt
840 864 915 892 illum
930 866 1068 894 dimittere

280 907 411 935 vacuum;
437 903 484 938 qui
506 910 596 932 autem
620 907 688 935 nihil
710 909 822 937 omnino
850 912 1009 945 possident,
1033 913 1068 940 ah

279 947 340 974 aliis
366 948 507 977 laboribus
534 951 611 979 illum
636 953 806 988 dispensant,
824 956 883 984 sive
905 957 994 985 aliena
1020 966 1067 985 su-

279 997 384 1021 mentes
409 995 498 1030 palam
519 1002 566 1024 aut
589 998 670 1030 clam,
686 1000 743 1027 sive
762 1002 864 1036 aliquid
886 1003 1068 1039 suscipientes

278 1038 394 1067 chorum
417 1049 477 1076 qua:
500 1047 565 1070 sunt
586 1044 640 1072 Deo
655 1046 761 1080 oblata;
791 1052 818 1074 et
840 1049 912 1083 quod
938 1038 982 1076 illa
1006 1059 1067 1086 qua:

280 1083 336 1112 Deo
348 1090 413 1113 sunt
431 1093 602 1122 consecrata,
622 1096 649 1118 et
670 1099 730 1126 qua?
747 1098 811 1120 sunt
825 1094 858 1121 ad
877 1097 1064 1123 necessarium

279 1131 423 1159 ministerii
437 1142 527 1167 usum,
541 1135 603 1163 licet
622 1137 648 1164 in
667 1142 778 1172 egentes
805 1144 832 1166 et
846 1142 969 1175 captivos
991 1142 1066 1169 insu-

278 1184 363 1211 mere,
378 1180 467 1206 solum
489 1188 551 1207 cum
574 1184 731 1211 rationabili
754 1185 936 1220 dispositione
959 1188 1014 1222 liat,
1031 1196 1065 1216 ne

278 1221 348 1251 forte
363 1224 463 1252 bonum
483 1226 508 1253 in
525 1227 627 1254 malum
638 1229 746 1257 evadat.

311 1308 357 1336 ει.
373 1310 409 1338 De
423 1310 570 1340 dilectione
582 1317 609 1340 ct
621 1313 808 1343 benevolentia
827 1325 835 1343 :
853 1321 879 1345 et
894 1318 966 1352 quod
985 1327 1065 1346 occa-

277 1355 354 1383 sione
364 1356 518 1385 dilectionis
536 1358 687 1388 decidimus
710 1368 759 1396 per
777 1363 915 1390 carnalem
940 1364 1065 1392 dilectio-

277 1408 338 1428 nem
356 1409 372 1428 e
393 1402 538 1437 spirituali,
552 1408 579 1431 et
594 1406 667 1440 quod
689 1414 742 1434 non
758 1412 865 1442 oportet
880 1409 1022 1437 comedere
1037 1411 1063 1437 in

275 1446 399 1475 ecclesiis
419 1452 549 1482 przetextu
573 1450 735 1485 dilectionis,
760 1455 800 1480 vel
824 1454 945 1482 dormire
963 1456 989 1483 in
1010 1457 1063 1484 illis

275 1492 336 1520 siue
351 1494 529 1528 necessitate;
546 1499 574 1522 et
595 1497 667 1531 quod
682 1499 705 1524 si
718 1498 779 1531 quis
790 1499 824 1526 sit
844 1507 926 1534 supra
952 1501 1062 1529 modum

276 1538 403 1571 dilectus,
426 1545 453 1567 et
469 1547 502 1567 ex
513 1548 546 1568 eo
569 1541 596 1569 iu
625 1543 716 1570 anima
740 1544 872 1572 damnum
894 1547 1062 1582 accipiamus

275 1585 317 1612 vel
331 1592 363 1613 ex
377 1585 449 1618 aliis,
465 1592 570 1621 oportet
583 1589 675 1616 statim
691 1598 722 1617 ex
743 1590 785 1619 his
801 1592 924 1626 abscidi;
951 1597 978 1620 et
989 1594 1063 1628 quod

275 1638 330 1659 non
360 1631 396 1659 ob
424 1633 558 1661 humanas
581 1636 824 1672 cons‘derationes,
839 1639 886 1666 sed
911 1639 946 1666 ob
964 1647 1064 1675 propo-

275 1675 358 1704 situm
372 1678 427 1705 Deo
439 1679 625 1714 complaceudi
642 1686 749 1716 oportet
764 1683 878 1719 diligere
895 1685 1062 1719 proximum.

310 1767 355 1794 25.
373 1767 451 1800 Quod
473 1777 525 1796 non
544 1776 650 1805 oportet
668 1773 765 1800 ledere
778 1774 819 1801 vel
834 1775 926 1803 odisse
938 1777 1064 1811 qualem-

274 1818 385 1847 cunque
406 1813 555 1848 hominem,
580 1817 638 1843 sive
668 1817 790 1852 impium,
814 1820 871 1847 sive
893 1821 1062 1854 limreticum.

275 1856 333 1884 sive
346 1857 497 1891 ethnicum,
513 1859 570 1887 sive
585 1863 731 1890 admodum
750 1870 919 1898 peccatorcm
933 1887 940 1899 ,
954 1869 1064 1902 quando

274 1908 382 1939 tempus
397 1905 583 1939 postulaverit.
610 1912 637 1935 et
663 1916 715 1935 non
735 1909 909 1939 habuerimus
924 1920 955 1939 ex
973 1913 1005 1940 iis
1020 1914 1063 1940 ul-

273 1949 330 1976 lum
345 1951 485 1979 damnum.
509 1951 536 1979 In
552 1952 604 1980 hoc
620 1954 691 1981 enim
712 1954 796 1983 Deum
817 1957 958 1985 imitamur
974 1968 980 1986 :
1000 1967 1062 1986 cum

273 2001 364 2024 autent
380 1997 523 2032 spirituale
539 1998 671 2026 damnum
691 2001 877 2036 habuerimus,
891 2003 948 2030 sive
965 2011 999 2031 ex
1010 2013 1062 2032 no-

272 2048 331 2070 stra
357 2043 526 2076 infirmitate,
547 2045 604 2073 sive
633 2046 687 2072 alio
700 2047 798 2081 quovis
818 2049 910 2080 modo,
929 2053 993 2077 tunc
1013 2058 1063 2085 pro

272 2089 437 2118 necessitate
461 2089 597 2125 fugiamus
620 2092 655 2119 ab
672 2093 711 2119 eis
726 2111 733 2124 .
754 2101 806 2120 non
831 2094 907 2128 quasi
938 2095 1062 2123 homines

272 2135 421 2168 oderimus,
432 2136 479 2163 sed
495 2137 566 2171 quod
579 2138 674 2164 sordes
687 2138 831 2170 evitamus,
845 2147 878 2166 ne
889 2147 982 2167 eorum
993 2141 1062 2168 ami-

272 2180 337 2207 citia
357 2180 436 2208 nobis
455 2182 563 2209 occasio
587 2183 633 2209 ﬁat
653 2185 882 2218 transgressionis
900 2190 929 2212 ut
950 2187 1014 2213 olim
1035 2187 1061 2214 in

1123 280 1247 314 βοηθεῖν,
1273 280 1336 307 ὅταν
1359 281 1407 307 καὶ
1428 282 1505 308 αὐτοὶ
1524 283 1588 317 παρ’
1613 283 1715 317 ἑτέρων
1739 283 1906 318 βοηθῶνται·

1122 326 1168 352 καὶ
1182 326 1221 352 ὅτι
1233 327 1262 352 ἐν
1274 326 1363 362 καιρῷ
1376 327 1560 362 ὲλεημνσύνης
1574 329 1604 354 οὐ
1622 329 1662 354 δεῖ
1678 329 1908 363 περιεργάζεσθαι

1121 372 1244 402 πιστοὺς,
1262 372 1308 398 καὶ
1323 373 1463 404 ἀπίστους,
1482 373 1551 399 ἀλλά
1565 374 1668 404 πάντας
1684 374 1780 401 ὲλεεῖν.

1156 416 1208 452 ιβ’.
1225 417 1292 452 Περὶ
1305 417 1360 444 τῶν
1376 419 1526 445 ποιούντων
1545 419 1730 454 ἐλεημοσύνην
1746 419 1775 452 ἐξ
1789 421 1907 452 ἀδικίας

1120 462 1160 488 ὅτι
1174 463 1205 488 οὐ
1225 463 1305 497 μόνον
1324 463 1374 490 οὐκ
1389 463 1608 498 ὲξευμενίζονται
1629 465 1658 491 τὸ
1671 465 1759 496 Θεῖον,
1776 465 1844 491 ἀλλὰ
1859 467 1906 492 καὶ

1121 507 1317 542 παροξύνουσιν
1333 509 1380 535 ὲάν
1398 509 1434 544 μὴ
1449 510 1588 536 ἀποστῶσι
1607 511 1656 544 τῆς
1672 510 1794 542 ἀδικίας·
1817 511 1863 537 καὶ
1881 512 1905 537 οἱ

1121 552 1259 584 κτίζοντες
1276 554 1429 589 ’ἐκκλησίας
1452 555 1499 581 καλΙ
1523 555 1690 589 μοναστήρια
1728 555 1756 588 ἐξ
1789 556 1907 588 ἀδικίας,

1119 596 1158 630 τῷ
1172 597 1246 631 αὐτῷ
1262 597 1420 625 ὑπόκεινται
1436 599 1561 634 κρίματι,
1572 599 1618 625 καὶ
1633 599 1646 625 ὁ
1662 599 1758 630 κτίσας
1772 601 1908 634 μοναστή-

1121 651 1189 677 ριον,
1214 643 1254 677 τῷ
1272 643 1342 670 κατὰ
1361 644 1406 670 τὸν
1422 644 1505 670 τόπον
1520 645 1661 679 ἐπισκόπῳ
1683 645 1785 679 ὀφείλει
1807 645 1908 672 διδόναι

1119 689 1168 724 τὴν
1179 689 1336 724 κυριότητα,
1350 690 1396 716 καὶ
1408 691 1422 716 ό
1435 690 1472 724 μὴ
1483 690 1569 721 οὕτως
1585 690 1669 717 ποιῶν
1681 690 1834 717 εὐθύνεται.
1870 699 1874 702 ’

1155 734 1208 768 κγ’.
1226 735 1288 762 Ὅτι
1307 735 1354 762 ἐὰν
1376 735 1470 771 σκοπῷ
1486 736 1532 762 τοῦ
1547 736 1637 762 δοῦναι
1660 737 1716 767 τοῖς
1741 737 1857 770 πτωχοῖς
1873 736 1907 762 τά

1119 781 1171 816 χρή
1177 789 1248 816 ματα
1259 782 1313 808 τῶν
1324 782 1459 808 πλουσίων
1470 783 1603 818 σκορπίζῃ
1616 791 1670 814 τις,
1682 783 1730 817 οὐχ
1742 782 1907 817 ἁμαρτάνει·

1119 827 1166 853 καὶ
1181 827 1221 854 ὅτι
1245 827 1304 854 ἐστι
1325 828 1372 854 καὶ
1391 827 1473 862 ἑτέρα
1497 828 1555 859 ὁδὸς
1572 828 1702 860 πολλάκις
1718 827 1772 854 τῶν
1796 828 1908 854 τελεῗων

1119 872 1286 907 ἑλεημόνων,
1304 874 1328 899 οἱ
1343 873 1406 899 ὅταν
1422 873 1572 899 θεάσωνται
1590 874 1705 908 πένητα,
1729 874 1759 900 οὐ
1777 873 1907 900 δύνανται

1118 918 1199 944 αὐτὸν
1211 918 1373 953 ἀποπέμψαι
1389 919 1484 945 κενόν·
1501 918 1582 953 μηδὲν
1598 918 1627 944 δὲ
1645 918 1709 944 ἴδιον
1724 918 1793 949 ὅλως
1805 926 1907 951 κεκτη-

1120 964 1206 999 μένοι,
1223 965 1277 991 ἀπὺ
1299 964 1400 999 ἐτέρων
1416 964 1504 990 πόνων
1521 963 1708 998 οίκονομοῦσιν
1723 963 1804 989 αὐτὸν
1815 984 1822 995 ,
1840 962 1856 997 ἢ
1873 964 1908 988 τὰ

1118 1010 1245 1044 ἀλλότρια
1257 1009 1442 1044 λαμϐάνοντες
1453 1008 1588 1044 φανερῶς,
1600 1008 1617 1044 ἢ
1628 1009 1675 1035 καὶ
1686 1008 1820 1043 κρυφίως.
1832 1008 1848 1043 ἢ
1859 1008 1907 1034 καὶ

1117 1054 1207 1082 αὐτῶν
1229 1054 1377 1089 ἁπτόμενοι
1397 1054 1451 1081 τῶν
1469 1054 1686 1088 άνατεθειμένων
1708 1054 1784 1088 Θεῷ·
1803 1054 1850 1079 καὶ
1865 1054 1906 1079 ὅτι

1117 1099 1151 1126 τὰ
1167 1098 1343 1134 ἀφιερωμένα
1356 1098 1415 1133 Θεῷ
1426 1119 1433 1131 ,
1451 1098 1525 1133 παρὰ
1538 1098 1587 1133 τὴν
1609 1098 1765 1131 ἀναγκαίαν
1782 1099 1831 1130 τῆς
1853 1098 1908 1124 ὑπ-

1117 1144 1230 1180 ηρεσίας
1244 1144 1339 1178 χρείαν
1348 1144 1423 1177 ὅντα,
1433 1143 1536 1176 ἔξεστιν
1550 1144 1590 1175 είς
1599 1144 1728 1178 πένητας,
1744 1143 1792 1169 καὶ
1803 1144 1906 1178 αἰχμα-

1117 1190 1218 1221 λώτους
1228 1189 1448 1221 καταναλίσκειν,
1464 1189 1544 1224 μόνον
1561 1189 1630 1224 μετὰ
1644 1189 1833 1224 πνευματικῆς
1846 1189 1906 1214 δια-

1117 1235 1218 1267 θέσεως
1239 1235 1371 1269 γινέσθω,
1397 1235 1496 1270 μήπως
1513 1234 1543 1261 τὺ
1559 1235 1662 1269 ἀγαθὸν
1686 1234 1848 1269 καταπλήξῃ
1866 1235 1908 1265 εἰς

1117 1289 1184 1316 πονη
1189 1282 1245 1316 ρόν.

1152 1327 1200 1354 κδ’.
1218 1327 1285 1362 Περὶ
1299 1327 1408 1362 ἀγάπης
1437 1327 1485 1354 καὶ
1498 1326 1723 1361 φιλανθρωπίας,
1736 1326 1784 1352 καὶ
1797 1326 1854 1356 πῶς
1866 1325 1908 1351 δεῖ

1116 1373 1226 1408 ἀγαπᾷν
1243 1373 1288 1399 τὸν
1304 1373 1419 1408 πλησίον
1432 1381 1438 1387 ·
1457 1374 1505 1399 καὶ
1518 1373 1558 1399 ὅτι
1571 1373 1708 1407 προφάσει
1728 1372 1838 1406 ἀγάπης
1856 1372 1903 1397 ἐκ-

1116 1419 1253 1453 πίπτομεν
1282 1418 1326 1444 διὰ
1347 1418 1397 1452 τῆς
1422 1418 1558 1452 σαρκικῆς
1581 1419 1613 1444 ὲκ
1637 1419 1687 1453 τῆς
1716 1417 1905 1451 πνευματικῆς

1116 1465 1242 1499 ἀγάπης·
1255 1465 1303 1490 καὶ
1319 1464 1359 1490 ὅτι
1374 1464 1404 1490 οὐ
1419 1464 1459 1490 δεῖ
1475 1464 1575 1490 ἐσθίειν
1600 1464 1629 1490 ὲν
1657 1463 1816 1498 ἐκκλησίαις
1834 1471 1903 1498 προ-

1116 1509 1196 1543 φάσει
1208 1509 1331 1543 ἀγάπης,
1346 1508 1361 1543 ἢ
1377 1508 1518 1535 καθεύδειν
1535 1509 1564 1535 ὲν
1576 1508 1671 1538 αὑταῖς
1686 1507 1750 1534 ἄνευ
1768 1507 1901 1541 ἀνάγκης·

1116 1555 1163 1581 καὶ
1178 1555 1220 1581 ὅτι
1233 1554 1282 1580 ὲάν
1299 1563 1341 1586 τις
1387 1554 1448 1580 καθ’
1464 1554 1618 1589 ὑπερϐολὴν
1635 1553 1794 1588 ἀγαπητὸς,
1806 1553 1853 1579 καὶ
1874 1552 1905 1584 ἐξ

1116 1600 1198 1626 αὑτοῦ
1212 1600 1281 1626 κατὰ
1294 1599 1380 1635 ψυχὴν
1396 1599 1590 1634 βλαπτώμεθα,
1604 1599 1621 1634 ἦ
1637 1600 1682 1625 καὶ
1696 1599 1725 1631 ἐξ
1738 1599 1835 1630 ἄλλων,
1851 1598 1904 1632 χρὴ

1115 1646 1216 1677 εὐθέως
1229 1645 1380 1672 κόπτεσθαι
1398 1646 1427 1677 ἐξ
1438 1645 1537 1671 αὺτῶψ
1557 1646 1603 1671 καὶ
1618 1645 1660 1671 ὅτι
1676 1645 1726 1671 οὐκ
1742 1645 1782 1675 είς
1804 1644 1837 1670 τὰ
1855 1645 1903 1669 ἀν-

1116 1691 1240 1726 θρώπινα
1265 1691 1440 1724 καθήκοντα,
1466 1691 1533 1717 ἀλλὰ
1557 1690 1628 1716 κατὰ
1649 1690 1750 1716 σκοπὸν
1766 1690 1815 1723 τῆς
1836 1689 1904 1722 πρὸς

1115 1737 1181 1763 Θεὸν
1197 1736 1402 1770 εὐαρεστήσεως
1414 1737 1455 1762 δεῖ
1468 1736 1580 1770 ἀγαπᾷν
1594 1735 1639 1761 τὸν
1657 1735 1782 1769 πλησίον.

1151 1782 1200 1809 κε’.
1218 1782 1324 1809 ’Ότιοὺ
1349 1782 1389 1808 δεῖ
1405 1782 1575 1814 κακοποιεῖν,
1599 1780 1615 1816 ἢ
1639 1781 1728 1815 μισεῖν
1744 1779 1902 1813 οίονδήποτε

1115 1827 1268 1862 ἄνθρωπον,
1281 1826 1336 1853 εἴτε
1347 1826 1443 1860 ἀσεϐῆ,
1453 1826 1469 1861 ἢ
1481 1826 1628 1860 αἱρετικὸν,
1639 1825 1654 1860 ἦ
1668 1825 1796 1859 Ἕλληνα,
1807 1825 1823 1859 ἢ
1835 1825 1903 1855 ὅλως

1115 1874 1288 1908 ἁμαρτωλὸν,
1301 1874 1365 1899 ὅταν
1379 1872 1434 1907 ἄγῃ
1451 1872 1557 1906 καιρὺς,
1574 1872 1620 1898 καὶ
1632 1871 1682 1898 οὐκ
1695 1871 1806 1906 ἔχωμεν
1820 1879 1847 1896 τι
1873 1870 1903 1902 ἐξ

1115 1919 1205 1946 αὐτῶν
1223 1918 1333 1953 βλάϐος.
1356 1918 1401 1944 Ἐν
1414 1917 1502 1952 τούτῳ
1514 1917 1568 1952 γὰρ
1586 1916 1746 1952 μιμούμεθα
1761 1916 1806 1942 τὸν
1818 1916 1883 1942 Θεόν
1895 1925 1902 1932 ’

1114 1967 1178 1993 ὅταν
1193 1966 1221 1992 δὲ
1235 1965 1351 2000 ψυχικὸν
1366 1964 1472 1999 ἔχωμεν
1489 1964 1597 1998 βλάϐος,
1613 1963 1629 1998 ἢ
1646 1964 1678 1989 ἐκ
1695 1962 1744 1997 τῆς
1760 1962 1902 1992 ἀσθενείας

1114 2012 1202 2047 ἡμῶν,
1219 2011 1234 2046 ἢ
1256 2010 1344 2042 ἄλλως
1366 2018 1436 2041 πως,
1459 2010 1520 2035 τότε
1537 2009 1608 2035 κατὰ
1628 2009 1751 2042 ἀνάγκην
1772 2007 1902 2042 φύγωμεν

1113 2057 1161 2083 ἀπ’
1178 2057 1278 2089 αὐτῶν,
1294 2057 1344 2091 οὐχ
1357 2056 1396 2088 ὡς
1412 2055 1557 2091 μισοῦντες
1574 2054 1746 2089 ἀνθρώπους,
1765 2053 1832 2080 ἀλλὰ
1852 2052 1902 2087 τὴν

1112 2102 1203 2137 λύμην
1227 2101 1411 2137 ὑφορώμενοι,
1433 2101 1476 2128 ἴνα
1498 2100 1568 2136 μ.ὴὴ
1583 2100 1673 2126 αὐτῶν
1696 2099 1772 2134 φιλία
1791 2098 1902 2132 ἀφορμὴ

1113 2148 1226 2182 γένηται
1249 2147 1422 2182 παρανομίας
1438 2147 1504 2181 ἡμῖν
1524 2146 1594 2172 κατὰ
1611 2145 1657 2171 τὸν
1675 2145 1759 2171 πάλαι
1780 2143 1901 2178 Ἰσραὴλ,

1115 2193 1161 2219 καὶ
1183 2193 1207 2218 οἱ
1224 2192 1347 2222 θέλοντες
1366 2193 1502 2226 προφάσει
1521 2191 1677 2221 θεοσεϐείας
1698 2190 1842 2217 διεκδικεῐν
1856 2189 1902 2215 τὸν

273 2226 364 2260 Israel,
381 2232 408 2255 et
419 2228 466 2262 qui
484 2228 578 2255 volunt
593 2229 734 2263 religionis
752 2236 883 2264 prmtextu
902 2232 986 2259 Deum
1002 2234 1061 2260 vin-

1116 2238 1191 2270 Θεὸν,
1213 2238 1302 2264 οἰκεῖα
1322 2237 1395 2272 πάθη
1416 2237 1565 2272 πληροῦσιι
1582 2237 1629 2262 καὶ
1652 2236 1692 2262 ὅτι
1711 2236 1740 2262 τὸ
1763 2235 1902 2266 στενάξειν

271 2271 373 2304 dicare,
396 2273 519 2307 proprias
544 2274 684 2308 passiones
706 2275 821 2309 satiant;
845 2282 871 2303 et
890 2277 962 2311 quod
979 2286 1061 2312 super

272 2317 416 2345 haereticos
441 2318 533 2346 dolere
557 2323 583 2346 et
609 2319 661 2347 illis
684 2320 853 2353 benefacere,
871 2321 896 2349 id
926 2327 978 2354 est,
999 2331 1060 2350 vera

271 2361 392 2388 dilectio.

306 2405 352 2433 26.
370 2406 449 2439 Quod
466 2412 573 2442 oportet
588 2409 679 2443 potius
696 2410 800 2445 precari
819 2418 867 2444 pro
883 2411 986 2447 impiis,
1005 2413 1060 2441 hae-

271 2453 383 2485 reticis.
405 2453 532 2487 ethnicis,
558 2459 585 2482 et
605 2456 732 2483 omnibus
745 2458 952 2491 peccatoribus,
967 2466 993 2486 et
1007 2468 1060 2487 non

271 2499 325 2527 illis
345 2500 522 2533 maladicere;
548 2501 601 2528 hoc
625 2502 697 2529 enim
720 2502 862 2534 facientes.
891 2505 969 2532 nobis
994 2506 1061 2541 ipsis

271 2545 470 2578 benefacimus,
479 2552 506 2574 et
516 2547 601 2574 Deum
611 2548 758 2581 imitamur;
770 2550 877 2584 etquod
890 2559 944 2578 non
955 2557 1060 2586 oportet

271 2592 376 2627 precari
393 2600 442 2627 pro
457 2592 592 2621 haareticis
608 2593 660 2620 vita
680 2593 831 2628 defunctis,
848 2597 893 2624 sed
909 2605 957 2631 pro
971 2598 1060 2625 adhuc

270 2638 424 2666 viventibus
435 2640 541 2674 precari
553 2644 677 2675 oportet,
696 2645 724 2667 ut
736 2640 789 2668 illis
806 2642 851 2669 det
870 2643 1057 2681 p’mnitentiam

271 2685 342 2713 Deus
353 2685 387 2713 ad
402 2685 589 2713 divertendum
603 2686 637 2713 ab
654 2692 799 2721 errore,‘ct
812 2688 962 2716 secundum
973 2689 1058 2717 Deum

270 2731 428 2766 vivendum,
440 2732 467 2760 id
479 2732 551 2760 enim
565 2733 622 2760 vult
638 2733 722 2761 Deus.

305 2820 351 2847 27.
371 2820 514 2854 Quomodo
526 2827 633 2856 oportet
644 2823 843 2858 eleetnosyuam
859 2824 957 2858 facere,
973 2833 1060 2860 neque

273 2865 336 2892 tuba
351 2874 457 2899 cauere,
471 2873 500 2895 ut
515 2869 676 2904 hypocritte:
690 2875 715 2898 et
732 2871 803 2904 quod
821 2871 907 2899 satius
919 2877 960 2899 est
978 2873 1058 2899 henc—

1114 2282 1184 2318 ὑπὲρ
1207 2283 1363 2318 αἰρετικῶν,
1385 2283 1432 2309 καὶ
1450 2282 1606 2318 εὐεργετεῖν
1622 2281 1731 2312 αὐτοὺς,
1748 2280 1827 2307 τοῦτό
1843 2280 1901 2306 ἐστι

1112 2328 1256 2363 διόρθωσις
1270 2328 1385 2363 ἀληθής.

1147 2429 1197 2453 κς.
1215 2421 1277 2447 Ὅτι
1297 2420 1337 2446 δεῖ
1357 2420 1456 2454 μᾶλλον
1483 2419 1684 2455 ὑπερεὺχεσθαι
1706 2417 1760 2444 τῶν
1782 2416 1900 2448 ἀσεϐῶν,

1111 2467 1257 2502 αἱρετικῶν
1267 2475 1307 2500 τε,
1325 2466 1371 2492 καὶ
1392 2466 1535 2501 Ἑλλήνων,
1553 2465 1601 2492 καὶ
1619 2465 1728 2491 πάντων
1741 2463 1795 2490 τῶν
1810 2463 1901 2497 ἁμαρ-

1111 2512 1215 2544 τωλῶν,
1251 2513 1297 2538 καὶ
1333 2511 1370 2547 μὴ
1404 2511 1561 2545 ἐπαρᾶσθαι
1595 2511 1698 2540 αὐτοῖς.
1729 2508 1816 2535 Τοῦτο
1846 2508 1902 2541 γὰρ

1112 2557 1264 2589 ποιοῦντες,
1290 2556 1405 2588 ἑαυτούς
1426 2565 1457 2582 τε
1471 2555 1680 2591 εὐεργετοῦμεν,
1701 2555 1747 2581 καὶ
1769 2554 1814 2580 τὸν
1836 2554 1903 2579 Θεὸν

1113 2603 1289 2638 μιμούμεθα·
1314 2603 1361 2629 καὶ
1380 2603 1421 2630 ὃτι
1438 2603 1468 2628 οὔ
1488 2602 1529 2628 δεῖ
1555 2601 1683 2637 εὔχεσθαι
1703 2600 1774 2635 ὑπὲρ
1796 2600 1901 2634 αἱρετι-

1111 2647 1167 2674 κῶν
1181 2647 1415 2683 τελευτησάντων,
1428 2647 1487 2674 ἀλλ’
1503 2646 1542 2673 ἔτι
1559 2646 1669 2678 ζώντων
1681 2645 1734 2681 χρὴ
1749 2644 1901 2679 ὑπερεῖχε-

1112 2693 1182 2723 σθαι,
1199 2694 1272 2724 ὅπως
1287 2693 1324 2728 δῷ
1341 2694 1432 2725 αὐτοῖς
1458 2693 1604 2728 μετάνοιαν
1617 2693 1631 2718 ὁ
1647 2692 1712 2723 Θεὸς
1730 2692 1770 2722 εἰς
1788 2691 1818 2716 τὸ
1839 2691 1900 2716 ἐπι-

1113 2737 1227 2771 στρέψῃ
1242 2737 1296 2762 ἀπὸ
1319 2737 1367 2770 τῆς
1384 2737 1499 2772 πλάνης,
1516 2737 1564 2763 καὶ
1578 2736 1650 2763 κατὰ
1667 2735 1732 2762 Θεὸν
1744 2735 1804 2770 ζῇν·
1822 2733 1902 2759 τοῦτο

1114 2784 1165 2818 γὰρ
1179 2784 1192 2809 ὁ
1204 2783 1270 2814 Θεὸς
1287 2782 1369 2809 θέλει.

1147 2826 1197 2858 κζ’.
1221 2827 1316 2859 Ὅπως
1330 2827 1383 2863 χρὴ
1398 2827 1447 2863 τὴν
1471 2827 1659 2863 ἐλεημοσύνην
1682 2827 1782 2858 ποιεῖν,
1798 2825 1846 2853 καὶ
1862 2824 1899 2859 μὴ

1113 2873 1264 2908 σαλπίζειν,
1286 2873 1383 2907 ὥσπερ
1397 2874 1420 2900 οί
1443 2873 1612 2904 ὑποκριταί·
1632 2873 1679 2900 καὶ
1704 2873 1744 2900 ὅτι
1772 2871 1899 2907 κρ;ἰςσὸν
