2076 3158
215 201 285 233 1369

566 200 946 232 INTERPRETATIONES
968 202 1190 232 DlViNORUM
1211 203 1290 233 MAN
1296 203 1491 234 DATORUM.

1770 206 1838 239 1370

213 259 287 285 ἔστιν
302 258 477 292 ἀγαθοποιεῖν
499 265 572 289 τινα,
595 257 648 284 κᾶν
671 258 754 292 μήπω
768 258 870 289 τέλειος
940 259 997 285 ἀλλ’

1051 259 1141 286 facere
1158 259 1249 291 alicui,
1268 264 1295 286 et
1321 259 1344 286 si
1365 260 1487 287 nondum
1514 260 1649 295 perfectus
1666 261 1718 294 sit;
1733 263 1779 290 sed
1795 267 1837 290 est

213 304 286 331 ἔστιν
319 303 372 330 ὑπὸ
401 302 554 335 κενοδοξίας
584 302 724 332 ἕλκεσθαι.
755 302 771 337 ἢ
807 302 920 337 ἀμελεῖν
950 303 999 337 τῆς

214 348 310 375 ἑαυτοῦ
333 348 481 383 σωτηρίας,
506 349 554 375 καὶ
580 349 680 384 μᾶλλον
699 349 765 376 ὅταν
787 350 834 376 καὶ
855 350 959 384 ἑτέροις
982 351 998 385 ὴ

213 395 331 428 ὠφέλεια
343 394 509 429 χρησιμεύῃ.

249 440 302 475 κη’.
317 440 384 474 Περὶ
399 439 564 475 προσευχῆς,
581 440 628 466 καὶ
643 439 702 471 πῶς
720 440 773 475 χρὴ
791 439 936 474 εὔχεσθαι·
952 441 999 467 καὶ

215 486 254 513 l'm
270 485 309 520 τῷ
323 486 436 521 νήφοντι
447 485 559 511 δυνατόν
578 487 652 511 ἐστιν
667 487 696 511 ἐν
715 487 795 512 παντὶ
811 486 885 521 τόπῳ
907 487 954 512 καὶ
971 487 999 512 ὲν

218 532 296 558 παντὶ
311 531 384 565 ἔργῳ
399 531 514 557 πάντοτε
526 530 708 561 ἀδιαλείπτως
721 531 936 565 προσεύχεσθαι·
952 531 999 557 καὶ

214 577 253 604 ὃτι
278 577 323 603 τὸν
362 577 455 608 κακῶς
479 577 644 611 πράττοντα,
670 577 717 602 καὶ
739 577 845 611 πατέρα
865 576 1000 603 καλοῦντα

212 623 260 649 τὸν
284 622 350 648 Θεὸν
371 623 399 648 ἐν
415 623 447 657 τῇ
471 622 548 656 εὐχῇ,
563 623 576 648 ό
603 622 780 656 καταχθόνιος
800 623 813 648 ό
832 623 886 648 τῶν
906 623 1000 649 κακῶν

212 668 378 703 δημιουργὸς
404 668 463 694 υἱὺν
503 668 645 702 κέκτηται,
680 667 728 693 καὶ¹
772 667 863 702 πατὴρ
895 667 998 694 ἑκείνου

212 714 297 740 ἐστίν.

248 760 299 786 κθν.
315 759 404 790 Τύπος
423 758 646 793 προσευχῆς,καὶ
658 757 779 792 διαγωγὴ
794 757 976 793 ἁναχωρητῶν
991 766 997 773 ·

212 803 260 830 καὶ
285 804 326 830 ὅτι
349 804 510 838 ἀνάρμοστα
531 803 636 833 τούτοις
653 802 687 828 τὰ
712 803 740 828 ὲν
759 803 819 834 ταῖς
841 802 999 837 ἐκκλησίαις

213 849 379 884 ψαλλόμενα,
393 849 449 874 είτε
465 846 537 883 ἦχοι,
555 848 609 873 εἴτε
622 849 759 883 τροπάρια
772 856 778 863 ·
800 848 847 874 καὶ⁴
859 849 901 874 ὅτι
917 848 999 882 όδίχα

213 894 380 929 χειροτονίας
403 895 460 925 τοϊς
483 893 614 924 τοιούτοις
632 893 776 928 ἐγχειρῶν,
799 893 942 920 ὑπόκειται
959 893 998 928 τῷ

215 939 298 973 ὲγκλή
305 947 381 973 ματι.

249 982 281 1010 λ’.
297 984 388 1014 Τύπος
403 983 557 1018 προσευχῆς
572 984 627 1014 τοῖς
641 984 669 1009 ἐν
681 982 800 1018 συνοδίᾳ,
816 983 863 1009 καὶ
875 982 997 1018 διαγωγῇ

212 1028 267 1055 τῶν
280 1029 308 1055 ὲν
330 1028 490 1063 ἐκκλησίαις
508 1029 699 1063 συναγομένων
711 1036 718 1044 ·
733 1029 780 1056 καὶ
793 1029 835 1055 ὅτι
850 1030 899 1064 οὐχ
914 1030 1000 1063 ἁρμό-

213 1073 255 1105 ζει
273 1076 331 1105 τοῖς
356 1074 552 1109 συναγομένοις
574 1073 608 1100 τά
631 1074 686 1100 τῶν
705 1074 890 1109 ἀναχωρητῶν
916 1075 1000 1109 πράτσι

214 1128 284 1152 τειν,
298 1120 336 1151 ὡς
351 1120 411 1146 οὐδὲ
423 1120 538 1152 ἐκείνοις
552 1120 587 1146 τά
601 1120 715 1153 τούτων,
732 1120 800 1147 ἀλλὰ
815 1120 885 1146 κατὰ
896 1120 999 1147 δίκαιον

213 1165 295 1199 λόγον
318 1167 351 1201 τῇ
376 1165 522 1201 ψαλμῳδίξι
562 1165 724 1200 κεχρῆσθαι,
751 1165 789 1200 μὴ
815 1166 907 1201 μέντοι
932 1165 1000 1200 πρὸς

212 1211 336 1246 κραυγὴν
352 1211 530 1242 ἐκϐιάζεσθαι
548 1211 597 1246 τὴν
617 1211 709 1245 φύσιν,
729 1212 796 1238 ἀλλὰ
818 1211 935 1246 σεμνῶς,
955 1212 1000 1238 καὶ

213 1256 282 1282 κατὰ
305 1257 340 1283 τὰ
366 1256 426 1283 Θεία
448 1256 527 1290 λόγια
545 1257 685 1288 εὺλαὸὦς·
714 1257 761 1283 καὶ
784 1257 825 1283 ὅτι
855 1257 917 1287 τοῦς
948 1257 997 1291 μὲν

214 1302 297 1336 ἱερεῖς
309 1302 460 1336 ψάλλοντας
473 1303 607 1334 ἀνοίκεια,
621 1303 668 1329 καὶ
682 1303 719 1338 μὴ
735 1303 914 1337 τετυπωμένα
926 1302 1002 1337 παρά

214 1345 268 1372 τῶν
291 1345 372 1372 θείων
387 1347 528 1382 Πατέρων,
545 1347 561 1382 ἢ
577 1347 816 1379 ἀναγινώσκοντας
834 1348 877 1373 ὲτι¹
900 1348 1000 1381 ἐκκλη-

215 1390 287 1422 σίας,
306 1392 331 1418 oi
346 1392 413 1418 Θεῖοι
434 1392 546 1424 κανόνες
569 1392 741 1427 καθαιροῦσι,
765 1393 827 1423 τοὺς
850 1392 877 1418 δὲ
893 1392 1000 1423 λοιποὺς

213 1436 444 1471 ἁναθεματίζουσι
456 1446 463 1453 ·
478 1439 526 1465 καὶ
542 1438 582 1464 ὅτι
599 1438 630 1464 οὑ
650 1438 701 1473 χρὴ
724 1439 752 1463 ὲν
769 1438 849 1464 παντὶ
865 1438 940 1472 τόπῳ
953 1438 1002 1471 τὴν

213 1481 289 1507 θείαν
311 1483 498 1518 προσκομιδὴν
521 1483 642 1509 ἐκτελεῖν
656 1491 661 1497 ⁸
682 1483 729 1508 καὶ
744 1484 784 1509 ὅτι
799 1483 829 1508 οὐ
846 1483 898 1517 χρὴ
917 1491 1002 1509 κατα-

215 1528 323 1561 φρονεῖν
339 1527 393 1554 τῶν
419 1528 566 1561 συνάξεων,
594 1528 641 1554 καὶ
666 1530 752 1563 χωρὶς
774 1527 886 1560 εὐλόγου
910 1528 1001 1558 αἰτίας

214 1572 463 1607 ἀπολιμπάνεσθαι.

1052 312 1066 330 a
1081 312 1149 331 vana
1167 304 1253 338 gloria
1278 305 1391 336 attrahi,
1407 310 1435 332 et
1455 306 1591 340 negligere
1607 314 1686 334 suam
1708 307 1836 341 salutem,

1051 355 1078 378 et
1097 351 1247 386 praesertim
1261 352 1369 386 quando
1384 352 1445 379 aliis
1462 352 1565 380 utilitas
1582 353 1724 387 profuerit.

1084 440 1129 467 “28.
1152 440 1188 467 De
1211 441 1334 467 Oratione
1355 445 1381 466 et
1405 441 1543 475 quomodo
1570 446 1676 476 op0rtet
1699 448 1840 470 orare:ct

1050 486 1122 520 quod
1134 486 1254 521 vigilanti
1271 486 1400 520 possibile
1415 491 1457 513 est
1473 487 1583 514 inomni
1603 488 1708 519 loco,et
1723 489 1749 514 in
1764 488 1838 515 omni

1050 540 1132 566 opere
1155 532 1253 566 ubique
1278 532 1338 559 sine
1365 532 1567 560 intermissione
1584 541 1682 566 orare;
1711 538 1738 560 et
1767 534 1839 568 quod

1050 578 1121 604 male
1137 583 1272 612 agentem,
1291 583 1317 604 et
1342 584 1446 612 patrem
1465 583 1605 605 vocantem
1629 578 1712 606 Deum
1728 579 1756 606 in
1775 588 1840 605 ora-

1051 623 1133 655 tione,
1158 623 1353 650 subterraneus
1380 623 1516 652 malorum
1548 629 1643 652 auctor
1665 625 1749 651 [ilium
1767 625 1839 651 obti-

1051 673 1105 699 net,
1120 673 1146 694 et
1167 668 1238 694 illius
1254 672 1332 702 pater
1351 673 1404 695 est.

1083 754 1128 782 29.
1145 755 1246 789 Regula
1254 755 1395 786 orationis,
1408 759 1432 781 ct
1445 755 1580 782 institutio
1590 756 1815 783 anaehorctarum
1830 766 1836 783 τ

1049 805 1076 826 et
1091 800 1163 834 quod
1181 800 1363 827 discordantia
1375 801 1409 826 ab
1422 801 1475 827 illis
1490 809 1550 835 qua:
1573 801 1599 827 in
1622 801 1747 828 ecclesiis
1769 802 1840 835 psal-

1049 845 1153 877 luntur,
1175 846 1231 872 sive
1245 846 1348 880 hymni,
1362 846 1418 872 sive
1437 847 1575 880 troparia,
1590 851 1616 873 et
1633 848 1704 882 quod
1727 847 1771 873 ille
1793 849 1840 881 qui

1051 892 1109 919 sine
1133 892 1304 919 ordinatione
1329 891 1426 918 talibus
1455 899 1484 918 se
1527 891 1663 919 innniscct
1696 893 1840 927 subjicitur

1019 938 1037 965 Β
1051 937 1145 971 culpre.

1085 981 1130 1008 50.
1144 980 1243 1015 Regula
1264 981 1396 1007 orationis
1412 981 1455 1007 his
1468 981 1514 1015 qui
1534 981 1560 1007 in
1587 985 1721 1008 concentu
1737 986 1762 1008 et
1776 989 1842 1008 corr-

1049 1026 1191 1054 suetndine
1206 1031 1270 1053 sunt
1282 1031 1506 1060 congregatornm
1522 1026 1547 1053 in
1564 1026 1685 1053 ecclesiis
1709 1031 1751 1053 :et
1767 1028 1839 1061 quod

1050 1079 1103 1098 non
1121 1071 1247 1098 Convenit
1266 1072 1437 1105 congregatis
1454 1078 1515 1105 qua!
1530 1075 1594 1098 sunt
1611 1073 1839 1099 anachoretarunt

1050 1115 1151 1146 facere,
1170 1120 1199 1142 ut
1217 1116 1258 1142 his
1276 1124 1328 1142 non
1343 1117 1658 1150 convenitquzeillorum
1670 1121 1733 1144 Stllll
1746 1125 1839 1151 agere,

1050 1161 1096 1188 sed
1114 1161 1262 1188 secundum
1277 1161 1378 1194 justam
1397 1161 1528 1188 rationem
1545 1161 1695 1196 psaimmlia
1715 1162 1764 1192 uti,
1785 1170 1839 1188 non

1051 1210 1141 1233 tamen
1154 1206 1187 1233 ad
1205 1206 1339 1233 clamores
1354 1211 1458 1233 natura:
1475 1207 1632 1233 violentiam
1647 1206 1840 1237 faciendo,sed

1051 1249 1189 1282 decenter,
1200 1255 1226 1277 et
1237 1251 1279 1284 pie
1290 1251 1441 1277 secundum
1456 1251 1546 1278 divina
1563 1255 1715 1285 praecepta;
1732 1256 1758 1278 et
1768 1252 1841 1285 quod

1051 1297 1207 1323 sacerdotes
1223 1297 1332 1330 quidem
1347 1297 1493 1330 psallentes
1515 1297 1621 1324 iusucta
1634 1316 1640 1327 .
1657 1301 1684 1323 et
1702 1305 1762 1332 quae
1788 1305 1842 1323 non

1051 1346 1116 1368 sunt
1131 1342 1254 1369 instituta
1282 1350 1295 1369 a
1313 1343 1416 1370 sanctis
1441 1343 1579 1374 Pan-ibus,
1605 1343 1645 1370 vel
1663 1343 1784 1377 legentes
1814 1343 1841 1370 in

1051 1387 1185 1419 ccclesiis,
1200 1387 1284 1414 divini
1308 1395 1427 1415 canones
1446 1388 1603 1422 deponunt,
1619 1393 1732 1414 caeteros
1750 1391 1842 1414 autem

1053 1433 1303 1465 anathematizant;
1320 1438 1347 1460 et
1367 1433 1438 1466 quod
1463 1441 1516 1460 non
1533 1437 1641 1467 oportet
1654 1433 1764 1459 inomni
1782 1433 1841 1460 loco

1052 1477 1172 1504 divinum
1184 1478 1287 1504 cultum
1302 1486 1430 1513 peragere
1443 1487 1450 1511 ;
1461 1483 1487 1506 ct
1498 1478 1570 1513 quod
1588 1486 1642 1505 non
1655 1483 1762 1512 oportet
1774 1486 1840 1506 cou-

1054 1527 1174 1550 lemucre
1199 1524 1423 1558 congregationes
1451 1528 1478 1551 et
1502 1524 1561 1552 sine
1579 1524 1733 1551 rationabili
1757 1531 1842 1551 causa

1053 1570 1190 1597 omittere.

251 1618 302 1643 λα’.
328 1618 395 1652 Περὶ
416 1617 470 1643 τῶν
487 1617 556 1653 μετὰ
578 1618 660 1652 εὐχῆς
683 1619 712 1644 ὲν
727 1618 779 1653 όδῷ
800 1618 955 1650 ὁδευόντων,
984 1618 999 1653 ἥ

1087 1616 1131 1642 5i.
1145 1615 1181 1642 De
1196 1615 1237 1643 his
1251 1616 1296 1650 qui
1315 1623 1376 1642 cum
1402 1615 1526 1642 oratione
1548 1616 1598 1643 iter
1614 1617 1777 1651 suscipiunt,
1794 1622 1842 1644 aut

215 1661 301 1696 ἑτέρῳ
329 1663 480 1698 οἰῳδήποτε
518 1663 665 1699 πειρασμῷ
690 1664 923 1698 περιπιπτόντων·
955 1664 1001 1690 καὶ

215 1707 255 1733 ὅτι
275 1707 305 1734 οὺ
322 1707 362 1733 δεῖ
386 1708 455 1743 μόνῃ
470 1710 503 1744 τῇ
528 1709 595 1744 εὐχῇ
613 1709 736 1745 θαρρεῖν,
759 1710 805 1735 καὶ
830 1717 1001 1744 καταφρονη‹

215 1753 298 1784 τικῶς
315 1753 482 1786 διακεῖσθαι,
506 1754 558 1780 κᾶν
573 1753 649 1788 ἅγιος
664 1753 692 1791 ᾖ,
708 1755 722 1780 ό
738 1754 808 1790 ὑπὲρ
823 1754 906 1781 αὐτοῦ
927 1755 1002 1789 εὐχό-

218 1806 310 1832 μενος,
334 1798 404 1825 ἀλλὰ
424 1799 471 1825 καὶ
495 1800 545 1835 τὴν
565 1800 629 1834 παρ’
651 1800 747 1826 ἑαυτοῦ
773 1801 864 1826 πᾶσαν
883 1799 1001 1834 σπουδὴν

217 1844 376 1879 εἰσφέρειν·
402 1845 450 1871 καὶ
477 1845 517 1872 ὅτι
543 1845 596 1880 χρὴ
623 1846 670 1872 τὸν
699 1846 851 1880 πειρασμόν
877 1846 999 1879 φεύγειν,

215 1889 278 1914 ὅταν
293 1889 416 1920 κίνδυνος
430 1889 544 1925 ψυχικὸς
561 1890 591 1923 ἐξ
614 1890 697 1916 αὐτοῦ
716 1891 912 1925 προσδοκᾶται,
926 1889 973 1915 καὶ
987 1890 1001 1915 ό

216 1934 254 1968 μὴ
271 1934 356 1965 οὕτως
379 1935 463 1960 ποιῶν
487 1935 628 1961 ὑπόκειται
645 1935 684 1970 τῷ
702 1936 856 1970 ἐγκλήματι
868 1943 875 1949 ·
894 1935 942 1961 καὶ
959 1935 1000 1961 ὃτι

215 1979 292 2010 ἐλπὶς
313 1979 415 2013 ματαία
435 1979 520 2011 ἐστὶν,
544 1980 607 2005 ὅταν
633 1980 670 2015 μὴ
692 1979 939 2013 προαγωνιζόμεθα
954 1979 1001 2005 ἐπὶ

215 2024 253 2058 τῷ
271 2024 344 2059 ἔργῳ
363 2024 409 2050 τοῦ
433 2024 500 2050 Θεοῦ
512 2033 518 2040 ε
538 2025 584 2050 καὶ
607 2026 671 2059 περὶ
686 2025 817 2060 διαφορᾶς
840 2023 999 2058 μαρτύρων,

215 2070 263 2096 καὶ
284 2070 459 2105 ὁμολογητῶν
474 2079 480 2085 ·
501 2070 549 2097 καὶ
569 2071 609 2096 ὅτι
625 2070 676 2096 κᾶν
693 2071 761 2104 ἀθλῇ
779 2079 829 2103 τις,
848 2071 878 2097 οὐ
899 2079 1000 2104 στείρα-

214 2116 308 2142 νοῦται
333 2117 380 2143 ἐὰν
410 2117 447 2150 μὴ
470 2116 594 2151 νομίμως
619 2116 734 2153 ἀθλήσῃ,
757 2117 827 2142 κατά
849 2117 895 2142 τὸν
928 2116 999 2143 θεῖον

214 2160 334 2195 δηλονότι
361 2161 522 2187 ’Λπόστολον
534 2169 541 2176 ·
565 2162 613 2187 καὶ
626 2162 667 2188 ὃτι
682 2163 707 2187 οἱ
727 2161 909 2195 φυλάσσοντες
929 2162 1000 2196 ἅπερ

213 2207 401 2241 ὡμολόγησαν,
417 2207 432 2242 ἢ
449 2208 476 2233 ἐν
491 2207 529 2242 τῷ
551 2207 616 2242 θείῳ
629 2207 807 2242 βαπτίσματι,
828 2207 844 2241 ἢ
858 2208 886 2233 ὲν
900 2208 931 2242 τῇ
950 2216 999 2242 μο-

213 2252 309 2287 ναδικῇ
323 2252 456 2287 πολιτείᾳ,
471 2252 635 2286 ὀμολογηταὶ
650 2252 803 2280 καλοῦνται.

248 2298 298 2332 λβ’.
315 2298 376 2325 ὀτι
397 2299 411 2324 ό
433 2298 515 2332 εὐχὴν
538 2298 613 2332 παρά
628 2307 707 2324 τινων
724 2299 860 2333 ἐπιζητῶν
876 2298 956 2330 αὐτὸς
971 2299 998 2324 δὲ

213 2343 332 2376 ἀμελῶν,
348 2343 424 2369 οὐδὲν
438 2342 594 2377 ὠφελεῖται,
610 2342 661 2369 κᾶν
677 2343 754 2377 ἅγιος
801 2345 815 2370 ό
830 2344 977 2378 εὐχόμενος
991 2352 997 2359 ·

213 2387 262 2413 καὶ
277 2387 318 2413 ὅτι
334 2387 358 2413 οί
381 2388 418 2422 μὴ
442 2387 543 2420 καλῶς,
561 2389 607 2414 καὶ
630 2388 690 2414 κατ’
703 2389 782 2420 ἀξίαν
803 2389 934 2424 βιοῦντες,
949 2391 998 2416 οὐκ

213 2431 380 2465 ὠφελοῦνται
405 2434 438 2459 ὲκ
461 2433 507 2459 τοῦ
535 2433 614 2467 ἁγίου
641 2433 839 2469 βαπτίσματος,
868 2434 999 2465 ὡσαύτως

214 2477 275 2503 οὐδὲ
288 2479 311 2504 οἱ
328 2480 440 2512 μοναχοὶ
457 2479 505 2505 ἐὰν
521 2479 558 2514 μὴ
571 2480 631 2506 κατ’
642 2480 720 2512 ἀξίαν
734 2480 780 2507 τοῦ
795 2480 934 2515 σχήματος
951 2488 999 2506 πο-

213 2521 392 2556 λιτεύσαιντο,
408 2524 494 2556 οὕτως
512 2526 559 2551 καὶ
575 2525 602 2552 οἵ
618 2534 695 2557 τινας
719 2526 924 2561 ἰδιοποιούμενοι
945 2526 998 2552 τῶν

214 2570 299 2603 ἁγίων
320 2570 370 2596 οὐκ
392 2570 615 2605 ὠφεληθήσονται
638 2571 718 2597 πλέον
740 2571 794 2597 τῶν
827 2572 926 2603 ἄλλων,
952 2573 999 2598 καὶ

213 2616 437 2650 κολασθήσονται,
457 2616 481 2642 οἱ
503 2616 553 2650 μὲν
574 2616 664 2643 πιστοὶ
680 2617 770 2643 πλεῖον
791 2617 845 2643 τῶν
864 2617 996 2649 ἀπίστων,

211 2663 236 2688 oi
266 2662 294 2688 δὲ
329 2662 441 2697 μοναχοὶ
467 2662 557 2688 πλεῖον
589 2661 643 2688 τῶν
673 2662 742 2688 κατά
770 2663 884 2696 κόσμου,
916 2663 940 2688 οἱ
969 2663 998 2688 δὲ

215 2707 423 2742 ἰδιοποιούμενοι
449 2716 526 2739 τινας
552 2707 643 2734 πλεῖον
659 2708 713 2734 τῶν
728 2709 765 2743 μὴ
793 2708 902 2734 εἰδότων
922 2709 998 2742 παρὰ

212 2753 292 2780 τινών
322 2763 349 2781 τι
368 2753 470 2787 ἀγαθόν
483 2761 490 2769 ·
512 2754 553 2780 ὅτι
575 2755 703 2789 ἀφορμὴν
731 2754 867 2790 σωτηρίας
891 2753 998 2789 ἔχοντες

212 2796 284 2825 οὗτοι
311 2800 422 2832 πάντες,
449 2801 483 2835 τῇ
505 2799 611 2826 ὲαυτῶν
634 2800 792 2835 ἀπροσεξίᾳ,
822 2800 870 2826 καὶ
889 2802 921 2836 τῇ
948 2808 997 2826 πο-

213 2844 283 2878 νηρᾷ
307 2845 475 2880 προαιρέσει,
494 2845 608 2876 ἑαυτοὺς
633 2847 665 2880 τῇ
682 2845 791 2872 κολάσει
815 2845 975 2880 παρέδωκαν
989 2853 995 2860 ⁸

215 2891 261 2917 καὶ
283 2890 324 2916 ὅτι
345 2891 434 2923 ὀλίγος
447 2892 506 2919 λίαν
522 2892 581 2918 ἐστὶ
594 2891 648 2919 τῶν
664 2891 824 2924 σωζομένων
842 2892 856 2918 ὁ
869 2891 995 2926 ἀριθμὸς,

1052 1661 1103 1687 alia
1117 1661 1298 1696 qualicunque
1318 1662 1465 1688 testatione
1483 1667 1625 1688 versantur
1638 1670 1644 1688 :
1657 1666 1683 1688 et
1698 1662 1769 1696 quod
1787 1670 1840 1689 non

1052 1710 1160 1740 oportet
1177 1707 1234 1734 sola
1256 1707 1282 1733 in
1300 1707 1425 1734 oratione
1447 1706 1594 1739 eorrlidere,
1611 1712 1636 1734 et
1657 1708 1776 1742 segniter
1790 1708 1838 1734 im—

1053 1753 1165 1785 morari,
1178 1753 1347 1779 etsisanetns
1365 1752 1448 1779 fuerit
1464 1753 1509 1786 qui
1527 1761 1576 1787 pro
1594 1760 1624 1780 se
1648 1753 1778 1784 oraverit,
1794 1753 1840 1780 sed

1051 1797 1133 1824 etiam
1146 1805 1254 1825 onmem
1266 1805 1298 1825 ex
1316 1806 1344 1824 se
1358 1797 1490 1825 fervorem
1509 1797 1605 1825 afferre
1620 1805 1730 1825 necesse
1741 1803 1782 1825 est
1794 1807 1801 1830 ;
1814 1803 1842 1825 et

1051 1843 1122 1876 quod
1145 1847 1254 1877 opai-tet
1279 1843 1454 1870 lentatiouetn
1472 1843 1581 1877 fugere,
1603 1843 1713 1877 quando
1734 1843 1843 1877 pericu-

1051 1888 1108 1915 lum
1125 1888 1267 1922 spirituale
1285 1896 1317 1915 ex
1337 1889 1387 1915 hac
1410 1888 1509 1919 oritttr,
1529 1893 1556 1915 et
1579 1889 1625 1923 qui
1653 1896 1706 1916 non
1733 1889 1768 1915 ita
1787 1890 1842 1924 agit

1051 1932 1194 1966 subjicitur
1205 1933 1305 1966 onlpm;
1316 1938 1342 1959 et
1357 1933 1428 1966 quod
1440 1941 1501 1966 spes
1515 1941 1582 1959 vana
1598 1938 1650 1965 est,
1663 1933 1773 1967 quando
1788 1943 1840 1959 non

1053 1980 1099 2006 toti
1134 1980 1318 2006 incumbimus
1346 1980 1379 2006 ad
1397 1988 1464 2012 opus
1490 1981 1551 2013 Dei;
1577 1985 1603 2006 et
1629 1981 1662 2008 de
1688 1981 1840 2007 diil‘orentia

1052 2028 1200 2058 martyrum
1219 2029 1245 2050 ct
1259 2023 1467 2055 confessor-nm;
1486 2029 1513 2051 et
1534 2025 1606 2059 quod
1624 2025 1648 2052 si
1666 2026 1728 2060 quis
1753 2031 1841 2052 certa-

1051 2070 1129 2099 verit,
1144 2077 1197 2096 non
1229 2074 1377 2095 coronatur
1396 2069 1446 2096 nisi
1475 2070 1594 2104 lcgitime
1621 2072 1776 2101 certaverit,
1799 2080 1841 2098 se-

1051 2114 1169 2142 cundum
1195 2115 1279 2141 divini
1307 2115 1427 2148 Apostoli
1446 2115 1597 2142 evidentem
1625 2117 1796 2149 doctrinam;
1815 2123 1841 2144 et

1051 2160 1122 2194 quod
1136 2161 1161 2187 hi
1179 2161 1225 2195 qui
1240 2166 1349 2188 servant
1367 2168 1427 2195 qua:
1441 2161 1557 2188 confessi
1574 2163 1697 2194 sunt,vel
1711 2163 1736 2189 in
1749 2162 1840 2189 divino

1050 2206 1223 2241 baptismate,
1244 2208 1283 2233 vel
1298 2207 1323 2233 in
1348 2207 1500 2235 monastica
1520 2207 1711 2240 institutione,
1731 2207 1840 2234 confes-

1051 2259 1127 2279 SOI'CS
1143 2259 1287 2279 vocantur.

1087 2297 1131 2324 52.
1144 2297 1221 2330 Quod
1237 2299 1280 2324 ille
1298 2298 1343 2332 qui
1360 2299 1511 2326 orationem
1525 2298 1560 2325 ab
1573 2297 1710 2332 aliquibus
1726 2298 1837 2333 expetit,

1052 2342 1109 2376 ipse
1126 2347 1216 2370 autem
1235 2343 1347 2370 minime
1364 2349 1460 2376 curat,
1488 2343 1554 2370 nihil
1570 2343 1697 2370 utilitatis
1714 2344 1838 2378 percipit,

1050 2389 1132 2415 etiam
1150 2389 1171 2416 si
1189 2393 1299 2416 sanctus
1311 2389 1347 2416 sit
1368 2390 1414 2423 qui
1429 2395 1490 2417 orat
1505 2399 1512 2417 :
1528 2394 1554 2417 et
1577 2390 1650 2424 quod
1669 2390 1705 2416 illi
1724 2390 1769 2425 qui
1786 2398 1839 2416 non

1052 2441 1124 2463 recte
1139 2444 1188 2462 nec
1204 2437 1271 2462 bene
1290 2437 1395 2468 vivunt,
1407 2437 1506 2463 nullam
1525 2437 1669 2464 utilitatem
1687 2436 1839 2471 percipiunt

1050 2488 1064 2506 (ε
1081 2486 1175 2507 sancto
1192 2481 1366 2512 baptismate,
1383 2481 1614 2516 quemmlmodum
1642 2481 1743 2507 nullam
1755 2481 1838 2507 etiam

1051 2527 1188 2558 monachi,
1208 2527 1257 2554 nisi
1277 2528 1427 2554 secundum
1455 2533 1543 2554 status
1562 2527 1754 2562 obligationem
1773 2534 1839 2552 eon-

1050 2572 1151 2599 versali
1167 2572 1230 2604 sint,
1254 2573 1290 2599 ita
1305 2573 1461 2608 quicunque
1486 2577 1596 2600 sanctos
1616 2573 1668 2599 sibi
1686 2572 1840 2598 attribuunt

1050 2626 1103 2645 non
1132 2619 1263 2652 majorem
1288 2627 1368 2653 quam
1395 2620 1441 2646 alii
1467 2619 1611 2646 utilitatem
1628 2618 1789 2652 percipit-nt,
1812 2624 1840 2643 et

1050 2663 1198 2698 punientur
1212 2683 1219 2694 ,
1238 2664 1329 2691 ﬁdeles
1356 2665 1464 2699 quidem
1494 2663 1580 2698 magis
1601 2670 1683 2697 quam
1705 2662 1838 2692 inﬁdeles,

1050 2710 1177 2737 monachi
1197 2716 1288 2737 autem
1305 2711 1391 2745 magis
1410 2717 1491 2744 quam
1508 2709 1658 2740 saecularis,
1673 2713 1700 2735 et
1722 2708 1768 2742 qui
1786 2707 1837 2734 sibi

1050 2757 1155 2791 aliquos
1172 2757 1325 2784 attribuunt
1342 2757 1426 2791 magis
1451 2764 1533 2791 quam
1557 2756 1594 2782 illi
1611 2755 1656 2790 qui
1674 2763 1728 2782 non
1755 2762 1837 2781 nove-

1050 2807 1114 2829 runt
1129 2803 1162 2829 ab
1177 2802 1313 2836 aliquibus
1329 2803 1478 2837 quidquam
1489 2801 1567 2834 boni;
1578 2801 1650 2835 quod
1663 2800 1835 2827 occasionem

1050 2847 1144 2875 Salutis
1170 2847 1300 2874 habentes
1319 2855 1415 2874 omnes
1438 2847 1494 2879 isti,
1514 2855 1562 2874 sua
1586 2845 1694 2873 incuria
1715 2849 1742 2872 et
1767 2845 1836 2872 mala

1050 2893 1211 2925 intentione,
1228 2901 1258 2920 se
1286 2892 1459 2925 castigationi
1487 2896 1687 2928 exposuerunt;
1714 2895 1740 2919 et
1764 2890 1835 2926 quod
