2076 3158
242 196 305 228 1371

660 199 857 231 OPUSCULA
874 201 1047 231 MORALIA
1067 203 1241 233 INCERT/E
1261 205 1415 236 [ΕΤΑΤΙΞ.

1790 205 1859 237 1372

240 265 340 292 οπως
352 257 498 285 admodum
514 261 556 285 est
574 258 740 285 salvatorum
757 267 897 289 numerus.
915 261 987 287 sicut
1000 265 1024 287 et

1077 262 1169 294 καθὼς
1185 263 1232 289 καὶ
1249 264 1263 290 ὁ
1277 264 1380 298 Κύριος
1395 263 1553 299 ἀπεφήνατο
1567 264 1666 297 λέγων.
1679 265 1720 291 ὅτι
1735 263 1859 297 πλατεία,

241 304 371 331 Dominus
389 304 507 331 ostendit
521 303 625 334 dicens.
641 305 715 339 quod
730 305 784 331 lata
805 309 832 332 et
847 307 965 340 spatiosa
981 307 1024 334 via

239 355 281 377 est
296 357 356 384 qum
371 350 447 376 ducit
473 349 505 376 ad
523 349 715 384 perditionem,
731 353 757 377 et
787 351 864 377 multi
891 357 955 378 sunt
978 352 1024 386 qui

240 396 382 422 inveniunt
396 402 474 425 eam.
497 399 571 422 arcta
589 400 679 422 autem
702 400 780 430 porta
799 400 826 423 et
841 403 955 430 angusta
983 398 1024 425 via

239 449 300 476 qum
316 441 390 468 ducit
405 441 437 466 ad
457 441 551 473 vitam,
567 445 593 468 et
608 441 690 468 Pauci
716 445 780 468 sunt
792 443 838 476 qui
856 443 959 470 intrant
979 452 1026 478 per

239 495 297 514 eam
313 495 321 520 ;
336 492 363 514 et
381 487 478 514 iterum
489 487 569 519 dixit,
586 487 667 515 Pauci
682 494 745 516 sunt
761 489 808 523 qui
828 489 982 523 salvantur;
999 495 1025 517 et

239 533 310 567 quod
327 533 362 560 illi
378 533 529 567 quicontra
543 533 583 561 fas
593 534 686 561 dicunt
697 534 779 561 Deum
798 535 944 569 benignum
954 543 1024 569 esse,

238 583 263 605 et
285 585 338 605 non
355 579 452 612 punire
473 587 649 613 quemquam,
671 580 806 614 imprimis
827 580 1024 618 Clu-istianum,

237 628 264 650 et
277 623 337 651 ideo
352 628 493 658 peccatum
519 631 572 651 non
593 625 686 651 volunt
701 633 839 658 amovere,
864 627 910 653 sed
929 635 1026 654 secure

237 669 388 703 ambulant,
404 671 547 697 Dominum
565 671 722 698 mendacem
739 677 847 699 vocant.

271 759 317 786 53.
335 759 371 786 De
403 759 545 786 voluntate
572 759 695 794 placendi
723 760 880 787 hominibus
893 764 920 787 et
939 761 1026 795 hypo-

237 804 302 831 crisi
321 816 325 831 ι
344 809 371 831 et
386 805 458 839 quod
475 813 528 831 non
556 810 663 838 oportet
676 805 784 832 studere
804 805 837 832 ad
864 805 1023 840 placendum

239 849 405 882 hominibus,
427 851 472 877 sed
486 850 558 883 Deo;
582 856 609 878 et
629 851 700 885 quod
717 851 885 886 propositum
903 852 1022 886 exquirit

238 894 309 922 Deus
325 903 357 922 an
371 896 566 930 propterillum
584 901 674 923 utrum
695 901 806 932 propter
821 897 945 925 homines
958 905 1022 932 aga-

1077 309 1124 333 καὶ
1139 309 1295 343 εὐρύχωρος
1310 309 1326 343 ἡ
1340 309 1398 340 ὁδὸς
1410 310 1425 343 ὴ
1440 309 1586 342 ἀπάγουσα
1596 309 1635 340 είς
1647 309 1696 344 τὴν
1711 309 1860 341 ἀπώλειαν,

1077 351 1123 376 καὶ
1143 352 1235 377 πολλοί
1255 354 1322 378 εἰσιν
1339 353 1363 378 ei
1384 353 1558 387 εὑρίσκοντες
1579 353 1675 387 αὐτὴν,
1694 354 1774 388 στενὴ
1794 354 1821 381 δὲ
1843 356 1860 390 ἡ

1077 395 1160 429 πύλη,
1177 397 1224 422 καὶ
1243 397 1411 432 τεθλιμμένη
1436 398 1453 432 ὴ
1478 398 1536 429 ὁδος
1556 399 1572 433 ἡ
1588 398 1734 432 ἀπάγουσα
1750 400 1790 430 είς
1813 400 1861 434 τὴν

1077 441 1158 476 ζωὴν,
1179 443 1227 468 καὶ
1247 443 1349 476 Ὀλίγοι
1365 444 1433 469 εἰσὶν
1449 444 1473 469 οἱ
1496 444 1683 478 εἰσερχόμενοι
1700 444 1734 470 δι’
1755 445 1839 478 αὐτῆς
1852 453 1860 462 ·

1076 487 1123 513 καὶ
1147 488 1227 514 πάλιν
1240 489 1361 522 εἴρηκεν,
1380 489 1480 522 Ὀλίγοι
1499 490 1523 515 οι
1545 489 1709 524 σωζόμενοι·
1726 491 1773 516 καὶ
1783 491 1822 517 ὃτι
1837 492 1861 517 οί

1078 533 1115 568 μὴ
1134 534 1205 560 κατὰ
1217 535 1247 560 τὸ
1260 534 1379 568 ἁρμόζον
1391 535 1516 568 λέγοντες
1528 537 1574 561 τὸν
1590 535 1656 561 Θεὸν
1671 536 1861 570 φιλάνθρωπον

1077 575 1157 610 εἶναι,
1176 578 1223 604 καὶ
1241 578 1277 612 μὴ
1295 579 1421 610 κολάζειν
1433 580 1504 610 τινὰ,
1523 579 1623 613 μᾶλλον
1643 580 1669 606 δὲ
1688 581 1860 616 Χριστιανὸν,

1076 623 1123 648 καὶ
1137 623 1169 648 ὲκ
1191 622 1287 648 τούτου
1307 623 1356 657 τὴν
1379 623 1518 657 ἁμαρτίαν
1542 624 1579 658 μὴ
1602 625 1757 659 βουλόμενοι
1782 626 1860 652 ἐκκό-

1076 675 1164 697 πτειν,
1181 667 1248 694 ἀλλὰ
1261 667 1346 699 ἀδεῶς
1362 668 1551 703 πορευόμενοι,
1568 669 1613 695 τὸν
1626 670 1729 704 Κύριον
1741 670 1862 705 ψεύστην

1076 711 1269 738 ἀποκαλοῦσιν.

1111 757 1160 790 λγ’.
1175 757 1242 792 Περὶ
1259 758 1516 793 ἀνθρωπαρεσκίας,
1536 759 1584 786 καὶ
1601 760 1773 795 ὑποκρίσεως
1787 769 1794 776 ·
1815 762 1863 788 καὶ

1075 802 1116 828 ὅτι
1136 803 1165 829 οὐ
1190 803 1230 829 δεῖ
1259 804 1441 837 ἀγωνίζεσθαι
1468 805 1536 839 πρὸς
1556 806 1586 831 τδ
1602 806 1730 841 ἀρέσκειν
1752 807 1860 842 ἀνθρώ-

1075 854 1146 879 ποις,
1169 847 1236 873 ἀλλὰ
1258 847 1296 883 τῷ
1326 848 1405 882 Θεῷ·
1423 849 1471 875 καὶ
1493 851 1532 876 ὁτι
1556 850 1601 876 τὸν
1625 851 1726 877 σκοπὸν
1752 851 1830 886 ζητεῖ
1847 853 1861 878 6

1075 892 1140 923 Θεὸς
1157 893 1181 918 εί
1201 893 1234 919 δι’
1252 894 1344 924 αὐτὸν,
1361 895 1378 928 ἢ
1392 894 1426 920 δι’
1442 895 1602 929 ἀνθρώπους
1615 896 1718 931 ἐργάζῃ
1731 904 1738 912 ·
1760 897 1806 923 καὶ
1820 898 1860 924 ὅτι

237 946 297 972 ιιιι·;
310 946 336 968 (ιι
350 942 421 975 quod
439 942 555 976 primam
572 943 751 970 intentionem
772 943 892 970 intuetur
906 943 1022 975 Deus,el

1076 939 1118 964 τὸν
1135 939 1242 973 πρῶτον
1261 939 1390 973 λογισμὸν
1403 941 1416 966 ὁ
1435 940 1501 972 Θεὸς
1524 940 1627 976 βλέπει,
1651 942 1699 967 καὶ
1728 942 1790 968 κατ’
1809 944 1859 969 αὑ-

236 987 386 1014 secundum
403 988 478 1014 illam
498 989 621 1015 retribuit
649 990 817 1022 mercedem;
835 995 862 1016 ct
875 991 947 1024 quod
961 990 1022 1017 illos

236 1032 281 1065 qui
308 1033 463 1063 stultitiam.
493 1034 642 1060 secundum
673 1042 801 1069 magnum
827 1034 981 1062 Simeonem
998 1039 1024 1062 et

236 1077 383 1109 Andream,
401 1078 557 1112 acquirunt,
580 1079 678 1106 divina:
710 1079 781 1112 leges
800 1080 962 1114 reprohant,
998 1084 1024 1106 ct

235 1122 362 1149 nutuibus
373 1123 461 1150 modis
479 1131 550 1151 nunc
565 1124 627 1151 talia
647 1124 800 1158 prohibent.

270 1167 316 1194 ω.
333 1166 369 1194 De
384 1172 552 1202 paupertate,
570 1173 596 1195 et
613 1169 684 1202 quod
698 1177 750 1196 non
774 1169 889 1196 distrahi
904 1177 918 1196 a
937 1170 1020 1201 curis,

236 1210 344 1237 Domini
364 1219 418 1238 non
434 1217 476 1239 est
496 1213 690 1240 irrationabilis
705 1214 830 1248 superbia
844 1234 851 1246 ,
869 1215 915 1241 sed
932 1214 1023 1241 fervor

236 1257 263 1282 in
282 1255 397 1283 Domino
415 1262 461 1284 :et
478 1258 549 1291 quod
574 1260 724 1286 ntonastica
748 1259 881 1286 institutio
904 1260 1021 1293 perfecta

235 1303 404 1337 paupertatis
417 1304 626 1338 promissionem
639 1304 733 1337 habet;
743 1310 768 1331 et
784 1306 854 1339 quod
874 1307 970 1333 melius
983 1311 1024 1333 rst

237 1349 401 1374 tnonaclium
415 1348 473 1375 fieri
488 1350 654 1383 paupertatis
663 1351 813 1377 secundum
828 1351 910 1378 Deum
928 1353 1023 1386 gratia.

236 1399 317 1426 quam
337 1392 414 1425 ligari
434 1393 600 1422 immobilem
619 1403 667 1429 per
683 1396 851 1429 materialia;
868 1401 894 1423 et
917 1397 981 1432 quid
998 1398 1023 1424 id

236 1439 356 1473 exquirit
371 1438 444 1466 Dcus
461 1447 475 1466 a
498 1442 650 1474 monachis,
669 1447 696 1469 ut
708 1442 856 1476 perfectam
874 1443 966 1470 mundi
979 1444 1025 1471 ab-

236 1485 420 1518 negationem,
436 1489 463 1512 et
482 1492 668 1521 paupertatem
685 1489 835 1515 secundum
853 1489 939 1523 ipsius
960 1497 1024 1524 pro-

237 1529 382 1556 missiones
398 1534 425 1556 et
440 1531 552 1557 consilia
565 1538 684 1563 servent,
700 1537 727 1559 et
739 1533 773 1560 ob
785 1541 843 1560 eam
863 1538 919 1560 rem
933 1534 1026 1561 multis

237 1575 326 1602 modis
339 1575 514 1604 adversarius
534 1585 581 1611 per
599 1578 745 1606 swcnlares
765 1580 906 1607 monachis
922 1580 1025 1615 profert

237 1619 308 1648 bona
336 1625 366 1648 ut
396 1621 519 1649 abnuant
544 1630 604 1658 qua:
630 1624 682 1651 sibi
711 1624 790 1652 facta:
818 1631 882 1652 sunt
908 1626 1025 1661 promis-

235 1673 336 1694 stones.

274 1753 319 1780 55.
337 1753 414 1786 Quod
440 1762 493 1781 non
516 1759 624 1789 oportet
648 1756 787 1784 doctorem
805 1757 874 1784 lucri
899 1758 1025 1792 cupidum

236 1806 309 1830 esse,
325 1799 373 1825 sed
387 1798 458 1825 sicut
472 1800 557 1834 gratis
573 1801 678 1834 accepit
697 1802 810 1835 gratiam
831 1803 915 1829 divini
938 1802 1026 1838 Spiri-

238 1849 294 1875 tus,
316 1844 474 1878 gratisaliis
499 1846 637 1872 condonet
658 1850 706 1872 :et
732 1847 805 1881 quod
829 1855 862 1874 ex
883 1848 1026 1883 discipulis

236 1894 343 1923 oportet
353 1894 479 1923 expetere
492 1891 656 1922 necessaria,
677 1895 704 1918 et
723 1899 776 1918 non
793 1900 914 1927 quaerere
930 1901 1026 1928 super-

236 1934 306 1967 ﬂua;
317 1939 344 1962 et
358 1935 430 1969 quod
449 1935 494 1962 ille
507 1936 602 1962 doctor
615 1937 661 1971 qui
673 1937 698 1963 in
707 1937 903 1973 volnptatiLus,
915 1939 1026 1967 mollitie

236 1986 263 2008 et
290 1981 394 2008 incuria
422 1982 516 2016 degit,
539 1989 592 2008 nou
618 1983 686 2017 Ipsis
713 1984 875 2010 necessariis
902 1985 1025 2012 mercede

235 2028 334 2062 dignus
349 2031 407 2060 est;
421 2031 447 2054 et
466 2028 539 2062 quod
552 2028 699 2055 admodum
711 2029 939 2063 condemnamur,
962 2035 988 2058 et
1010 2039 1024 2057 a

236 2073 458 2101 Christianorum
479 2074 567 2102 olﬁcio
580 2080 742 2102 aversantur
763 2076 808 2110 qui
827 2076 965 2111 accipiunt
985 2077 1025 2103 vel

237 2120 358 2154 praebent
383 2120 484 2154 aliquid
505 2128 554 2155 pro
573 2121 764 2152 ordinatione,
786 2126 883 2148 contra
903 2122 975 2156 quod
997 2123 1024 2148 in

236 2166 338 2192 salictis
352 2166 500 2200 Scripturis
513 2167 620 2201 legitur,
637 2167 866 2201 quemadmodum
879 2173 906 2195 et
919 2176 945 2194 tn
965 2176 1025 2195 mo-

237 2211 365 2238 naslcriis
379 2211 424 2244 qui
439 2211 551 2238 tondent
563 2211 596 2238 ah
609 2211 650 2239 his
665 2212 711 2246 qui
724 2212 891 2245 tondentur;
908 2218 935 2240 ct
950 2215 1022 2248 quod

1076 985 1122 1010 τὸν
1140 984 1255 1018 παρέχει
1278 984 1327 1016 τὰς
1353 985 1490 1019 ἀμοιϐάς·
1511 986 1558 1012 καὶ
1574 986 1614 1012 ὅτι
1637 987 1699 1017 τοὺς
1722 987 1751 1013 τὺ
1769 988 1860 1022 μωρὸν

1076 1028 1147 1054 κατὰ
1157 1029 1202 1055 τὸν
1216 1029 1302 1063 μέγαν
1310 1029 1433 1064 Συμεὼν,
1444 1031 1492 1056 καὶ
1507 1031 1631 1066 Ἀνδρέαν
1641 1032 1860 1066 ἐπιτηδεύοντας,

1074 1075 1098 1100 οἱ
1132 1074 1199 1100 Θεῖοι
1233 1075 1312 1108 νόμοι
1350 1075 1594 1110 ἀποδοκιμάζουσι,
1626 1077 1673 1103 καὶ
1702 1077 1860 1104 παντάπασι

1075 1119 1122 1146 νῦν
1151 1120 1184 1146 τὰ
1214 1121 1327 1147 τοιαῦτα
1350 1121 1510 1149 κωλύουσιν.

1109 1165 1156 1192 λδ¹.
1171 1167 1238 1201 Περὶ
1251 1167 1454 1201 ἀκτημοσύνης,
1470 1168 1516 1194 καὶ
1528 1168 1569 1194 ὃτι
1585 1168 1615 1194 τὸ
1628 1169 1812 1204 περισπᾶσθαι
1832 1170 1862 1196 ἐν

1073 1213 1129 1242 τοῖς
1144 1213 1348 1246 προστάγμασι,
1363 1213 1410 1239 τοῦ
1424 1213 1526 1248 Κυρίου
1542 1214 1592 1240 οὐκ
1606 1214 1663 1240 ἐστι
1675 1215 1860 1250 μετεωρισμδς

1074 1256 1182 1290 ἄλογος,
1198 1257 1265 1284 ἀλλὰ
1282 1258 1384 1293 σπουδὴ
1400 1259 1428 1284 ὲν
1443 1259 1537 1294 Κυρίῳ
1548 1267 1555 1275 ο
1570 1260 1618 1286 καὶ
1633 1260 1673 1286 ὅτι
1687 1261 1703 1294 ή
1728 1261 1862 1296 μοναχικὴ

1075 1300 1198 1327 πολιτεία
1213 1303 1262 1336 τῆς
1276 1302 1381 1333 τελείας
1395 1302 1590 1337 ἀκτημοσύνης
1606 1303 1662 1338 ἔχει
1679 1304 1729 1337 τὴν
1743 1305 1862 1337 ἐπαγγε-

1075 1346 1134 1372 λίαν
1148 1354 1154 1361 ·
1177 1347 1223 1372 καὶ
1246 1347 1286 1372 ὅτι
1307 1348 1433 1382 κρεῖσσόν
1457 1349 1514 1374 ἐστι
1531 1348 1697 1380 πελάζεσθαι
1717 1349 1764 1375 τδν
1780 1358 1862 1384 μονα·

1074 1391 1131 1425 χον,
1143 1391 1236 1417 ἕνεκεν
1253 1392 1302 1425 τῆς
1320 1392 1390 1418 κατὰ
1403 1392 1470 1418 Θεὸν
1488 1393 1692 1428 ἀκτημοσύνης,
1711 1394 1726 1428 ἢ
1740 1394 1860 1421 δεδέσθαι

1076 1436 1230 1470 καθήμενον
1261 1437 1305 1463 διὰ
1329 1437 1379 1468 τὰς
1404 1438 1470 1469 ὕλας
1484 1445 1491 1453 ⁸
1518 1439 1565 1464 καὶ
1588 1439 1629 1465 ὅτι
1651 1439 1731 1466 τοῦτο
1750 1439 1825 1474 ζητεῖ
1846 1440 1861 1466 ὁ

1075 1481 1141 1513 Θεὸς
1165 1482 1241 1516 παρὰ
1260 1482 1314 1508 τῶν
1341 1483 1478 1518 μοναχῶν,
1507 1484 1551 1510 ῐνα
1566 1484 1616 1517 τὴν
1635 1484 1742 1510 τελείαν
1765 1486 1862 1512 ἀπονέ-

1076 1535 1178 1561 κρωσιν
1193 1527 1239 1554 τοῦ
1257 1528 1372 1563 κόσμου,
1394 1529 1441 1555 καὶ
1455 1529 1504 1563 τὴν
1522 1529 1716 1565 ἁκτημοσύνην
1730 1531 1800 1557 κατὰ
1814 1531 1863 1562 τὰς

1077 1571 1240 1606 ἐπαγγελίας
1263 1573 1362 1604 αὐτῶν,
1387 1574 1434 1600 καὶ
1470 1575 1614 1608 ὁμολογίας
1639 1575 1788 1609 φυλάξωσι,
1815 1576 1863 1602 λαὶ

1078 1617 1122 1644 διὰ
1139 1618 1219 1644 τοῦτο
1239 1618 1283 1644 διὰ
1300 1619 1405 1644 πολλῶν
1429 1619 1539 1654 τρόπων
1554 1621 1569 1646 ὁ
1586 1621 1776 1654 ἀντικείμενος
1789 1621 1864 1654 παρά

1077 1665 1139 1695 τοὺς
1167 1665 1316 1698 κοσμικοίις
1349 1666 1405 1696 τοῖς
1425 1667 1553 1700 μοναχοίς
1570 1667 1725 1702 προσξέρει
1744 1667 1779 1693 τὰ
1794 1667 1863 1702 χρή-

1079 1716 1151 1742 ματα
1166 1708 1233 1742 πρὸς
1247 1709 1362 1744 ἄρνησιν
1376 1709 1422 1735 τοῦ
1439 1710 1544 1736 ἑαυτῶν
1560 1711 1780 1745 ἐπαγγέλματος.

1112 1752 1161 1779 λε’.
1187 1753 1247 1779 ’Ότι
1271 1754 1300 1779 οὐ
1328 1754 1380 1788 χρὴ
1406 1754 1451 1780 τὸν
1477 1755 1637 1782 διδάσκαλον
1659 1757 1862 1792 φιλοχρήματον

1077 1795 1156 1828 εἶναι,
1173 1798 1230 1824 ἀλλ’
1245 1799 1337 1834 ὥσπερ
1353 1800 1459 1834 δωρεὰν
1472 1800 1553 1826 ἔλαϐε
1568 1801 1617 1836 τὴν
1633 1802 1713 1836 χάριν
1726 1803 1772 1828 τοῦ
1790 1803 1862 1829 θείου

1077 1842 1246 1877 Πνεύματος,
1259 1844 1365 1878 δωρεὰν
1383 1845 1430 1871 καὶ
1444 1845 1609 1879 μεταδιδότω
1622 1854 1628 1860 “
1648 1847 1694 1873 καὶ
1705 1847 1746 1873 δτι
1766 1849 1797 1874 ἐκ
1809 1848 1863 1874 τῶν

1080 1888 1207 1922 μαθητῶν
1221 1889 1273 1924 χρὴ
1285 1890 1443 1917 διοικεῖσθαι
1457 1892 1484 1917 ὲν
1497 1893 1557 1923 ταῖς
1570 1893 1732 1926 ἀναγκαίαις
1745 1894 1862 1928 χρείαις,

1077 1933 1124 1959 καὶ
1141 1933 1178 1968 μὴ
1192 1932 1283 1967 ζητεῖν
1301 1935 1419 1969 περισσά
1440 1942 1448 1950 ⁶
1466 1937 1513 1963 καὶ
1529 1937 1569 1962 ὅτι
1593 1938 1606 1963 ὸ
1629 1938 1749 1973 τρυφῶν,
1772 1940 1817 1965 καὶ
1833 1940 1863 1965 ὲν

1077 1978 1168 2004 ἀνέσει
1189 1980 1236 2005 καίΙ
1265 1980 1380 2015 ἀμελείᾳ
1399 1980 1500 2014 διάγων
1515 1981 1685 2014 διδάσκαλος,
1702 1983 1762 2009 οὐδὲ
1778 1984 1862 2018 αὐτῆς

1076 2025 1126 2058 τῆς
1138 2025 1290 2058 ἀναγκαίας
1304 2028 1408 2061 χρείας,
1427 2027 1443 2061 ῆ
1464 2029 1513 2062 τῆς
1528 2028 1610 2062 τιμῆς
1622 2030 1696 2054 ἐστιν
1711 2030 1801 2061 ἄξιος·
1817 2030 1864 2056 καὶ

1077 2070 1116 2096 ὅτι
1131 2071 1233 2106 σφόδρα
1249 2072 1469 2107 κατακρίνονται,
1490 2074 1536 2100 καὶ
1557 2075 1605 2109 τῆς
1620 2075 1675 2100 τῶν
1687 2076 1709 2101 Χ
1721 2076 1863 2110 ριστιανῶν

1079 2115 1187 2150 μερίδος
1204 2116 1408 2152 ἀλλοτριοῦνται
1427 2119 1451 2144 οί
1466 2119 1660 2153 λαμϐάνοντες.
1676 2121 1722 2146 καὶ
1735 2122 1759 2147 οἱ
1791 2130 1863 2156 παρ-

1077 2161 1186 2195 έχοντες
1202 2162 1272 2196 ὑπὲρ
1287 2163 1455 2197 χειροτονίας
1464 2172 1489 2190 τι
1508 2165 1584 2199 παρὰ
1601 2165 1630 2191 τὸ
1645 2167 1704 2196 ταῖς
1719 2166 1805 2196 θείαις
1821 2167 1865 2193 δο-

1077 2207 1141 2233 κοῦν
1153 2207 1285 2242 Γραφαῖς,
1302 2208 1434 2240 ὡσαύτως
1449 2210 1502 2236 κάν
1515 2211 1572 2242 τοῖς
1585 2211 1776 2246 μοναστηρίοις
1789 2213 1863 2247 παρὰ

237 2258 328 2284 scelus
341 2257 412 2285 istud
428 2257 516 2293 majus
535 2261 575 2284 est
596 2258 706 2289 haeresi.
725 2259 912 2286 adversarium
937 2259 1023 2294 Spiri-

1076 2252 1132 2278 τῶν
1145 2252 1371 2288 ἀποκειρομένων
1384 2254 1410 2279 οί
1426 2254 1620 2289 ἀποκείροντες
1633 2264 1640 2271 ο
1656 2256 1704 2283 καὶ
1717 2257 1758 2283 ὁτι
1774 2257 1864 2291 μεῖζον

237 2306 327 2332 tus,et
343 2302 390 2336 qui
407 2302 640 2335 hisconsentiunt,
653 2303 774 2330 siclerici
785 2304 894 2338 quidem
909 2304 1021 2337 fuerint,

236 2355 250 2374 a
270 2347 370 2374 divinis
385 2349 535 2375 canonibns
554 2348 744 2382 deponuntur,
768 2350 791 2375 si
813 2357 878 2376 vero
902 2349 964 2377 laici
981 2350 1023 2377 vel

237 2393 375 2426 monachi,
398 2394 681 2426 anathematizantur,
715 2402 730 2421 a
760 2395 953 2422 communione
981 2403 1024 2423 se-

237 2439 336 2470 parati.

272 2529 316 2556 36.
327 2529 404 2562 Quod
421 2528 500 2556 noxia
515 2532 557 2556 est
570 2528 739 2555 conversatio
750 2529 945 2556 monachorum
962 2537 1023 2556 cum

239 2575 430 2602 szecularibus:
441 2575 549 2609 etquod
559 2583 611 2602 non
623 2575 712 2601 omnia
722 2582 782 2609 qua:
794 2575 871 2602 nobis
882 2575 981 2602 dantur
992 2575 1026 2601 ab

238 2621 375 2655 aliquibus
397 2621 539 2648 charitatis
567 2622 664 2656 gratia.
688 2629 721 2648 ex
748 2621 801 2648 Deo
816 2626 890 2652 sunt,
917 2622 963 2648 sed
992 2630 1024 2647 ex

238 2668 394 2694 adversario
409 2667 440 2694 ad
461 2667 567 2694 ruinam
580 2672 606 2694 et
621 2675 741 2694 errorem
758 2672 899 2699 nostrum;
923 2667 1024 2694 etenim

239 2714 341 2740 veritas
366 2713 425 2748 ipso
444 2721 498 2740 non
526 2713 614 2740 solum
636 2713 787 2744 monachis.
806 2713 852 2740 sed
868 2713 949 2740 etiam
967 2720 1026 2739 oin-

240 2761 321 2787 nilms
341 2759 505 2787 Christianis
531 2764 633 2786 arctam
656 2763 683 2785 et
699 2762 842 2794 augustam
859 2758 970 2785 tradidit
983 2759 1026 2785 fu-

241 2809 308 2832 tui-.1:
327 2807 418 2840 gloriae
432 2805 520 2838 viam;
534 2805 605 2832 unde
622 2804 753 2834 rationem
770 2805 869 2832 debent
883 2804 930 2839 qui
955 2805 1028 2832 acci-

243 2851 320 2884 piunt
337 2852 438 2886 aliquid
464 2850 606 2878 charitatis
634 2850 730 2885 gratia,
758 2855 785 2877 ct
806 2849 943 2877 debitores
964 2855 1028 2876 sunt

245 2897 398 2925 orationum
413 2906 462 2933 pro
475 2897 622 2930 dantibus;
641 2901 667 2925 ct
679 2896 749 2932 quod
768 2904 821 2924 non
844 2897 1026 2924 llCt'lOlIiltlllf.

1075 2298 1124 2332 τῆς
1136 2298 1191 2324 τῶν
1200 2300 1435 2333 πνευματομάχων
1448 2300 1581 2335 αίρέσεώς
1589 2302 1647 2327 ἐστι
1666 2302 1746 2328 τοῦτο
1757 2310 1764 2316 ·
1780 2303 1826 2328 καὶ
1839 2303 1863 2329 οἱ

1075 2344 1180 2376 τούτοις
1203 2345 1426 2377 συνευδοκοῦντες
1442 2347 1466 2372 εί
1486 2347 1535 2381 μὲν
1553 2347 1678 2382 κληριχοὶ
1700 2347 1723 2374 εί
1733 2357 1772 2378 εν,
1791 2350 1865 2382 παρὰ

1076 2389 1131 2415 τῶν
1157 2389 1238 2416 θείων
1255 2391 1376 2417 κανόνων
1393 2391 1599 2426 καθαιροῦνται,
1622 2394 1646 2419 εἰ
1670 2393 1699 2420 δὲ
1721 2394 1822 2426 λαῖκοῖ,
1847 2395 1864 2429 ἦ

1078 2435 1252 2469 μονάζοντες,
1289 2436 1545 2471 ἀναθεματίζονται,
1583 2438 1776 2474 ἀφοριζόμενοι
1813 2440 1863 2474 τῆς

1077 2481 1230 2512 κοινωνίας.

1113 2525 1166 2558 λς’.
1183 2526 1243 2552 Ὅτι
1263 2526 1383 2562 βλαϐερά
1408 2528 1482 2554 ἔστιν
1504 2530 1519 2564 ἠ
1546 2530 1688 2564 συνομιλῐα
1709 2530 1764 2556 τῶν
1783 2539 1865 2565 μονα-

1077 2571 1132 2605 χῶν
1150 2572 1218 2605 μετά
1232 2571 1286 2598 τῶν
1301 2573 1442 2607 κοσμικῶν
1454 2581 1461 2588 ⁸
1481 2575 1528 2600 καὶ
1543 2574 1628 2601 ὅτιού
1644 2575 1731 2601 πάντα
1746 2576 1780 2600 τὰ
1795 2576 1865 2601 διδό-

1079 2625 1148 2651 μενα
1169 2617 1234 2650 ἡμῖν
1258 2617 1335 2651 παρὰ
1355 2626 1436 2644 τινων
1451 2618 1531 2652 χάριν
1547 2619 1667 2653 ἀγάπης,
1690 2621 1721 2645 ὲκ
1735 2619 1780 2646 τοῦ
1799 2620 1866 2645 Θεοῦ

1078 2665 1156 2695 εἰσιν,
1174 2664 1242 2690 ἀλλὰ
1256 2664 1331 2700 παρὰ
1346 2665 1395 2691 τοῦ
1415 2665 1605 2700 ἀντικειμένου
1626 2666 1695 2700 πρὸς
1709 2667 1866 2700 δελεασμθιν,

1079 2710 1125 2736 καὶ
1138 2710 1242 2745 πλάνην
1256 2711 1334 2746 ἡμῶν
1347 2719 1354 2727 ⁵
1370 2711 1418 2737 καὶ
1433 2712 1486 2746 γὰρ
1501 2712 1597 2746 αὒτὴὴ
1614 2711 1727 2746 ἀλήθεια
1743 2712 1772 2738 οὺ
1788 2713 1868 2746 μόνον

1079 2759 1134 2786 τοῖς
1149 2758 1284 2791 μοναχῶς,
1300 2757 1366 2783 ἀλλά
1380 2757 1427 2784 καὶ
1441 2758 1507 2784 πᾶσι
1523 2759 1697 2792 Χριστιανοίς
1712 2758 1807 2792 στενὴν
1822 2759 1869 2784 καὶ

1079 2802 1261 2836 τεθλιμμένην
1285 2802 1427 2837 παρέδωκε
1447 2803 1496 2837 τῆς
1517 2803 1667 2838 μελλούσης
1690 2803 1868 2834 ἀπολαύσεως

1080 2850 1129 2883 τὴν
1143 2849 1201 2875 ὁδόν
1213 2857 1219 2864 ι
1236 2848 1297 2875 ὅθεν
1313 2850 1359 2875 καὶ
1372 2849 1451 2883 λόγον
1464 2849 1583 2876 διδόασιν
1602 2850 1626 2876 οί
1641 2850 1825 2884 λαμσά·ιοντέ;
1843 2857 1868 2876 τι

1083 2896 1161 2931 χάριν
1175 2895 1295 2930 ἀγάπης,
1307 2896 1353 2922 καὶ
1373 2895 1509 2931 χρεῶσται
1524 2897 1593 2923 εἰσιν
1605 2896 1802 2931 ὐπιρεύχεσθαι
1812 2895 1868 2922 τῶν
