2076 3158
199 180 268 213 1373

553 185 594 215 IN
596 186 890 218 TERPRETATION
893 189 938 219 ES
955 189 1037 219 DIVI
1043 189 1178 220 NORUM
1199 191 1477 224 MANDATORUM.

1754 193 1822 225 13ἷὲ

196 237 319 264 διδόντων
330 246 338 253 '
354 239 400 265 καὶ
410 239 451 265 ὅτι
466 239 516 265 οὐκ
531 239 637 272 ἔξεστιν
650 241 718 272 ὅλως
734 243 790 272 τοῖς
809 244 948 277 μοναχοῖς,
964 243 980 277 ἢ

1035 245 1187 276 monachis.
1205 246 1245 273 vel
1270 247 1448 274 sacularihus
1467 247 1576 275 clericis
1591 255 1690 276 vacare
1706 250 1824 283 negotiis

195 283 252 314 τοῖς
267 283 337 309 κατὰ
353 284 455 318 κόσμον
470 286 609 320 κληρικοῖς
627 287 767 321 σχολάζειν
783 289 851 319 ὅλως
866 290 922 320 τοῖς
935 289 981 315 τοῦ

197 328 299 362 κόσμου
316 330 476 364 πράγμασιν
491 331 507 365 ἦ
522 333 669 358 πακτεύειν
682 335 809 368 κτήματα
819 342 825 349 ·
839 336 885 360 καὶ
897 335 937 361 ὅτι
955 335 980 361 οί

197 373 264 399 θεῖοι
297 375 410 406 κανόνες
445 377 592 411 ἐπιτιμῶσι
627 380 683 408 τοῖς
720 381 896 412 φροντισταῖς
927 380 982 406 τῶν

196 419 336 449 τοιούτων,
361 421 539 455 ἐπιμένοντας
556 423 584 449 δὲ
602 425 635 458 τῇ
653 424 773 459 ἀπαθείᾳ
793 425 981 460 καθαιροῦσιν,

234 464 282 496 λζ’.
311 466 372 492 Ὅτι
399 467 429 492 οὐ
455 467 495 493 δεῖ
519 470 684 504 κατηγορεῖν
705 479 796 501 τινων,
820 470 912 496 ἕνεκεν
934 471 983 505 τῆς

198 510 350 544 ἀναγκαίας
366 513 434 548 πρὸς
453 514 483 540 τὸ
500 513 549 549 ζῇν
573 515 677 549 χρείας.
702 517 748 542 καὶ
766 517 833 551 πρὸς
854 518 917 548 τοὺς
940 517 984 543 λέ-

197 564 308 589 γοντας,
328 558 368 584 ὅτι
394 559 441 585 καὶ
461 561 536 586 αὐτοὶ
559 561 584 587 ol
609 561 763 588 διδάσκαλοι
785 562 983 597 παραϐαίνουσι

197 603 247 633 τὰς
261 604 372 635 ἐντολὰς
388 605 434 631 τοῦ
452 605 519 633 Θεοῦ
539 607 582 633 διὰ
600 608 629 634 τὸ
643 608 714 642 ἔχειν
728 609 826 639 αὐτοὺς
846 611 916 643 μετὰ
932 609 984 635 πά-

199 657 249 683 σης
265 649 409 684 ἀκριϐείας
427 652 461 677 τὰ
476 652 591 687 χρειώδη
613 652 660 679 τοῦ
679 654 805 687 σώματος
817 661 824 669 ⁶
846 655 894 680 καὶ
910 655 936 680 τί
954 655 984 680 τὸ

199 693 303 728 πρέπον
320 695 421 730 ἔνδυμα
440 697 613 732 Χριστιανοῖς
624 707 631 712 ’
653 699 701 725 καὶ
716 699 779 734 περὶ
802 699 919 734 διαίτης,
936 700 984 725 καὶ

197 739 326 772 φορεσίας
346 741 400 766 τῶν
417 742 578 776 πρεπόντων
599 745 736 778 μοναχοῖς,
755 744 802 770 καὶ
823 744 984 778 ἡγουμένοις

198 783 301 817 ἱερεῦσι
328 794 357 812 τε
383 788 430 814 καὶ
459 788 636 822 ἁρχιερεῠσι’
662 790 708 816 καὶ
733 791 774 816 ὅτι
795 790 826 816 οὺ
847 790 899 824 χρὴ
920 791 984 821 τοὺς

195 830 332 862 τοιούτους
347 833 464 867 ἱματίοις
475 834 697 866 ἐξαλλάσσεσθαι,
707 837 754 862 καὶ
766 836 832 862 ἄλλα
846 836 895 870 μὲν
909 836 984 870 ἔχειν

197 875 264 908 πρὸς
281 876 392 909 ἔνδειξιν
409 879 543 914 ἀπαντῆς,
559 881 626 907 ἄλλα
641 882 669 907 δὲ
685 881 754 908 οἴκοι
771 882 981 918 καθεζομένους,

195 920 263 947 ἄλλα
289 924 378 957 κοινῇ,
403 925 449 950 καὶ
471 925 574 952 εὐτελεῖ
601 927 679 962 στολῇ
708 928 796 963 πάντῃ
820 928 980 962 κεχρῆσθαι,

196 966 242 991 καὶ
257 967 326 1001 μήτε
342 969 579 1007 ὲσ-χηματισμένῃ,
598 974 668 1008 μήτε
682 975 759 1008 παρὰ
771 974 819 1008 τὴν
830 975 982 1007 ἀναγκαίαν

196 1011 291 1045 χρείαν
318 1013 457 1050 πολυτίμῳ
484 1018 621 1051 παρεκτὸς
645 1019 694 1052 τῆς
721 1019 858 1053 ἱερατικῆς
875 1019 922 1045 καὶ
941 1020 981 1046 ὅτι

195 1057 320 1088 τοιαύτας
338 1061 451 1093 τροφὰς,
470 1063 516 1087 καὶ
537 1063 674 1098 ἐνδύματα
696 1065 748 1099 χρὴ
765 1065 837 1099 ἔχειν
855 1065 899 1091 τὸν
912 1065 980 1100 Χρι-

197 1103 304 1128 στιανὸν
321 1102 363 1130 οἷα
378 1106 447 1131 κατὰ
460 1106 506 1132 τὸν
521 1108 613 1139 τόπον,
630 1109 658 1134 ὲν
672 1105 694 1142 ᾧ
709 1111 835 1144 παροικεῖ
848 1109 878 1136 τὸ
892 1110 982 1136 κοινὸν

199 1147 246 1173 τοῦ
278 1148 354 1180 λαοῦ,
387 1151 434 1177 καὶ
460 1152 485 1178 οι
513 1154 617 1188 πτωχοὶ
639 1155 739 1186 πάντες
761 1155 830 1181 κατὰ
861 1156 891 1181 τὸ
915 1155 981 1182 ἑκά-

196 1200 257 1218 στου
283 1195 454 1231 ὲπάγγελμα,
477 1199 596 1225 ἐσθίουσί
611 1208 640 1225 τε
659 1201 705 1226 καὶ
726 1201 874 1230 ἐνδύονται.
891 1202 981 1234 καθὼς

195 1240 242 1266 καὶ
256 1241 271 1274 ὴ
285 1241 490 1277 ἐνανορώπησις
505 1245 551 1270 τοῦ
570 1245 671 1280 Κύριου
688 1247 761 1281 ἡμᾶς
780 1247 909 1279 ἐδίδαξεν.

231 1285 281 1321 λη’.
300 1287 368 1322 Περὶ
388 1289 515 1322 πλούτου,
532 1291 577 1316 καὶ
592 1291 696 1323 πενίας,
711 1293 757 1318 καὶ
769 1293 826 1323 πῶς
837 1293 868 1327 δὴ
879 1293 981 1328 γνωρί-

196 1339 280 1365 σομεν
294 1333 327 1358 τὰ
340 1334 462 1366 τοιαῦτα,
483 1336 507 1362 εί
524 1337 556 1362 ὲκ
572 1337 638 1363 Θεοῦ
662 1338 741 1368 εἰσιν,
764 1338 780 1372 ἢ
797 1338 825 1369 ἐξ
842 1338 982 1373 ἐνεργείας

194 1377 241 1403 τοῦ
255 1380 442 1414 ἀντικειμένου
453 1389 461 1397 '
475 1383 523 1408 καὶ
539 1383 579 1409 ὅτι
593 1384 606 1409 ὁ
624 1383 652 1416 ἐξ
670 1384 776 1414 ἀδικίας
797 1383 910 1415 πλοῦτος
931 1385 981 1411 οὐκ

195 1423 267 1450 ἔστιν
283 1426 314 1452 ἐκ
329 1426 376 1452 τοῦ
392 1427 471 1457 Θεοῦ,
488 1429 535 1454 καὶ
550 1428 637 1455 ταῦτα
658 1429 708 1463 μὲν
723 1431 778 1460 τοῖς
794 1430 864 1455 κατὰ
880 1430 982 1464 κόσμον

194 1472 393 1506 γνωρίζονται·
411 1473 468 1504 τοῖς
486 1474 515 1499 δὲ
536 1474 581 1500 τὸν
601 1475 746 1509 μοναχικδν
768 1475 824 1509 βίον
843 1475 981 1510 μετιοῦσιν

194 1517 366 1551 ἀνάρμοστόν
381 1520 454 1545 ἐστιν
471 1520 503 1545 ἐκ
517 1519 618 1546 τούτων
633 1520 841 1555 διακρίνεσθαι·
857 1521 911 1547 τῶν
926 1521 980 1556 γὰρ

194 1563 321 1590 τοιούτων
344 1565 359 1599 ἠ
387 1566 539 1598 ἐπαγγελία
562 1566 611 1601 τὴν
634 1566 740 1593 τελείαν
770 1568 906 1602 πτωχείαν
934 1567 980 1594 καὶ

193 1610 386 1645 ἀκτημοσύνην
401 1612 601 1645 ἐπαγγέλλεται
615 1613 643 1638 ὲν
658 1613 759 1644 πάσαις
769 1615 830 1644 ταῖς
847 1614 978 1648 Γραφαῖς.

229 1654 276 1682 λθ¹.
290 1657 357 1691 Περὶ
365 1657 411 1683 τοῦ
426 1658 462 1692 μὴ
472 1659 591 1692 ἀκρίτως
605 1659 708 1693 κρίνειν
721 1659 766 1685 τδν
778 1659 900 1694 πλησίον,
914 1659 981 1685 καθ-

194 1701 264 1736 άπερ
294 1702 318 1727 οἱ
333 1701 486 1737 ὑποκριταὶ,
506 1706 657 1739 φαρισαῖοι,
670 1704 907 1740 καὶγραμματεῖς.
926 1704 981 1731 Καὶ

193 1747 247 1781 γὰρ
262 1749 356 1781 μεστοὶ
372 1749 426 1774 τῶν
442 1749 533 1775 κακῶν
549 1750 625 1781 ὄντες
646 1751 754 1780 ἐκεῖνοι,
772 1750 816 1776 ἐπ’
829 1750 980 1784 ἐλαχίστοις

192 1790 262 1827 ἦσαν
279 1794 388 1829 σςοδροὶ
404 1795 547 1826 ἐξετασταὶ
562 1797 631 1822 κατὰ
651 1796 705 1822 τῶν
723 1796 835 1832 ἑτέρων,
859 1796 915 1822 ἀλλ’
935 1796 979 1822 ὅτε

193 1846 235 1868 τις
248 1839 397 1874 καθαρεύει
412 1840 467 1866 τῶν
483 1842 587 1872 κακῶν,
606 1842 667 1868 τότε
682 1842 722 1868 δεῖ
735 1842 839 1876 κρίνειν
852 1842 916 1872 τοὺς
934 1841 979 1867 ὑπ’

192 1884 273 1910 αὑτὸν
295 1885 395 1919 μέντοι,
408 1888 438 1912 οὐ
460 1887 512 1920 μὴν
531 1888 593 1917 τοὺς
615 1887 733 1918 ἔξωθεν·
751 1889 798 1913 καὶ
824 1889 864 1914 ὅτι
886 1887 980 1918 κακῶς

192 1930 335 1963 νενοήκασί
348 1939 420 1962 τινες
435 1932 464 1958 το
482 1932 562 1966 ῥητὸν
577 1932 623 1957 τοῦ
634 1933 749 1966 Κυρίου,
761 1933 977 1967 ἐμπορευόμενοι

192 1974 220 2000 δὲ
248 1976 280 2000 τὶι
305 1976 435 2009 χρήματα
462 1976 505 2002 διὰ
525 1976 579 2003 τῶν
602 1977 733 2011 ἀνοήτων,
756 1978 804 2002 καὶ
823 1977 977 2011 ὲπιζημίων

194 2020 353 2053 μετανοιῶν,
365 2020 500 2054 λέγουσιν,
516 2022 556 2047 ὅτι
567 2022 597 2047 οὺ
607 2022 647 2047 δεῖ
658 2021 761 2055 κρίνειν
774 2022 845 2053 τινὰ,
862 2022 909 2048 καὶ
923 2023 980 2053 τοῖς

193 2065 339 2099 αἱρετικοῖς
356 2066 387 2091 ὲκ
402 2065 497 2091 τούτου
514 2066 683 2100 συναρίθμιοι
697 2066 831 2099 γένονται.

230 2109 266 2143 μ’.
288 2110 347 2135 Ὅτι
366 2110 395 2135 οὺ
413 2109 452 2135 δεῖ
467 2109 569 2144 κρίνειν
587 2110 649 2141 τοὺς
664 2111 746 2144 ἱερεῖς
764 2110 820 2136 εἴτε
835 2109 978 2145 δικαίωςῆ

192 2156 302 2186 ἀδίκως,
331 2156 347 2190 ἢ
378 2155 515 2187 ἐξετάζειν
539 2156 647 2187 αὐτούς.
666 2156 700 2182 Εἴ
713 2165 739 2182 τι
763 2156 818 2191 γὰρ
844 2156 978 2190 σφαλῶσι,

192 2201 351 2234 κριθήσεται
373 2202 449 2235 παρὰ
473 2202 520 2227 τοῦ
543 2201 624 2232 Θεοῦ,
646 2202 692 2227 καὶ
712 2201 916 2237 ἐλεγχθήσεται,
934 2202 979 2228 καὶ

1034 291 1209 318 saecularibus
1220 296 1260 318 vel
1278 292 1467 326 possessiones
1482 293 1582 327 pacisci
1594 302 1601 325 ς
1612 298 1639 320 et
1651 295 1724 328 quod
1739 295 1824 321 divini

1035 343 1154 363 canones
1170 337 1373 370 reprehendunt
1398 338 1447 365 bos
1471 339 1518 373 qui
1533 339 1634 365 lalibus
1653 339 1780 372 student,
1798 345 1825 367 et

1035 386 1238 414 perseverantes
1256 382 1282 408 in
1301 383 1480 410 indiﬂ‘erentia
1496 385 1646 418 deponunt.

1070 470 1114 495 57.
1129 469 1205 501 Quod
1221 478 1273 496 non
1295 475 1401 504 oportet
1419 471 1527 504 aliquos
1543 471 1669 498 incusare
1683 490 1689 500 .
1705 470 1740 496 ob
1763 470 1823 496 vitm

1036 516 1203 545 necessaria,
1221 520 1248 541 et
1264 516 1299 542 ob
1316 523 1362 543 eos
1382 517 1427 550 qui
1444 517 1549 548 dicunt,
1566 516 1638 550 quod
1653 521 1680 542 et
1699 515 1750 550 ipsi
1776 515 1824 542 do-

1035 565 1124 587 ctut‘cs
1134 561 1235 587 violant
1252 561 1296 588 llci
1310 568 1441 596 praecepta
1458 563 1529 588 in'eo
1545 562 1618 596 quod
1633 561 1822 588 habt-autcum

1034 607 1107 633 omni
1122 607 1267 634 securitate
1275 615 1335 641 qua:
1346 609 1420 635 Itliliu
1433 613 1496 636 sunt
1507 609 1614 642 corpori
1627 618 1632 634 :
1645 613 1671 635 et
1683 607 1822 642 quodnam

1035 653 1162 679 convenit
1188 661 1249 680 esse
1278 654 1494 681 Christianorum
1510 654 1718 681 indumentum:
1739 657 1766 680 et
1789 653 1823 679 de

1035 698 1108 725 victu
1116 703 1141 724 et
1151 699 1246 725 vestitu
1257 699 1484 726 convenientibus
1496 700 1648 731 monachis,
1664 705 1687 725 et
1702 698 1823 732 praesuli-

1035 741 1085 768 bus
1105 742 1291 769 sacerdotibus
1307 747 1332 768 et
1352 742 1582 777 pontiﬁcibus;et
1597 742 1731 776 quodnon
1740 750 1823 776 opor-

1035 791 1072 813 tet
1089 787 1155 814 tales
1171 793 1259 814 vestes
1274 788 1451 820 confundere,
1462 788 1510 815 sed
1523 788 1591 815 alias
1601 788 1710 821 quidem
1724 787 1822 813 habere

1034 832 1068 858 ad
1098 834 1282 860 ostensionetn
1307 834 1407 868 publici
1421 835 1511 861 cultus
1524 854 1530 866 ,
1549 834 1616 861 alias
1633 838 1722 861 autent
1747 833 1822 860 domi

1035 880 1170 909 sedentes.
1187 879 1234 906 sed
1250 880 1388 906 communi
1405 884 1432 906 et
1445 880 1561 914 simplici
1578 885 1638 914 toga
1653 887 1758 913 semper
1771 879 1821 911 uti,

997 921 1018 948 Β
1034 933 1121 958 neque
1146 930 1288 958 exornata,
1305 933 1394 959 neque
1412 930 1511 960 praeter
1532 925 1717 952 "emissarium
1742 932 1821 952 usum

1034 971 1165 1005 pretiosa,
1179 977 1289 1006 excepta
1304 971 1481 1004 sacerdotali;
1495 977 1521 998 ct
1534 971 1606 1005 quod
1628 971 1707 997 talem
1720 970 1820 996 victum

1032 1022 1057 1043 et
1081 1023 1180 1044 vestem
1213 1017 1312 1044 habere
1328 1018 1407 1044 debet
1437 1017 1635 1048 Christianum,
1661 1016 1767 1051 qualem
1793 1016 1821 1042 in

1033 1064 1094 1090 loco
1111 1063 1155 1090 ubi
1183 1063 1274 1096 degit,
1290 1071 1436 1090 commune
1460 1063 1560 1098 plebis;
1579 1067 1607 1090 et
1626 1062 1702 1096 egeni
1726 1068 1821 1088 omnes

1032 1110 1184 1136 secundum
1210 1109 1343 1143 cujusque
1379 1109 1585 1143 promissionem
1613 1108 1697 1135 edunt
1721 1112 1746 1134 et
1774 1114 1821 1133 vc-

1032 1155 1163 1187 stiuntur,
1175 1154 1245 1181 sicut
1260 1154 1413 1181 incarnatio
1430 1154 1535 1181 Domini
1552 1161 1600 1181 nos
1614 1153 1732 1180 edocuit.

1066 1294 1111 1321 58.
1133 1293 1169 1320 De
1183 1293 1303 1325 divitiis,
1321 1297 1347 1320 et
1365 1297 1540 1328 paupertate,
1566 1296 1593 1320 et
1611 1292 1747 1326 quomodo
1775 1298 1820 1318 co-

1032 1348 1195 1374 gnOsecmus
1216 1340 1266 1367 ista
1290 1348 1324 1366 an
1347 1348 1381 1367 ex
1400 1339 1455 1367 Deo
1472 1340 1536 1371 sint,
1555 1339 1596 1366 vel
1611 1347 1643 1365 ex
1662 1338 1821 1370 opt-ratione

1031 1387 1179 1413 adversarii
1196 1395 1203 1413 :
1219 1386 1326 1420 etquod
1338 1386 1438 1413 divitia:
1454 1393 1515 1420 quae
1531 1392 1564 1411 ex
1586 1384 1719 1417 injustitia
1730 1386 1791 1409 sunt
1804 1388 1819 1407 a

1034 1432 1088 1458 Deo
1100 1439 1154 1458 non
1165 1437 1238 1464 sunt,
1248 1436 1274 1459 et
1287 1432 1344 1458 haec
1355 1432 1465 1465 quidem
1478 1430 1655 1458 saecularibus
1669 1434 1729 1455 nuta
1741 1432 1817 1459 sunt;

1033 1477 1076 1504 bis
1093 1482 1182 1504 autem
1197 1478 1243 1512 qui
1261 1479 1440 1504 monasticam
1465 1477 1548 1503 vitam
1570 1475 1730 1510 proﬁtentur
1742 1474 1820 1500 indc-

1033 1531 1098 1550 cens
1113 1527 1154 1550 est
1171 1531 1220 1557 per
1244 1523 1302 1550 haec
1317 1523 1451 1553 discerni;
1469 1529 1531 1548 nam
1559 1521 1652 1548 talittm
1672 1519 1819 1554 promissio

994 1585 1015 1614 α
1034 1569 1180 1603 perlectam
1201 1573 1387 1603 paupertatem
1407 1573 1433 1596 ct
1452 1568 1653 1596 mendicitatem
1674 1566 1819 1601 pollicetur

1033 1615 1058 1641 in
1072 1616 1199 1642 omnibtts
1211 1615 1371 1649 Seripturis.

1067 1661 1110 1687 59.
1129 1660 1166 1688 De
1187 1661 1398 1694 nonjudicando
1414 1660 1558 1687 temerario
1576 1660 1710 1694 proximo,
1728 1663 1757 1685 ut
1771 1657 1820 1692 hy—

1032 1705 1152 1738 pocritm,
1170 1705 1306 1738 pliariszei,
1327 1709 1354 1731 et
1378 1705 1486 1731 set‘ilite.
1515 1705 1618 1731 Etenim
1632 1704 1722 1730 referti
1739 1703 1819 1729 malis

1030 1758 1091 1777 cum
1106 1757 1196 1777 essent
1208 1751 1263 1783 isti,
1282 1750 1308 1776 in
1330 1750 1451 1777 minimis
1465 1755 1543 1776 erant
1559 1755 1651 1776 contra
1667 1749 1734 1775 alios
1754 1748 1818 1774 dili—

1031 1800 1288 1830 gentesexaclores;
1305 1795 1351 1822 scd
1367 1795 1477 1830 quando
1492 1794 1591 1829 aliquis
1613 1794 1732 1821 mundus
1745 1799 1787 1820 est
1802 1800 1818 1820 a

1031 1841 1120 1873 malis,
1134 1846 1198 1868 tunc
1211 1841 1290 1868 debet
1304 1840 1427 1875 judicare
1441 1840 1550 1875 quidem
1568 1839 1672 1874 hosqui
1689 1839 1740 1865 sibi
1754 1838 1820 1865 sub-

1031 1891 1110 1918 sunt;
1126 1895 1179 1913 non
1196 1891 1286 1913 autem
1304 1895 1350 1913 eos
1364 1887 1409 1921 qui
1432 1886 1499 1913 loris
1520 1889 1601 1913 sunt:
1615 1889 1642 1912 et
1662 1884 1732 1919 quod
1748 1883 1818 1910 male

1031 1931 1223 1958 intellexerunt
1247 1932 1356 1966 quidam
1379 1932 1481 1958 dictum
1501 1931 1626 1961 Domini,
1650 1930 1817 1963 negotiantes

1032 1981 1122 2003 autem
1150 1977 1219 2002 bona
1238 1984 1285 2010 per
1309 1977 1432 2002 insanam
1455 1980 1482 2002 et
1501 1975 1637 2001 funestam
1660 1973 1818 2000 conversio—

1031 2029 1104 2053 nem.
1123 2021 1216 2048 dicunt
1227 2021 1297 2055 quod
1311 2028 1364 2048 non
1380 2025 1487 2055 oportet
1502 2020 1625 2054 judicare
1636 2025 1815 2053 quemquam,

1032 2066 1149 2100 indeque
1161 2066 1350 2093 haereticorum
1369 2065 1514 2100 participes
1528 2066 1607 2092 Iiunt.

1066 2112 1111 2139 40.
1139 2111 1216 2145 Quod
1237 2120 1290 2138 non
1304 2117 1409 2146 oportet
1425 2111 1548 2146 judicare
1570 2110 1742 2143 sacerdotes,
1760 2110 1822 2137 sive

1028 2159 1111 2194 juste,
1135 2159 1192 2186 sive
1213 2158 1326 2192 injuste,
1342 2158 1382 2184 vel
1399 2158 1433 2185 de
1455 2157 1507 2184 illis
1528 2157 1682 2191 exquirere.
1703 2156 1730 2183 Si
1751 2156 1819 2191 quid

1031 2204 1103 2231 enim
1118 2203 1289 2234 oﬂ'enderint,
1304 2202 1471 2236 iudicabitur
1483 2209 1496 2228 a
1516 2201 1587 2232 Deo,
1606 2206 1632 2228 et
1652 2201 1818 2228 condemna-

192 2249 220 2273 ἐν
232 2247 271 2281 τῷ
286 2247 333 2273 νῦν
347 2248 438 2280 αἰῶνι,
458 2247 505 2273 καὶ
523 2248 552 2273 ὲν
564 2247 603 2282 τῷ
620 2247 752 2281 μέλλοντι,
768 2247 783 2281 ἢ
804 2248 849 2273 καὶ
863 2247 916 2273 ὑπὸ
930 2247 977 2273 τοῦ

1031 2250 1103 2276 bitur
1124 2249 1149 2275 in
1166 2249 1216 2275 ltoc
1230 2248 1357 2283 prmseuti
1380 2248 1480 2274 saeculo
1507 2252 1534 2274 et
1551 2247 1577 2273 in
1595 2246 1703 2276 futuro.
1731 2246 1772 2272 vel
1801 2254 1820 2272 θ

194 2293 316 2327 μείζονος
335 2294 431 2328 ἱερέως
443 2301 450 2308 ·
475 2295 521 2320 καὶ
539 2294 606 2320 ὃτιὸ
629 2294 666 2329 μὴ
687 2295 748 2320 κατ’
767 2293 846 2325 ἀξίαν
865 2294 977 2327 διάγων,

192 2340 243 2365 οὐκ
266 2340 340 2364 ἔστιν
360 2339 468 2374 ἱερεύς·
493 2340 541 2365 καὶ
561 2341 601 2366 ὅτι
625 2340 655 2365 ού
677 2339 729 2374 χρὴ
754 2338 978 2370 σκανδαλίζεσοαι

192 2385 257 2419 περὶ
271 2385 306 2410 τὰ
322 2384 472 2418 τελούμενα
495 2385 538 2411 διὰ
553 2386 602 2417 τὴν
624 2385 780 2420 φαυλότητα
796 2384 843 2410 τοῦ
864 2384 958 2419 ἱερέως
970 2391 976 2398 ·

193 2431 239 2456 καὶ
252 2430 293 2455 ὅτι
307 2431 337 2455 οὐ
354 2430 458 2460 πάντας
474 2431 623 2464 χειροτονεῖ
637 2430 651 2455 6
667 2430 743 2461 Θεὸς,
763 2429 809 2455 διὰ
822 2429 930 2456 πάντων
949 2428 978 2454 δὲ

193 2476 309 2509 ἐνεργεῖ.
333 2475 377 2500 διὰ
397 2475 426 2500 τὸ
443 2475 564 2508 σωθῆναι
581 2476 627 2501 τὸν
641 2475 725 2501 λαόν·
745 2475 792 2501 καὶ
814 2475 854 2500 ὅτι
871 2475 904 2499 ἐκ
930 2473 977 2499 τοῦ

193 2520 365 2556 προσεθίζειν
386 2521 459 2554 ἡμᾶς
485 2522 665 2555 καταφρονεῖν
684 2520 738 2546 τῶν
760 2520 866 2555 ἱερέων,
892 2527 978 2546 κατα-

193 2566 345 2601 φρονοῦμεν
360 2566 407 2592 καὶ
421 2565 468 2592 τοῦ
481 2565 559 2593 Θεοῦ.

229 2615 282 2645 μα’.
301 2611 369 2646 Περὶ
386 2611 580 2645 προχειρίσεως
600 2610 740 2642 ἐξουσιῶν,
758 2610 803 2636 καὶ
819 2610 859 2636 ὃτι
875 2609 904 2635 οὐ
924 2608 979 2634 πά·

194 2667 243 2690 σας
267 2658 316 2693 μὲν
342 2657 391 2688 τὲις
415 2657 541 2689 ἐξουσίας
563 2657 766 2692 προχειρίζεται
789 2658 803 2682 ὁ
829 2657 904 2689 Θεὸς,
935 2656 978 2683 διὰ

193 2705 287 2730 πασῶν
313 2704 340 2730 δὲ
361 2703 525 2739 ἐνεργειῶν·
551 2704 598 2730 καὶ
619 2704 660 2730 ὅτι
683 2703 888 2738 προχειρίζεται
912 2702 979 2729 πολ-

192 2750 270 2781 λάκις
283 2751 328 2777 καὶ
339 2750 464 2784 ἀναξίους
477 2750 491 2776 ὁ
510 2749 585 2782 Θεὸς,
599 2749 646 2776 καὶ
660 2751 684 2776 ol
697 2750 747 2783 μὲν
760 2750 841 2781 ἄξιοι,
858 2749 896 2781 ὡς
909 2749 979 2782 ἄξιοι

194 2795 419 2830 προχειρίζονται,
438 2796 462 2822 οι
485 2795 515 2821 δὲ
539 2795 644 2828 ἀνάξιοι
666 2795 733 2830 πρὸς
750 2794 874 2820 παιδείαν
897 2794 978 2820 πάλιν

193 2840 249 2867 τῶν
267 2841 476 2876 ἁμαρτανόντων
490 2849 497 2857 ⁸
520 2841 567 2868 καὶ
585 2842 626 2868 ὅτι
647 2841 685 2875 τῷ
702 2841 776 2874 αὐτῷ
791 2841 884 2875 τρόπῳ
907 2840 979 2866 κατὰ

194 2885 301 2914 δικαίαν
325 2886 415 2921 κρίσιν
438 2886 507 2915 Θεοῦ
533 2885 735 2923 παραδιδόμεθα
758 2887 786 2913 ὲν
802 2887 857 2919 τοῖς
875 2886 977 2917 ἔθνεσι.

1031 2295 1134 2330 majore
1154 2294 1272 2328 quodam
1290 2293 1430 2320 sacerdote
1449 2301 1456 2319 :
1472 2297 1498 2318 et
1514 2292 1586 2326 quod
1614 2292 1657 2318 ille
1681 2291 1727 2326 qui
1744 2295 1821 2317 recte

1029 2348 1083 2367 non
1101 2339 1184 2373 degit,
1203 2346 1256 2364 non
1275 2338 1403 2365 sacerdos
1423 2342 1478 2370 est;
1502 2343 1528 2364 et
1545 2337 1618 2372 qttod
1635 2345 1689 2364 non
1711 2341 1817 2372 oportet

1029 2385 1208 2413 srandalizari
1226 2390 1335 2418 propter
1348 2391 1378 2411 ea
1395 2392 1455 2419 quae
1472 2384 1539 2411 ﬁunt
1556 2385 1591 2411 ob
1610 2384 1758 2418 nequitiam
1773 2391 1818 2410 sa-

1029 2431 1147 2459 cerdotis
1160 2439 1167 2463 ;
1179 2435 1205 2457 et
1220 2430 1353 2464 quodnon
1369 2438 1464 2457 omnes
1480 2430 1589 2457 ordinat
1606 2429 1688 2461 Deus,
1701 2438 1748 2463 per
1758 2437 1819 2455 om-

1029 2485 1052 2503 n
1064 2481 1174 2502 sautem
1187 2480 1314 2509 operatur
1328 2475 1361 2502 ad
1375 2475 1535 2502 salvandum
1547 2474 1686 2509 populum,
1699 2478 1725 2500 et
1743 2473 1815 2507 quod

1029 2522 1212 2549 assuescemlo
1233 2521 1267 2547 ad
1290 2521 1517 2548 ('0ntemnendum
1540 2519 1714 2550 sacerdotes,
1731 2519 1815 2545 Deum

1028 2568 1117 2602 ipsum
1136 2567 1342 2593 contemnimus.

1063 2612 1107 2639 41.
1129 2610 1164 2637 De
1193 2611 1384 2645 procuratione
1411 2610 1583 2645 dignitatum,
1613 2613 1640 2636 et
1663 2609 1734 2643 quod
1761 2617 1814 2635 non

1028 2664 1125 2684 Omnes
1153 2656 1298 2690 dignitates
1325 2661 1451 2690 procurat
1480 2655 1559 2686 Deus,
1589 2655 1636 2682 sed
1658 2663 1704 2688 per
1720 2662 1815 2681 omms

1029 2702 1202 2735 operationes
1223 2705 1429 2736 procttrantur:
1452 2705 1476 2727 et
1509 2701 1581 2735 quod
1605 2701 1691 2727 elevat
1716 2700 1814 2733 smpius

1029 2747 1100 2774 Deus
1116 2747 1251 2782 indignos,
1266 2751 1293 2775 et
1306 2747 1379 2782 digni
1397 2746 1506 2780 quidem
1522 2750 1551 2772 ut
1567 2746 1640 2781 digni
1659 2746 1812 2777 elevantur,

1029 2792 1132 2827 indigni
1159 2798 1248 2819 autem
1277 2793 1310 2820 ad
1337 2792 1535 2819 correctionem
1563 2792 1753 2826 peccantium;
1787 2797 1814 2818 et

1029 2838 1103 2872 quod
1118 2839 1212 2865 eodem
1231 2838 1311 2865 modo
1334 2837 1483 2865 secundum
1495 2837 1599 2871 justum
1616 2837 1662 2864 Dei
1680 2837 1813 2871 judiciutn

1031 2885 1164 2914 tradimur
1181 2885 1207 2913 in
1223 2885 1358 2919 gentibus.
1378 2889 1405 2913 et
1428 2884 1462 2912 de
1487 2883 1646 2912 diversitate
1669 2883 1814 2911 modorum
