2076 3158
180 176 246 208 I377

533 169 917 202 INTERPRETATIONES
935 167 1158 200 DIVINORUM
1177 166 1458 198 MANDATORUM.

1740 169 1808 199 1378

175 234 226 266 τὰς
239 230 386 266 γινομένας
409 227 581 263 πανηγύρεις
614 227 685 262 μετὰ
712 225 912 260 πραγματειῶν
942 225 970 250 ὲν

1025 232 1087 251 cum
1117 223 1348 259 negotiationibus
1367 225 1435 250 tiunt
1455 223 1481 250 in
1502 225 1810 252 comntemorattonibus

176 281 237 311 ταῖς
250 279 304 305 τῶν
319 277 405 312 ἁγίων
424 275 530 311 μνείαις
541 273 692 301 κωλύουσιν
701 274 725 299 οἱ
741 272 866 307 θεοφόροι
880 271 967 298 [Ιατέ-

179 332 224 359 ρες
237 331 245 338 ·
265 323 311 349 καὶ
326 322 368 348 ὅτι
382 321 462 356 χάριν
479 319 662 350 κατανύξεως,
681 320 726 344 καὶ
744 318 909 352 προσευχῆς,
925 318 969 343 καὶ

177 367 359 403 ἀναγνώσεως
373 366 426 392 τῶν
453 365 534 391 θείων
556 363 683 398 Γραφῶν,
701 362 748 389 καὶ
778 362 968 397 ὑπομνήσεως,

178 414 225 440 καὶ
244 413 325 447 ζήλου
347 411 401 437 τῶν
426 409 511 443 ἁγίων
530 408 692 441 συνάγονται
710 407 734 432 οί
754 405 923 441 Χριστιανοὶ,
939 404 968 430 ού

178 460 270 493 μέντοι
288 458 331 484 διά
346 465 421 488 τινας
437 454 624 489 ἐπιτηδεύσεις
639 454 685 479 καὶ
701 451 862 487 ἀγορασίας.

217 504 269 539 μζ’.
288 504 366 538 Περὶ,
386 499 441 528 οἷαι
458 501 550 535 τέχναι
573 501 630 530 τοῖς
651 498 724 524 κατὰ
749 497 851 531 κόσμον
881 496 968 531 ἁρμό-

178 550 255 582 ζουσι
272 558 278 564 ·
294 549 342 575 καὶ
356 549 397 574 ὃτι
413 548 429 582 ἡ
445 546 556 581 ἰατρικὴ
569 545 661 579 τέχνη.
679 543 726 570 καὶ.
752 543 782 568 ὲν
798 543 855 574 τοῖς
871 550 969 576 κοσμι-

179 597 248 627 κοίς,
259 595 306 621 καὶ
322 596 350 620 ὲν
368 595 423 624 τοῖς
435 593 574 628 μοναχοῖς,
587 591 637 617 οὐκ
655 590 728 616 ἔστιν
744 588 907 622 ἀπόϐλητος,
924 587 971 613 καὶ

178 641 237 672 πῶς
250 641 291 667 δεῖ
304 641 372 675 αύτῇ
389 638 506 674 χρᾶσθαι
519 638 566 664 καὶ
591 637 632 663 ὃτι
657 635 728 666 τινὲς
760 634 896 668 προφάσει
921 634 970 668 τῆς

179 687 305 722 ἰατρικῆς
322 686 498 721 μετέρχονται
512 684 562 714 τὰς
576 682 693 716 ἐπῳδὰς,
712 681 760 707 καὶ
784 680 817 706 τὰ
834 679 971 714 λεγόμενα

179 731 362 765 φυλακτήρια,
384 730 431 755 καὶ
458 729 492 754 τὰ
508 728 590 762 ὃμοια
615 726 738 753 τούτων·
760 725 808 751 καὶ
833 725 874 751 ὅτι
897 724 971 755 τινὲς

177 777 305 811 ἄρκτους,
330 775 377 801 καὶ
404 774 486 808 ἕτερα
502 773 560 805 ζῶα
588 773 767 807 περιάγουσιν
797 771 844 797 ἐπὶ
864 770 970 804 παιδιᾷ,

176 820 223 852 οὒς
234 820 448 855 ἐπιστρέφοντας
465 818 526 852 μὲν,
543 817 589 843 καὶ
611 815 809 850 μετανοοῦντας
826 815 894 850 πρὸς
909 815 972 849 χρό-

177 873 222 892 νον
247 865 392 900 χωρίζουσι
412 865 461 899 τῆς
495 862 648 893 κοινωνίας,
675 861 844 896 ἐμμένοντας
876 860 904 886 δὲ
920 860 971 894 τῆς

175 910 232 937 τῶν
245 908 418 944 Χριστιανῶν
435 907 582 942 χωρίζουσι
598 907 728 937 πίστεως.

216 953 271 989 pq’.
297 953 364 988 Περὶ
391 952 528 987 εὐνούχων
541 952 673 987 διαφορᾶς
710 951 757 977 καὶ
784 950 866 977 πόθεν
891 949 971 976 τοῦτο

178 999 258 1025 ἔλαϐε
270 999 319 1034 τὴν
331 999 419 1033 ἀρχὴν
433 1006 439 1012 ”
457 997 497 1023 ἐτι
510 998 539 1024 δὲ
555 997 603 1024 καὶ
616 991 777 1032 περίξτινων
798 996 869 1022 κατὰ
890 995 971 1030 φύσιν

178 1046 271 1077 αὐτοῖς
288 1047 454 1082 προσόντων,
469 1045 517 1071 καὶ
536 1045 601 1071 ποτε
626 1045 755 1071 δύνανται
769 1043 893 1078 γενέσθαι
907 1043 972 1078 κλη-

179 1091 251 1126 ρικοί
269 1099 275 1107 ·
292 1092 340 1118 καὶ
352 1092 391 1118 ὅτι
406 1091 456 1117 οὐκ
479 1091 694 1118 ἀπαλλάττονται
723 1090 770 1116 τοῦ
796 1089 900 1121 πάθους
923 1090 972 1125 τῆς

179 1138 319 1172 πορνείας,
335 1138 404 1164 ἀλλὰ
426 1138 556 1172 χειρόνως
583 1136 767 1171 πολεμοῦνται
786 1145 793 1152 ”
813 1137 860 1163 καὶ
880 1137 922 1162 ὅτι
947 1136 971 1162 οἱ

178 1182 305 1218 κληρικοί
316 1192 391 1214 τινας
407 1182 608 1218 εύνουχίζοντες
624 1182 829 1218 καθαιροῦνται,
841 1182 866 1209 ot
875 1182 904 1209 δὲ
914 1182 973 1208 λοῖ-

179 1229 223 1255 κοὶ
238 1229 287 1264 τῆς
300 1229 443 1259 κοινωνίας
456 1226 644 1263 ἀφορίζονται.

216 1274 269 1309 μθ’.
284 1275 350 1310 Περὶ
376 1273 570 1305 ταπεινώσεως
587 1281 594 1288 ·
608 1274 654 1300 καὶ
670 1273 712 1299 ὅτι
728 1273 759 1299 οὺ
774 1273 839 1305 τοὺς
860 1274 973 1308 γινομέ-

178 1320 242 1352 vol);
255 1320 400 1351 ταπεινοὺς
424 1319 518 1346 ἕνεκέν
544 1327 618 1350 τινος
645 1319 847 1354 ὑστερήσεωςό
870 1319 972 1354 Κύριος

181 1366 340 1402 μακαρίζει,
354 1365 420 1392 ἀλλὰ
435 1366 499 1397 τοὺς
510 1365 634 1396 ἑκόντας.
651 1365 698 1392 καὶ
710 1365 862 1400 τρέμοντας
877 1366 912 1392 τὰ
929 1366 972 1391 λό-

179 1420 228 1446 για
242 1412 290 1438 τοῦ
315 1411 394 1444 Θεοῦ,
411 1411 460 1438 καὶ
483 1413 565 1438 ποίαν
579 1411 830 1446 ταπεινοφροσύνην
853 1412 867 1437 ὁ
887 1411 973 1445 Λόγος

178 1457 299 1485 διδάσκει
313 1465 321 1472 θ
338 1458 386 1484 καὶ
399 1458 439 1484 ὅτι
455 1458 517 1484 ὅσον
530 1458 603 1484 ἐστὶν
618 1458 631 1483 ὁ
641 1456 797 1492 εᾶνθρωπος
813 1458 842 1484 ἐν
856 1459 889 1493 τῇ
904 1459 973 1492 ἀμε-

179 1503 252 1538 λείᾳ,
278 1503 326 1530 ἐπὶ
351 1503 452 1538 ταύτην
480 1504 609 1538 ἐπιϐῆναι
632 1503 661 1529 οὐ
681 1504 802 1536 δύναται,
819 1504 859 1530 διό
877 1513 904 1530 τι
923 1505 974 1530 οὐκ

179 1547 234 1576 οἵδε
248 1549 275 1575 τί
292 1549 358 1584 παρ’
372 1548 455 1576 αὑτοῦ
470 1549 547 1584 ζητεῖ
556 1551 570 1575 ὁ
585 1549 662 1582 Θεὸς,
675 1550 722 1576 καὶ
733 1549 771 1581 ὡς
783 1549 886 1581 τέλειος
901 1551 972 1585 μέγα

180 1596 285 1630 φρονεῖ,
302 1595 342 1621 ἔτι
359 1594 413 1630 μὴν
438 1594 562 1630 καὶπερὶ
585 1595 713 1627 πένθους,
732 1597 779 1622 καὶ
806 1596 971 1632 πραότητος,

180 1641 229 1668 καὶ
244 1641 428 1676 δικαιοσύνης,
445 1641 491 1667 καὶ
507 1642 582 1672 ποῖος
596 1641 706 1674 λέγεται
719 1641 837 1677 καθαρὸς
851 1643 883 1677 τῇ
905 1650 973 1677 καρ-

181 1688 227 1724 δίᾳ
243 1696 250 1704 ·
268 1688 315 1714 καὶ
342 1688 384 1714 ὅτι
403 1687 458 1714 τῶν
487 1688 537 1722 μὲν
561 1687 672 1714 τελείων
697 1689 755 1714 ἐστὶ
771 1689 802 1714 τδ
819 1689 973 1724 εἰρηνεύειν

180 1732 245 1764 τοὺς
258 1733 440 1767 μαχομένους,
454 1731 509 1758 τῶν
517 1732 545 1759 δὲ
556 1733 758 1768 ἀσθενεστέρων
769 1733 819 1768 τὴν
830 1734 897 1760 ἰδίαν
905 1743 974 1769 καρ-

181 1777 251 1809 δίαν,
268 1779 315 1804 καὶ
328 1778 379 1812 τὴν
388 1778 442 1804 τῶν
452 1779 544 1810 αὐτοῖς
560 1779 631 1805 κατὰ
643 1779 709 1805 Θεὸν
719 1780 884 1815 ἀγαπητῶν.

217 1822 249 1852 11.
264 1824 324 1851 Ὀτι
339 1823 390 1855 τὰς
404 1823 452 1850 τοῦ
466 1824 569 1858 Κυρίου
586 1825 696 1856 ἐντολὰς
718 1824 854 1861 προτιμᾷν
869 1827 920 1860 δεῖ,
944 1827 974 1853 ἐν

181 1869 300 1904 δευτέρῳ
316 1869 344 1896 δὲ
359 1870 408 1901 τὰς
422 1870 476 1897 τῶν
499 1869 652 1905 ἀνθρώπων
666 1871 830 1905 παραδόσεις
847 1880 852 1886 ·
868 1873 916 1899 καὶ
932 1873 972 1899 ὅτι

183 1915 209 1941 οἱ
229 1916 279 1947 τὰς
294 1915 406 1946 ἐντολὰς
422 1916 469 1942 τοῦ
491 1916 595 1950 Κυρίου
613 1916 652 1951 μὴ
667 1917 859 1951 φυλάττοντες,
875 1919 973 1953 σχολά-

185 1960 278 1993 ζοντες
290 1961 318 1987 δὲ
332 1963 371 1992 εἰς
401 1963 450 1993 τὰς
476 1962 531 1987 τῶν
553 1963 679 1997 πατέρων
696 1963 776 1996 δῆθεν
799 1964 973 1998 παραδόσεις,

185 2007 233 2033 καὶ
248 2007 313 2033 αὐτὸ
332 2006 411 2033 τοῦτο
434 2008 505 2034 κατὰ
519 2007 780 2042 ἁνθρωτιαρέσκειοιν
798 2009 972 2043 ἐργάζονται,

185 2054 226 2080 ἔτι
242 2054 288 2079 καὶ
306 2061 337 2078 πε
344 2054 369 2087 pl
380 2053 545 2089 διακρίσεων
560 2054 591 2080 ἐκ
616 2053 753 2089 διαφόρων
768 2055 886 2090 Γραφῶν
913 2064 975 2082 συν-

187 2099 351 2134 ισταμένων,
372 2099 436 2134 περὶ¹
464 2099 620 2126 ὑποθέσεων
634 2100 688 2126 τῶν
704 2100 824 2135 ἐχουσῶν
845 2101 894 2137 μὲν
905 2101 976 2128 κατὰ

184 2146 235 2180 τὴν
253 2145 324 2176 λέξιν
338 2145 367 2171 ἓν
386 2145 482 2179 δνομα,
498 2145 594 2177 διπλᾶς
604 2145 632 2172 δὲ
648 2147 695 2172 καὶ
716 2146 832 2181 τριπλᾶς
849 2148 899 2179 τὰς
922 2147 975 2173 ὐπ-

185 2190 281 2222 ακυὰς,
291 2189 346 2217 οἷον
362 2192 377 2226 ἠ
394 2191 511 2226 ὑπακοὴ.
528 2191 615 2217 καὶτὸ
627 2191 744 2226 θέλημα,
757 2192 828 2227 καὶὴ
844 2192 974 2228 ἁπλότης,

1020 275 1177 297 sanctorum
1194 269 1341 304 prohibent
1354 270 1441 296 sancti
1465 269 1576 302 Patres;
1592 275 1619 297 et
1636 270 1709 305 quod
1731 278 1809 297 cont-

1020 317 1176 351 punctionis
1190 323 1283 347 causa,
1297 319 1324 342 et
1337 316 1482 346 orationis,
1497 320 1525 342 et
1540 316 1667 343 lectionis
1682 316 1810 350 Scriptu-

1020 370 1124 395 rarum,
1139 367 1166 389 et
1190 362 1330 389 memoria!
1344 366 1370 388 et
1390 361 1552 389 imitationis
1569 366 1727 389 sanctorum
1744 370 1810 388 con-

1020 413 1167 443 gregantur
1183 407 1344 440 Christiani,
1361 415 1415 434 non
1440 412 1531 434 autem
1549 412 1662 442 propter
1674 408 1811 442 quaslibet

1020 462 1100 482 curas
1115 459 1141 481 et
1161 454 1370 489 negotiationes.
1641 475 1645 479 .

1055 501 1099 528 47.
1115 501 1152 528 De
1174 500 1278 527 artibus
1302 507 1363 534 quae
1377 499 1557 526 saecularibus
1573 498 1742 526 conveniunt
1759 507 1765 524 :
1785 503 1812 525 et

1020 547 1092 581 quod
1111 554 1155 573 ars
1172 546 1327 577 medicinae,
1341 550 1368 572 et
1382 546 1409 572 in
1424 545 1605 572 saecularibus
1623 549 1651 571 et
1664 545 1691 570 in
1712 551 1811 570 mona-

1020 593 1080 620 chis
1103 600 1158 619 non
1180 591 1395 626 contemptibilis
1411 595 1464 623 est,
1491 595 1518 617 et
1538 590 1676 625 quomodo
1702 593 1812 624 oportet

1020 639 1096 665 illum
1112 645 1256 669 exercere;
1269 643 1293 664 et
1307 637 1380 672 quod
1396 636 1479 671 aliqui
1493 637 1640 663 occasione
1654 635 1800 662 medicina:

1021 685 1151 712 adhibent
1167 684 1368 711 incantationes
1378 688 1404 710 et
1418 691 1478 718 quae
1491 682 1813 717 dicunlur'philacteria,

1020 735 1048 757 et
1061 731 1104 757 his
1118 730 1238 763 similia;
1255 734 1281 756 et
1300 730 1372 764 quod
1388 729 1474 763 aliqui
1489 736 1569 756 ursos
1587 734 1614 755 et
1633 728 1687 755 alia
1704 728 1813 755 anima-

1021 777 1056 803 lia
1074 776 1285 803 circumducunt
1309 776 1468 806 educantes,
1493 781 1564 809 quos
1579 781 1728 801 conversos
1749 773 1812 808 qui-

1021 821 1082 848 dem
1103 826 1128 848 et
1153 820 1316 855 poenitentes
1331 819 1364 846 ad
1389 824 1496 853 tempus
1510 823 1639 854 separant
1653 826 1667 846 a
1685 825 1812 845 commu-

1023 868 1115 900 nione,
1141 871 1347 902 perseverantes
1362 870 1453 892 autem
1478 873 1491 892 a
1512 865 1565 892 tide
1591 864 1812 892 Christianorum

986 909 1006 937 ὓ
1021 917 1158 947 separant.

1057 958 1101 986 £8.
1127 958 1163 986 De
1191 958 1381 985 cunuchorum
1406 956 1570 987 dill'erentia,
1597 960 1624 983 et
1650 956 1723 983 unde
1741 955 1807 982 illud

1023 1006 1131 1032 initittm
1153 1005 1251 1037 duxit;
1283 1004 1374 1031 adhuc
1401 1007 1491 1030 autem
1515 1002 1549 1030 de
1569 1001 1734 1036 quibusdam
1751 1009 1812 1035 qua:

1024 1055 1119 1078 natura
1136 1051 1192 1078 illic
1204 1050 1314 1081 adsunt,
1336 1054 1362 1076 et
1375 1049 1485 1083 quando
1498 1053 1613 1082 possunt
1629 1047 1685 1074 ﬁeri
1702 1046 1809 1074 clerici:

1023 1102 1049 1125 et
1065 1098 1137 1132 qttod
1165 1104 1218 1123 tton
1235 1096 1395 1124 eximuntur
1417 1103 1430 1122 a
1454 1095 1582 1129 passione
1605 1092 1811 1121 fornicationis.

1024 1143 1071 1171 sed
1084 1143 1215 1170 violenter
1234 1143 1428 1176 impugnantur
1444 1149 1451 1173 ;
1466 1145 1492 1167 et
1508 1141 1580 1175 qttod
1596 1140 1689 1167 clerici
1705 1140 1812 1174 aliquos

1023 1188 1311 1216 euuucltos’l‘acientes
1326 1187 1516 1221 deponuntur,
1527 1186 1587 1213 laici
1605 1191 1695 1213 autem
1706 1193 1721 1212 a
1737 1193 1813 1213 cont-

1024 1236 1154 1262 munione
1170 1239 1343 1269 separantur.

1059 1282 1104 1309 49.
1118 1281 1155 1308 Dc
1170 1281 1340 1307 humilitate:
1355 1286 1382 1307 et
1396 1279 1467 1314 quod
1487 1287 1540 1306 non
1560 1279 1619 1306 illos
1632 1279 1680 1314 qtti
1695 1278 1814 1306 humiles

1024 1328 1091 1355 :lunt
1103 1331 1213 1362 propter
1223 1327 1372 1362 quamdam
1387 1325 1593 1353 inferioritatem
1608 1325 1739 1352 Dominus
1754 1324 1815 1352 hea-

1024 1379 1066 1402 tos
1079 1374 1156 1406 dicit,
1177 1375 1226 1401 sed
1243 1373 1291 1408 qui
1308 1374 1449 1400 voluntate
1474 1372 1543 1399 fiunt
1565 1376 1592 1399 et
1618 1371 1814 1398 observatione

1024 1424 1221 1455 praeceptorum
1236 1418 1282 1445 Dei
1296 1427 1303 1447 :
1320 1422 1347 1445 et
1364 1418 1473 1453 qualem
1498 1417 1680 1444 humilitatem
1694 1416 1814 1443 Verbum

1023 1467 1117 1498 docet;
1131 1470 1157 1492 et
1172 1465 1245 1500 quod
1266 1464 1377 1499 quando
1397 1465 1480 1490 homo
1503 1463 1530 1490 in
1549 1463 1654 1490 incuria
1677 1461 1762 1497 jacet,
1780 1461 1814 1489 ad

1025 1512 1099 1539 illam
1117 1511 1267 1538 ascendere
1288 1510 1393 1544 nequit.
1418 1517 1450 1536 eo
1463 1509 1537 1544 quod
1556 1509 1642 1536 nescit
1664 1508 1730 1543 quid
1744 1508 1815 1535 Deus

1025 1559 1058 1585 alt
1072 1566 1105 1585 co
1116 1562 1207 1593 petat;
1221 1562 1248 1585 et
1261 1557 1334 1592 quod
1348 1556 1487 1591 perfectus
1503 1562 1601 1590 magna
1614 1555 1706 1587 sentit,
1723 1555 1814 1582 adhuc

1024 1609 1115 1632 autent
1129 1604 1201 1632 etde
1216 1604 1301 1636 luctu,
1319 1604 1351 1630 dc
1373 1602 1595 1632 mansuetudine.
1616 1605 1642 1628 et
1654 1601 1773 1635 jttstitia,
1788 1606 1816 1627 et

1024 1651 1114 1685 qualis
1130 1650 1232 1677 dicitur
1250 1649 1368 1676 mundus
1381 1648 1482 1679 corde;
1499 1653 1526 1674 et
1540 1647 1612 1682 quod
1631 1646 1814 1681 perfectorttm

1024 1701 1064 1724 csl
1080 1696 1224 1731 paciﬁcarc
1234 1696 1377 1726 bellantes,
1387 1694 1551 1722 debiliorum
1566 1697 1658 1720 autem
1673 1692 1814 1727 proprium

1024 1752 1082 1775 cor,
1107 1748 1134 1770 ct
1156 1750 1205 1770 cor
1228 1750 1324 1770 eorum
1348 1749 1418 1777 quos
1442 1741 1493 1776 ipsi
1519 1745 1629 1776 propter
1652 1739 1736 1766 Deum
1752 1739 1816 1766 dili-

1025 1794 1101 1825 guttt.

1061 1834 1106 1862 50.
1123 1834 1200 1867 Quod
1225 1833 1333 1860 Domini
1360 1832 1487 1860 mandata
1506 1831 1636 1867 praeferre
1651 1835 1772 1866 oportet,
1788 1831 1814 1858 in

1025 1879 1146 1907 secundo
1162 1883 1252 1906 autem
1269 1878 1329 1905 loco
1343 1878 1485 1904 hominum
1502 1877 1681 1904 traditiones:
1701 1881 1728 1903 et
1743 1876 1817 1911 quod

1026 1926 1064 1952 iEli
1081 1925 1127 1959 qui
1143 1925 1271 1952 mandata
1288 1924 1398 1951 Domini
1421 1931 1474 1950 non
1499 1928 1619 1953 servant.
1641 1923 1753 1950 stttdent
1767 1930 1816 1949 att-

1026 1976 1080 1997 tem
1099 1971 1140 1998 his
1163 1979 1232 2004 quas
1251 1974 1352 1998 vocant
1373 1974 1480 2004 patrum
1501 1968 1706 2000 traditionibus,
1723 1972 1748 1994 et
1767 1967 1818 1994 ltoc

1026 2017 1115 2051 ipsum
1133 2021 1163 2042 ut
1187 2015 1345 2043 hominibus
1360 2015 1486 2048 placeant
1502 2017 1602 2047 agunt;
1619 2013 1713 2039 adltuc
1734 2013 1817 2039 etiam

1027 2063 1060 2089 de
1083 2061 1290 2089 discriminibus
1315 2067 1376 2094 quae
1399 2067 1448 2094 per
1473 2058 1631 2085 (liﬂ'ercltles
1658 2057 1818 2093 Scripturas

1028 2109 1220 2135 instituuntur.
1243 2107 1277 2134 de
1295 2105 1427 2140 subjectis
1451 2113 1513 2140 qua:
1539 2105 1639 2131 habent
1653 2103 1765 2138 quidem
1789 2103 1817 2131 in

1028 2153 1141 2188 legendo
1158 2160 1240 2179 unam
1257 2159 1360 2183 vocem,
1378 2150 1515 2185 duplicem
1533 2154 1625 2177 autem
1639 2155 1665 2177 et
1680 2149 1816 2184 triplicem

1028 2199 1248 2235 intelligentiam,
1258 2203 1285 2225 ut
1295 2197 1486 2232 intelligentia,
1496 2197 1632 2228 voluntas,
1644 2196 1818 2230 simplicitas,

185 2237 232 2264 καὶ
255 2238 271 2272 ἡ
290 2237 432 2273 φρόνησις,
448 2237 496 2264 καὶ⁹
513 2238 528 2271 ἠ
544 2238 658 2270 ἀκακία,
673 2237 760 2264 ταῦτα
771 2239 860 2264 πάντα
880 2238 973 2269 διπλᾶς

1032 2245 1186 2281 prudentia,
1201 2244 1368 2274 innocentia,
1385 2243 1443 2271 Ιιιεο
1458 2243 1550 2269 omnia
1566 2242 1700 2277 duplicem
1717 2243 1821 2270 habent

185 2283 277 2318 ἔχουσι
294 2284 344 2315 τὰς
356 2283 498 2318 διαφορὰς,
515 2283 599 2318 ἤγουν
616 2284 750 2319 σαρκικὴν
773 2284 819 2310 καὶ
831 2293 979 2319 πνευματι-

187 2330 240 2364 κήν
255 2338 262 2344 ·
280 2329 321 2355 ἔτι
340 2330 368 2355 δὲ
383 2329 431 2356 καὶ
451 2329 516 2364 περὶ
543 2329 728 2365 δικαιοσύνης,
750 2331 797 2356 καὶ
824 2331 979 2366 ἁγιότητος,

186 2375 234 2402 καὶ
249 2374 307 2406 πῶς
322 2376 385 2406 τοὺς
402 2375 513 2410 ἔχοντας
523 2376 609 2402 ταῦτα
617 2376 800 2411 γνωρίσομεν.

221 2421 272 2448 να¹.
290 2422 357 2456 Περὶ
375 2422 520 2456 μετανοίας
535 2423 567 2448 ἐκ
582 2422 636 2449 τῶν
657 2423 737 2449 θείων
747 2423 864 2458 Γραφῶν
876 2432 979 2459 μαρτυ·

189 2466 245 2501 piat
260 2473 267 2480 '
282 2467 329 2492 καὶ
347 2466 406 2497 πῶς
424 2466 464 2492 δεῖ
473 2467 648 2501 ἐξαγορεύειν
667 2467 714 2494 καὶ
729 2469 880 2501 μετανοεῖν.

225 2511 277 2546 νβ’.
294 2511 499 2547 ’Υποδείγματα
519 2513 585 2547 περὶ
621 2514 778 2548 μετανοίας,
809 2514 857 2540 καὶ
884 2513 980 2548 ἐξαγο-

190 2556 309 2592 ρεύσεως
320 2565 326 2572 ·
343 2557 390 2583 καί
401 2557 441 2583 ὅτι
457 2558 487 2583 οὺ
517 2558 570 2592 χρὴ
584 2559 633 2589 τὰς
646 2559 716 2585 κατὰ
729 2559 853 2594 ἀνάγκην
869 2560 979 2594 γινομέ-

191 2604 314 2639 μένας,ἦ
341 2604 413 2630 κατὰ
432 2605 591 2639 οἰκονομίαν
607 2605 669 2632 τινὰ
684 2605 853 2641 πρόσκαιρον
881 2606 979 2640 ἐξαγο-

190 2651 308 2686 ρεύσεις,
320 2651 368 2677 καὶ
380 2653 568 2687 συγχωρήσεις
584 2652 739 2687 ἁμαρτιῶν,
752 2653 866 2679 πάντοτε
878 2654 980 2685 ταύτας

189 2699 228 2729 εἰς
245 2697 399 2732 μαρτυρίαν
419 2697 579 2732 προφέρειν,
595 2697 653 2724 ἀλλ’
666 2698 730 2724 ὅταν
753 2699 835 2725 πάλιν
859 2700 980 2731 τοιοῦτος

190 2743 292 2779 ἐπέλθῃ
303 2744 398 2779 καιρός
417 2752 423 2758 ·
439 2744 486 2769 καὶ
502 2744 543 2770 ὅτι
570 2745 600 2770 τὸ
616 2743 653 2779 μὴ
681 2743 765 2776 δόλως
782 2744 908 2780 δέχεσθαι
927 2755 977 2781 με-

189 2789 309 2822 τάνοιαν,
322 2789 338 2826 ἢ
352 2790 432 2817 πάλιν
441 2790 545 2824 ἀλόγως
561 2790 841 2826 φιλανθρωπεύεσθαι,
860 2794 905 2819 καὶ
916 2793 978 2819 ἄνευ

192 2836 300 2870 ἐντολῆς
309 2845 390 2870 τινος,
413 2838 429 2874 ἣ
446 2837 560 2873 καρπῶν
576 2838 760 2874 μετανοίας.ἧ
777 2839 851 2874 παρὰ
871 2840 905 2866 τὰ
926 2849 979 2866 πα-

195 2881 341 2917 ραδοθέντα
348 2885 422 2920 παρὰ
433 2884 485 2912 τῶν
497 2884 577 2911 θείων
590 2885 719 2920 Πατέρων
731 2888 880 2922 συχχιιιρεῖν
890 2887 979 2923 ἁμαρ-

1031 2291 1230 2323 diﬂ‘ercntiam,
1264 2290 1402 2317 carnalem
1436 2289 1540 2317 scilicet
1573 2293 1600 2316 et
1629 2289 1819 2324 spiritttaletn;

1030 2338 1120 2365 adhuc
1135 2342 1225 2364 autem
1240 2337 1273 2363 de
1283 2335 1401 2370 iustitia,
1415 2339 1443 2362 et
1462 2334 1618 2366 sanctitate,
1639 2338 1666 2361 et
1680 2333 1820 2368 quomodo

1031 2383 1089 2410 hzec
1106 2383 1237 2410 habentes
1253 2381 1456 2416 cognoscimus.

1067 2431 1111 2457 5|.
1130 2430 1167 2456 De
1191 2429 1351 2463 paenitentia
1366 2437 1380 2455 c
1397 2428 1497 2456 divinis
1517 2427 1668 2463 Scripturis
1697 2429 1820 2455 testimo-

1033 2476 1092 2502 nia:
1109 2480 1136 2502 et
1153 2476 1290 2509 quomodo
1305 2478 1411 2509 oportet
1428 2474 1550 2501 conﬁteri
1567 2478 1593 2501 et
1606 2474 1750 2508 poenitere.

1067 2521 1112 2548 5'2.
1135 2521 1265 2556 Exempla
1287 2521 1320 2548 dc
1345 2520 1507 2556 pwnitentia
1534 2526 1559 2548 ct
1584 2519 1822 2547 confessionemt

1031 2568 1103 2602 quod
1118 2575 1170 2595 non
1190 2571 1297 2602 oportet
1311 2569 1368 2594 hare
1386 2575 1447 2602 qua:
1463 2575 1510 2601 per
1527 2566 1719 2593 necessitatem
1737 2566 1820 2598 ﬁunt,

1031 2613 1074 2641 vel
1088 2621 1134 2648 per
1155 2613 1356 2640 institutionem
1374 2613 1519 2647 quamdam
1545 2616 1729 2647 opportunam
1753 2619 1821 2639 cett-

1031 2659 1165 2686 fessiones
1186 2663 1214 2686 et
1238 2659 1414 2686 remissiones
1437 2662 1625 2693 peccatorum,
1661 2657 1774 2685 omnino
1795 2657 1821 2684 in

1033 2705 1224 2733 testimonium
1253 2706 1399 2737 adducere,
1427 2705 1473 2733 sed
1501 2704 1611 2740 quando
1639 2705 1739 2732 iterum
1771 2705 1823 2732 tale

1033 2757 1141 2787 tempus
1157 2753 1314 2784 advenerit;
1332 2758 1357 2779 et
1373 2753 1443 2787 quod
1460 2752 1648 2788 pmttitentiam
1665 2751 1824 2779 fraudulen—

1033 2803 1085 2831 ter,
1110 2808 1164 2826 non
1193 2801 1328 2835 accipere,
1352 2800 1394 2826 vel
1419 2807 1515 2828 rursus
1538 2799 1596 2827 sine
1620 2799 1729 2826 ratione
1755 2799 1824 2826 bene

1033 2845 1156 2876 tractari,
1173 2850 1199 2872 et
1223 2846 1282 2872 sine
1305 2845 1397 2880 aliqua
1422 2845 1574 2879 prassione,
1590 2844 1632 2872 vel
1655 2844 1824 2879 ptenitentize

1033 2890 1178 2924 fructibus,
1192 2892 1233 2918 vel
1248 2896 1343 2920 contra
1356 2891 1517 2920 traditiones
1535 2895 1693 2919 sanctorum
1710 2890 1822 2918 Patrum
