2076 3158
278 156 348 188 1379

704 155 900 187 OPUSCULA
921 155 1094 186 MORALIA
1112 155 1287 187 INCERT/E
1307 156 1462 187 ETATIS.

1839 158 1908 192 1380

275 215 412 242 dimittere
427 218 538 249 peccata
550 234 557 246 ,
580 217 729 248 utrumque
745 213 778 240 ad
796 213 920 240 haeresim
936 213 1062 246 declinat,

1120 213 1190 245 τίας,
1209 213 1352 248 ἀμφότερα
1367 214 1406 245 εἰς
1422 213 1541 249 αἱρέσεις
1560 213 1726 248 ἐκκλίνουσι,
1739 216 1769 242 τὸ
1793 217 1843 250 μὲν
1868 218 1909 250 εἰς

276 268 360 288 unum
376 260 488 295 quidem
504 260 537 287 ad
552 259 769 287 Novatianorum
788 259 926 291 haeresim,
949 259 1066 286 alterum

275 311 365 334 autem
386 306 419 333 ad
445 305 570 333 haeresim
592 309 692 332 natura
722 308 892 331 mutulorum
921 303 1064 330 Massalio-

275 360 385 379 norum.

310 398 355 424 55.
372 396 516 429 Quumolo
532 399 641 430 oportet
655 394 795 428 explicare
810 393 854 420 Dei
875 394 1020 428 mysteria:
1040 398 1066 420 et

275 443 346 477 quod
369 442 521 475 timendum
539 441 617 468 valde
638 445 666 467 et
681 440 867 474 periculosum
889 445 931 466 est
954 440 1066 474 indigne

274 489 423 523 explicare;
438 493 465 514 et
479 487 552 522 quod
569 488 613 514 ille
631 488 678 521 qui
698 487 810 520 indigne
836 486 964 520 explicat,
982 493 997 512 a
1017 486 1066 512 Sa-

275 540 337 562 tana
351 534 497 565 deluditur.
511 533 591 568 quasi
607 542 637 560 se
652 533 741 567 ipsum
757 540 772 558 a
784 532 978 559 communione
992 539 1066 558 amo-

274 588 351 607 \‘CHS.

308 625 353 652 Μ.
372 624 448 657 Quod
465 624 616 650 timendum
635 628 662 650 et
676 623 862 657 periculosum
889 628 930 649 est
947 622 1064 649 inlirinis

274 671 365 697 animo
386 671 506 704 recipere
529 670 636 704 aliquas
651 669 841 696 eonfesuiones
856 677 861 695 :
878 674 905 695 et
922 668 994 702 quod
1019 668 1065 694 lir-

273 724 334 742 nios
349 717 424 750 ipsos
439 720 467 742 et
480 715 640 750 spiritualus
660 715 688 742 id
717 716 743 742 in
758 715 865 742 ruinam
883 715 1013 747 adducit;
1038 718 1064 740 et

273 762 306 787 de
329 760 481 788 dill'erentia
503 760 564 787 talis
583 760 717 794 depositi;
733 764 760 787 et
783 759 920 794 quomodo
944 759 1002 786 inec
1016 759 1063 786 ad-

274 807 367 833 bibere
379 810 497 840 oportet.

310 851 355 877 55.
379 851 458 884 Quod
484 858 538 877 non
563 854 672 884 oportet
697 851 757 878 sine
782 851 926 879 sacerdote
944 852 1061 887 aliquem

1116 259 1166 294 τὴν
1182 259 1237 285 τῶν
1253 259 1442 293 Ναυατιανῶν,
1456 259 1486 286 τὸ
1501 259 1530 287 δὲ
1543 260 1583 292 είς
1598 261 1647 296 τὴν
1659 261 1714 288 τῶν
1731 264 1907 298 πεφυσιωμέ-

1118 314 1174 332 νων
1190 305 1400 332 Μασσαλιανῶν.

1153 398 1202 428 νγ’.
1212 395 1272 426 Πῶς
1281 396 1333 430 χρὴ
1347 396 1566 431 μεταλαμϐάνειν
1576 397 1630 423 τῶν
1638 397 1718 424 Θείων
1731 399 1888 434 μυστηρίων
1896 409 1906 417 ν

1116 440 1164 466 καὶ
1179 440 1219 466 ὅτι
1236 441 1351 475 φοδερὸν
1370 440 1429 468 λίαν
1449 442 1497 467 καὶ
1520 443 1690 469 ἐπικίνδυνόν
1705 444 1763 470 ἐστι
1790 445 1820 470 τὸ
1836 445 1904 472 ἁνα-

1117 485 1181 517 ξίως
1200 486 1420 521 μεταλαμϐάνειν
1441 495 1448 501 ·
1465 487 1511 514 καὶ
1524 488 1565 514 ὅτι
1579 488 1594 514 ὁ
1615 489 1733 521 ἀναξίως
1760 491 1906 526 μεταλαμ.⁹

1117 531 1215 563 ὃὰνων,
1235 532 1286 558 ὑπὸ
1313 532 1359 558 τοῦ
1381 533 1489 559 Σατανᾶ
1515 533 1726 567 καταπαίζεται,
1741 535 1838 573 ὥσπερ
1858 539 1907 565 καὶ

1115 579 1129 604 ό
1143 578 1192 611 τῆς
1207 578 1348 610 κοινωνίας
1362 580 1456 606 ἑαυτὸν
1470 580 1627 615 μακρύνων.

1151 623 1196 650 νδ¹.
1213 624 1274 650 Ὅτι
1287 625 1412 659 φοϐερὸν,
1435 626 1480 652 καὶ
1494 626 1663 654 ἐπικίνδυνόν
1680 627 1805 660 ἐστιτοῖς
1821 629 1906 656 ἀσθε-

1116 669 1173 695 νέσι
1202 670 1273 696 κατὰ
1300 671 1390 706 ψυχὴν
1413 671 1539 707 δέχεσθαί
1562 681 1638 704 τινας
1664 673 1841 710 ὲξαγορείας’
1858 675 1906 702 καὶ

1115 716 1156 742 ὅτι
1168 716 1214 741 καὶ
1226 717 1324 747 αὐτοὺς
1335 718 1397 747 τοὺς
1405 717 1534 748 δυνατοὺς
1546 719 1593 744 καὶ
1603 721 1807 753 πνευματικοὺς
1820 729 1906 747 κατα-

1117 762 1172 796 σπᾷ
1192 761 1222 788 τὸ
1243 762 1363 788 τοιοῦτον
1376 763 1415 794 είς
1428 763 1532 789 πτῶσιν
1543 771 1550 779 °
1563 764 1610 790 καὶ
1623 766 1687 800 περὶ
1713 765 1846 800 διαφορᾶς
1856 767 1906 800 τῆς

1115 807 1242 842 τοιαύτης
1256 809 1388 843 ἀναόοχῆς
1400 817 1406 823 ·
1418 809 1465 835 καὶ
1477 809 1534 840 πῶς
1543 809 1629 836 ταῦτα
1642 810 1823 846 μετέρχεσθαι
1839 813 1902 846 χρή.

1151 853 1197 881 νε’.
1210 854 1272 880 ’Ότι
1285 855 1315 880 οὐ
1327 855 1380 889 χρὴ
1390 854 1454 881 ἄνευ
1472 855 1567 889 ἱερέως
1587 855 1648 881 τινὰ
1670 856 1796 890 δέχεσθαι
1809 857 1906 889 ἐξαγο-

273 897 460 924 conl‘essiones
475 897 614 930 recipere:
627 901 654 923 et
669 898 742 930 quod
760 902 817 923 nazc
834 897 973 932 negligens
985 906 999 925 a
1015 906 1062 932 po-

1117 899 1224 934 ρεύσεις
1237 908 1242 915 ·
1257 900 1305 925 καὶ
1316 900 1357 926 δτι
1368 897 1560 934 ἁμελῶνοῦτος
1573 899 1621 926 τοῦ
1633 900 1699 927 λαοῦ
1713 901 1884 936 καθαιρεῖται
1894 909 1902 916 ·

273 943 336 978 pulo
351 943 512 977 deponitur;
528 942 639 976 etquod
656 949 712 968 non
729 947 836 977 oportet
851 943 995 972 absolvere
1011 945 1061 972 lios

272 989 318 1024 qui
334 989 477 1016 docentur.

308 1034 352 1061 56.
372 1033 408 1060 De
421 1033 509 1067 pmnis
520 1037 547 1060 et
561 1033 918 1061 excommunicationibusa
934 1035 1062 1062 sacerdo-

272 1079 345 1107 tibus
361 1079 483 1113 prolatis,
510 1082 537 1105 et
552 1078 624 1113 quod
651 1078 696 1104 illa
715 1086 776 1113 quae
797 1086 845 1113 per
872 1087 918 1106 eas
943 1079 1062 1115 ligantur

272 1125 392 1160 legitime
408 1132 461 1150 non
472 1124 616 1151 solvuntur
631 1124 664 1151 ab
679 1124 778 1155 altero,
793 1124 847 1151 nisi
863 1129 989 1154 mortuus
1002 1126 1062 1153 lue-

272 1171 309 1196 rit
333 1170 379 1204 qui
402 1170 527 1204 ligaverit
549 1176 556 1195 :
576 1174 603 1196 et
620 1169 693 1203 quod
714 1169 814 1204 injusta
829 1177 908 1204 paena
922 1178 974 1198 non
990 1171 1059 1205 liga-

273 1220 318 1242 tur
337 1223 351 1241 a
368 1215 434 1247 Deo,
454 1215 526 1241 sicut
541 1222 656 1248 magnus
681 1214 829 1249 Dionysius
850 1216 1022 1248 memoravit,
1037 1221 1064 1243 ct

273 1262 319 1287 alii
338 1262 446 1295 plures;
467 1265 493 1287 et
505 1260 600 1295 quales
617 1264 682 1287 sunt
697 1260 779 1295 justze
794 1265 821 1288 et
841 1261 949 1295 injusta:
961 1269 1061 1295 puniat;

274 1311 302 1334 et
317 1306 390 1341 quod
407 1306 458 1334 etsi
475 1306 547 1341 apud
563 1307 648 1333 Deum
664 1314 718 1333 non
733 1306 855 1341 ligantur
878 1314 939 1341 quae
962 1307 1063 1342 injuste

273 1354 386 1387 prolatae
398 1357 462 1379 sunt
474 1353 625 1384 sententiae,
644 1353 690 1380 sel
707 1357 798 1379 tamen
815 1359 869 1379 non
885 1352 964 1380 debet
979 1361 1009 1380 se
1023 1353 1063 1388 ip-

274 1407 334 1426 sum
352 1399 457 1426 solvere
474 1399 520 1433 qui
539 1398 640 1433 injuste
652 1397 801 1426 damnatus
817 1403 870 1432 est,
885 1404 912 1425 et
926 1399 972 1426 tali
991 1407 1062 1434 pra:-

274 1450 348 1473 tcxtu
368 1445 612 1480 contetnptibiiiler
631 1450 658 1471 et
684 1445 801 1479 superbe
820 1444 846 1470 in
862 1444 982 1472 ferentes
999 1453 1062 1472 seu-

274 1493 386 1518 tentiant
405 1499 434 1518 se
450 1499 542 1526 agere,
565 1490 613 1518 sed
629 1498 691 1517 cum
707 1491 782 1517 onmi
799 1491 955 1518 humilitate
969 1491 1063 1518 admo-

274 1546 349 1569 nere,
363 1544 389 1564 et
404 1538 426 1564 si
442 1538 493 1565 hoc
508 1537 589 1564 modo
609 1544 664 1563 non
687 1541 774 1572 potest
791 1536 893 1571 aliquid
911 1537 1060 1571 prolicere;

274 1584 350 1610 adire
365 1584 481 1618 majores
494 1583 662 1614 saeerdotes,
683 1588 710 1609 et
730 1582 766 1608 ita
778 1583 811 1609 ab
825 1581 865 1609 eis
879 1582 947 1609 solvi
963 1590 1062 1610 secun-

273 1630 337 1656 dum
352 1629 588 1664 quartodecimum
613 1635 748 1655 canonem
767 1627 871 1655 Sardici
899 1629 1021 1662 cencilii;
1036 1635 1062 1656 et

273 1674 344 1708 quod
360 1674 404 1700 ille
416 1674 461 1708 qui
478 1673 643 1699 sententiam
660 1672 764 1708 profert
781 1678 877 1700 contra
899 1672 948 1700 Dei
963 1673 1062 1700 \olun-

274 1722 356 1744 latent
372 1717 581 1744 condemnatur.

309 1804 343 1830 57
368 1803 405 1829 De
421 1803 507 1834 festis,
523 1809 548 1830 et
561 1804 687 1838 jejuniis,
703 1808 729 1831 et
745 1803 981 1839 genuﬂexionibus
1002 1812 1063 1839 qua‘.

277 1848 335 1874 ﬁeri
352 1849 548 1882 prmcipittnlur
565 1856 571 1874 :
591 1853 616 1874 et
639 1848 711 1882 quod
735 1849 918 1882 periculosum
943 1853 983 1876 est
1001 1849 1062 1875 talia

275 1894 433 1929 despicere;
458 1895 557 1922 etenim
571 1898 733 1929 separantur
744 1900 770 1922 et
783 1895 1062 1926 analliematizantur,

274 1945 302 1967 et
318 1948 379 1967 cum
402 1941 537 1967 lian‘cticis
559 1945 777 1967 annumerantur
795 1940 895 1968 divinis
911 1941 1063 1968 canonibus

274 1986 320 2021 qui
339 1987 443 2020 absque
466 1986 540 2020 justa
566 1993 649 2013 causa
666 1986 723 2013 haec
748 1986 919 2021 despiciunt;
936 1991 964 2014 et
979 1995 1064 2022 quare

273 2031 306 2057 ad
324 2035 458 2058 Ol‘lelllCHl
471 2031 594 2058 CODVCX'Si
608 2039 731 2058 oramus.

310 2131 354 2159 58.
377 2131 520 2166 Expositio
537 2132 690 2166 composita
709 2139 725 2158 e
744 2131 844 2159 divinis
861 2132 1010 2167 Scripturis
1030 2133 1063 2160 de

277 2178 375 2205 festis:
393 2178 464 2212 quod
484 2186 538 2204 non
554 2178 702 2212 voluptatis
719 2178 817 2212 gratia,
833 2182 860 2204 et
875 2179 922 2204 otii
940 2179 1062 2205 instituta

1114 946 1162 972 καὶ
1173 945 1214 971 ὅτι
1227 946 1258 971 οὐ
1273 945 1313 971 δεῖ
1327 945 1526 979 ἀπογινώσκειν
1539 945 1594 972 τῶν
1608 945 1849 981 μαθητευομένων.

1150 1032 1204 1065 νς¹.
1214 1033 1281 1068 Περὶ
1294 1033 1451 1068 ἐπιτιμίων,
1461 1034 1508 1060 καὶ
1517 1033 1680 1068 ἀφορισμῶν
1691 1033 1745 1060 τῶν
1761 1033 1836 1068 παρὰ
1851 1033 1906 1060 τῶν

1115 1079 1209 1114 ἱερέων
1223 1079 1368 1114 διδομένων
1381 1086 1388 1094 ”
1404 1079 1498 1106 καὶδτι
1513 1079 1547 1105 τὰ
1563 1079 1638 1114 παρὰ
1656 1079 1760 1106 τούτων
1774 1079 1902 1114 δεδεμένα

1114 1124 1232 1158 εὐλόγως
1245 1124 1275 1150 οὐ
1289 1124 1399 1151 λύονται
1427 1125 1472 1159 ὑφ’
1483 1125 1590 1159 ἐτέρου,
1615 1126 1639 1151 εί
1654 1124 1691 1160 μὴ
1704 1124 1859 1159 τελευτήσει
1888 1126 1902 1151 ὁ

1114 1170 1196 1204 δήσας
1221 1170 1318 1197 αὐτόν·
1337 1170 1386 1197 καὶ
1409 1170 1449 1196 ὅτι
1465 1171 1481 1204 ἡ
1512 1169 1668 1204 παράλογος
1686 1170 1844 1204 ἐπιτίμησις
1874 1169 1903 1196 οὺ

1114 1215 1217 1243 δέδεται
1233 1216 1308 1250 παρὰ
1338 1215 1376 1250 τῷ
1406 1215 1476 1250 Θεῷ,
1494 1215 1588 1246 καθὼς
1603 1218 1650 1242 καὶ
1664 1216 1678 1242 ὁ
1701 1215 1790 1250 μέγας
1811 1215 1905 1242 Διονύ-

1116 1270 1171 1293 σιος
1184 1260 1403 1296 ὑπεμνημάτισε,
1420 1261 1468 1288 καὶ
1489 1261 1579 1296 ἕτεροι
1603 1261 1725 1292 πλείονες
1742 1269 1748 1276 ·
1765 1262 1812 1288 καὶ
1826 1261 1903 1288 ποὶαι

1114 1307 1183 1334 εἰσὶν
1199 1307 1317 1341 εὖλογοι,
1339 1308 1386 1333 καὶ
1405 1307 1556 1342 παράλογοι
1580 1307 1755 1343 ἐπιτιμήσεις
1767 1315 1775 1323 ·
1799 1307 1847 1334 καὶ
1862 1307 1903 1333 ὅτι

1113 1353 1138 1379 εί
1164 1353 1211 1380 καὶ
1226 1353 1255 1379 οὐ
1267 1353 1370 1380 δέδεται
1386 1353 1460 1388 παρά
1471 1353 1511 1388 τῷ
1523 1352 1583 1387 Θεῷ
1590 1353 1624 1380 τὰ
1637 1352 1801 1387 παραλόγως
1817 1353 1905 1379 ἐπιτι-

1115 1398 1245 1433 μηθέντα,
1261 1398 1318 1425 ἀλλ’
1331 1399 1377 1425 οὖν
1387 1399 1448 1425 οὐδὲ
1466 1399 1584 1426 ἐκδικεῖν
1599 1398 1694 1426 ἑαυτὸν
1703 1398 1801 1433 ὀφείλει
1816 1400 1830 1426 ό
1849 1408 1904 1426 πα-

1114 1445 1235 1479 ραλόγως
1265 1445 1450 1479 ἐπιτιμηθεὶς,
1475 1445 1523 1472 καὶ
1561 1446 1595 1480 τῇ
1624 1445 1739 1480 τοιαύτῃ
1768 1445 1905 1480 προφάσει

1113 1491 1372 1526 καταφρονητικῶς,
1397 1491 1444 1517 καὶ
1471 1490 1641 1522 ἁλαζονικῶς
1664 1491 1733 1526 πρὸς
1764 1491 1828 1522 τοὺς
1844 1491 1904 1516 επι-

1114 1538 1250 1573 τιμῶντας
1261 1537 1424 1569 διακεῖσθαι,
1437 1537 1505 1563 ἀλλά
1519 1537 1590 1571 μετὰ
1615 1537 1707 1571 πάσης
1731 1537 1904 1571 παρακαλεῖν

1113 1583 1318 1618 ταπεινότητος,
1337 1583 1383 1609 καὶ
1398 1584 1421 1609 εί
1447 1583 1477 1609 οὐ
1501 1582 1614 1609 δύναται
1636 1581 1723 1618 τούτῳ
1748 1581 1788 1616 τῷ
1812 1582 1904 1617 τρόπῳ

1113 1630 1210 1657 ὰνῦσαὶ
1226 1639 1260 1660 τι,
1275 1629 1540 1664 προσέρχεσθαιτοῖς
1564 1628 1686 1663 μείζοσιν
1714 1628 1828 1662 ἱερεῦσι,
1858 1628 1904 1654 καὶ

1113 1676 1185 1704 οὕτω
1209 1676 1273 1710 παρ’
1296 1675 1386 1702 αὐτῶν
1421 1674 1588 1702 ὲκδικεῖσθαι
1621 1675 1692 1702 κατά
1714 1675 1761 1700 τὸν
1781 1675 1810 1701 ὲν
1833 1674 1903 1709 Σαρ-

1113 1723 1174 1758 δικῇ
1201 1721 1499 1757 τεσσαρεσκαιδέκατον
1516 1720 1616 1747 κανόνα
1632 1727 1640 1735 ·
1655 1719 1703 1746 καὶ
1728 1719 1769 1746 ὅτι
1789 1720 1802 1746 ὁ
1827 1719 1903 1753 παρὰ

1113 1768 1144 1794 τὸ
1159 1767 1264 1802 θέλημα
1278 1767 1325 1793 τοῦ
1343 1766 1410 1792 Θεοῦ
1425 1765 1560 1801 ὶπιτιμῶν
1576 1765 1797 1798 καταδικάζεται.

1151 1813 1200 1845 νζ’,
1218 1813 1285 1847 Περὶ
1300 1812 1412 1848 ἑορτῶν,
1428 1812 1476 1839 καὶ
1493 1811 1638 1846 νηστειῶν,
1653 1811 1701 1838 καὶ
1723 1810 1903 1845 γονυκλισιῶν

1114 1859 1167 1886 τῶν
1201 1858 1399 1892 κεκωλυμένων
1423 1857 1548 1891 γίνεσθαι
1563 1864 1571 1871 ·
1590 1857 1637 1883 καὶ
1664 1857 1704 1883 ὅτι
1731 1856 1904 1883 ἐπικίνδυνόν

1113 1906 1172 1932 ἔστι
1187 1905 1217 1931 τὸ
1231 1905 1412 1939 καταφρονεῖν
1430 1903 1484 1931 τῶν
1500 1903 1628 1930 τοιούτων
1645 1911 1652 1918 ·
1670 1902 1783 1936 καὶγὰρ
1805 1901 1902 1935 ἀφορί-

1114 1951 1216 1983 ζονται,
1231 1952 1278 1978 κα).
1286 1949 1542 1984 ἀναθεματίζονται,
1558 1949 1605 1976 καὶ
1616 1950 1672 1980 τοῖς
1681 1948 1828 1983 αἱρετικοῖς
1840 1955 1902 1973 συν-

1115 1996 1294 2033 αριθμοῦνται
1309 1996 1385 2030 παρὰ
1406 1996 1460 2022 τῶν
1477 1995 1556 2022 θείων
1567 1995 1688 2022 κανόνων
1700 1994 1724 2021 οἱ
1739 1993 1802 2028 δίχα
1821 1992 1900 2019 εὐλό-

1114 2052 1162 2078 γου
1193 2042 1281 2074 αἰτίας
1306 2041 1410 2068 τούτων
1443 2040 1701 2076 καταφρονοῦντες’
1723 2039 1771 2066 καὶ
1798 2039 1842 2066 διὰ
1872 2037 1903 2065 τὺ

1114 2089 1183 2124 πρὸς
1195 2087 1327 2119 ἀνατολὰς
1340 2087 1459 2123 ὁρῶντες
1474 2085 1622 2121 εὐχόμεθα.

1149 2137 1200 2168 νη’.
1224 2132 1375 2168 Ἐρμηνεία
1391 2131 1550 2158 συντεθεῖσα
1563 2132 1595 2157 ἐκ
1617 2130 1671 2157 τῶν
1685 2130 1766 2157 θείων
1786 2129 1903 2165 Γραφῶν

1115 2179 1180 2215 περὶ
1191 2179 1245 2206 τῶν
1266 2178 1367 2214 ἑορτῶν
1382 2185 1388 2192 ·
1411 2178 1451 2204 δτι
1471 2177 1521 2211 οὐχ
1535 2177 1628 2203 ἕνεκεν
1641 2176 1759 2211 τρυφῆς,
1789 2176 1836 2202 καὶ
1851 2176 1902 2210 ἁρ-

274 2229 349 2256 sunt,
365 2225 411 2251 sed
427 2224 460 2251 ad
475 2224 675 2251 correctionem
692 2230 718 2250 et
731 2224 874 2252 utilitatem
891 2224 1060 2257 animarum;

1114 2226 1175 2259 γίας
1193 2224 1393 2260 παρεδόθησαν,
1421 2223 1489 2250 ἀλλά
1505 2223 1572 2258 πρὸς
1600 2222 1745 2258 διόρθωσιν
1771 2223 1817 2248 καὶ
1828 2221 1903 2255 ὠφέ-

272 2275 297 2298 et
319 2270 353 2297 de
381 2271 422 2296 his
453 2277 514 2304 quae
537 2275 614 2297 extra
638 2277 739 2304 corpus
763 2274 828 2297 sunt
854 2270 1060 2304 pollutionibus,

273 2324 370 2350 nempe
382 2316 416 2342 de
430 2316 504 2343 ﬂuxu
523 2320 549 2342 et
563 2316 711 2343 similibus.

309 2363 353 2388 59.
376 2361 531 2392 Distinctio.
550 2363 591 2389 vel
607 2363 744 2396 expositio
763 2370 778 2389 e
795 2361 896 2389 divinis
912 2360 1062 2395 Scripturis

272 2413 414 2439 constans,
446 2415 566 2441 quonam
603 2409 695 2439 modo,
726 2412 753 2434 et
788 2407 896 2442 quando
937 2410 1062 2441 oporteat

272 2455 432 2489 pra-scripta
455 2454 560 2488 jejunia
585 2454 776 2481 univursaliter
802 2453 946 2480 occasione
967 2460 1062 2480 occur-

273 2502 365 2528 rentia.-
380 2505 486 2535 patrum
507 2504 533 2527 et
550 2499 667 2526 fratrum
684 2500 789 2528 solvere
809 2508 815 2526 :
833 2501 945 2534 etquod
961 2499 998 2527 illi
1014 2500 1060 2534 qui

272 2547 429 2582 pra-scripta
457 2546 562 2582 jejunia
584 2554 632 2581 per
653 2546 785 2581 Spiritum
811 2552 937 2573 sanctum
953 2547 1062 2574 solvunt

271 2593 331 2620 sine
353 2593 475 2628 legitima
498 2600 590 2625 causa,
608 2592 649 2619 vel
670 2592 826 2619 necessario
848 2593 966 2626 quodam
984 2600 1059 2624 casu,

271 2640 476 2667 communicant
493 2639 643 2668 lieresibus
659 2639 896 2667 Massalianorum.

305 2727 351 2754 60.
370 2726 407 2754 De
421 2727 490 2754 cibis
502 2732 529 2755 et
543 2727 652 2762 potibus
664 2727 806 2755 monachis
822 2727 1060 2760 convenientibus,

271 2774 454 2806 anaclioretis,
465 2780 489 2801 et
508 2774 551 2802 ln's
566 2774 612 2809 qui
633 2774 659 2801 in
672 2773 784 2809 synodis
800 2779 875 2804 sunt.
889 2778 914 2799 et
927 2773 999 2807 quod
1011 2781 1060 2808 pa-

271 2819 314 2846 nis
335 2824 363 2847 et
386 2821 426 2848 sal
449 2825 514 2848 sunt
531 2822 603 2855 regia
622 2822 663 2847 via
686 2820 846 2847 deliciarum
861 2828 867 2845 :
881 2824 908 2846 et
923 2821 994 2854 quod
1008 2820 1060 2846 illa:

271 2871 330 2897 qua!
345 2873 392 2900 per
419 2867 555 2901 pulmenta
580 2872 675 2901 praeter
700 2866 889 2894 necessitatem
915 2867 982 2893 ﬁunt
1010 2866 1059 2894 ali-

1113 2272 1188 2298 λειαν
1201 2270 1296 2305 ψυχῶν
1309 2277 1314 2284 ·
1335 2269 1383 2296 καὶ
1395 2269 1460 2304 περὶ
1472 2269 1526 2295 τῶν
1540 2269 1593 2300 ἔξω
1607 2267 1654 2295 τοῦ
1667 2267 1791 2302 σώματος
1820 2267 1902 2301 μολυ-

1113 2317 1200 2352 σμῶν,
1219 2317 1279 2351 ἦτοι
1293 2315 1356 2350 περὶ
1373 2315 1492 2349 ῥεύσεως
1508 2314 1557 2344 καὶ
1575 2313 1629 2340 τῶν
1646 2313 1786 2340 τοιούτων.

1147 2361 1196 2389 νϐ’.
1215 2361 1365 2397 Διάκρισις,
1381 2360 1441 2395 ἦτοι
1456 2359 1590 2395 ἑρμηνεία
1603 2360 1636 2386 ὲκ
1660 2358 1713 2385 τῶν
1725 2358 1806 2384 θείων
1828 2357 1903 2392 Γρα-

1113 2409 1170 2443 φῶν
1204 2409 1373 2441 συντεθεῖσα,
1391 2408 1460 2442 ποίῳ
1482 2407 1577 2441 τρόπῳ
1606 2405 1654 2432 καὶ
1679 2404 1744 2430 πότε
1769 2403 1822 2439 χρὴ
1853 2403 1902 2434 τὰς

1113 2455 1334 2491 παραδεδομένας
1345 2454 1472 2489 νηστείας
1482 2453 1521 2484 είς
1532 2452 1563 2478 τὸ
1569 2451 1658 2478 κοινὴν
1672 2450 1808 2485 προφάσει
1815 2450 1902 2474 ἁπαν-

1112 2500 1162 2534 τῆς
1172 2501 1299 2536 πατέρων
1310 2500 1357 2527 καὶ
1371 2498 1495 2533 ἀδελφῶν
1511 2495 1657 2524 καταλύειν
1670 2504 1676 2510 ·
1692 2495 1739 2521 καὶ
1755 2495 1795 2520 ὅτι
1811 2494 1836 2520 οὶ
1847 2493 1897 2524 τὰς

1113 2545 1332 2581 παραδεδόμενας
1348 2543 1474 2578 νηστείας
1484 2542 1528 2568 διὰ
1548 2540 1705 2575 "vetitum;
1722 2539 1800 2573 ἁγίου
1817 2547 1900 2565 καταο

1113 2591 1220 2622 λύοντες
1242 2591 1327 2626 χωρὶς
1355 2589 1467 2622 εὐλόγου
1500 2587 1589 2619 αἰτίας
1612 2586 1628 2621 ἢ
1655 2585 1805 2620 ἀναγκαίου
1827 2585 1900 2615 τινος

1112 2636 1286 2672 πράγματος,
1305 2632 1515 2669 συγκοινωνοῦτι
1528 2633 1588 2664 ταῖς
1602 2631 1725 2667 αἱρέσεσι
1744 2630 1798 2657 τῶν
1820 2630 1902 2657 Μασ-

1114 2681 1258 2709 σαλιανῶν.

1148 2726 1179 2760 ξ’.
1193 2726 1262 2762 Περὶ
1285 2725 1439 2760 βρωμάτων
1467 2723 1517 2751 καὶ
1537 2723 1668 2759 πομάτων
1691 2722 1748 2754 τοῖς
1775 2721 1902 2756 μοναχοῖς

1113 2772 1282 2808 πρεπόντων,
1296 2772 1351 2802 τοῖς
1377 2779 1407 2797 τε
1423 2770 1624 2806 ἀναχωρηταῖς,
1640 2768 1687 2796 καὶ
1713 2769 1769 2799 τοῖς
1789 2768 1818 2794 ὲν
1839 2775 1902 2793 aw-

1112 2819 1192 2850 ὁδοις·
1211 2819 1256 2844 καί
1264 2818 1305 2844 ὅτι
1320 2818 1401 2852 ἀρτος
1429 2817 1477 2843 καὶ
1493 2816 1560 2848 ᾶλας
1573 2816 1647 2842 ἐστὶν
1664 2816 1680 2850 ἡ
1703 2812 1830 2849 βασιλικὴ
1844 2811 1903 2842 ὁδὸς

1111 2866 1161 2898 τῆς
1172 2864 1277 2899 τρυφῆς
1299 2871 1305 2878 ’
1329 2864 1375 2890 καὶ
1398 2863 1439 2890 ὅτι
1453 2863 1482 2889 αι
1499 2862 1544 2889 διὰ
1565 2861 1620 2889 τῶν
1637 2861 1803 2897 ἀρτυμάτων
1828 2858 1903 2893 παρὰ
