2076 3158
251 152 318 184 Ῑῗὲι

602 149 985 183 INTERPRETATIONES
1006 149 1228 181 DIVINORUM
1246 150 1526 183 MANDATORUM.

1808 152 1877 186 1382

249 211 278 236 τὺ
288 209 346 237 δέον
356 210 454 244 τροφαὶ
462 209 610 244 ἀπόϐλητοι
622 210 675 236 εἰσι
691 217 698 224 ·
710 209 760 236 καὶ
783 209 823 235 ὅτι
839 208 919 242 φύσει
936 209 951 242 ἡ
978 208 1030 234 τῶν

1085 212 1187 242 menta,
1204 209 1418 244 eontemptil-ilia
1437 212 1516 242 sunt;
1533 212 1560 235 et
1580 208 1653 243 quod
1669 212 1767 237 natura
1783 211 1875 238 ltom1-

248 254 399 290 ἀνθρώπων
409 255 496 290 τροφὴ
509 255 584 290 παρὰ
601 255 648 281 τοῦ
665 254 837 290 Δημιουργοῦ
864 254 981 288 ὡρίσθη,
994 254 1037 280 οἵα

248 300 296 326 καὶ
318 301 373 331 τοῖς
387 299 478 332 ζώοις,
499 301 512 327 ὁ
537 301 631 335 χόρτος
647 300 696 335 τῆς
715 300 766 335 γῆς
788 299 923 334 δηλονότι,
937 300 983 325 καὶ
1003 299 1037 326 τὰ

249 347 394 380 σπέρματα
409 354 416 360 ·
433 346 481 371 καὶ
507 346 547 371 ὅτι
569 345 665 380 καιροῦ
690 354 754 372 ποτε
782 346 897 379 εὐλόγου
929 353 1036 379 συμπε-

249 390 350 422 σόντος,
363 391 401 422 εἰς
418 390 496 423 δόξαν
510 390 578 417 Θεοῦ
595 391 813 425 μεταλαμϐάνειν
840 391 893 425 χρὴ
909 390 956 416 τὸν
974 390 1037 425 βου-

247 436 359 470 λόμενον
383 437 436 462 ἀπὸ
449 436 558 463 πάντων
573 437 622 463 ὃσα
647 438 702 468 τοῖς
720 438 847 471 μοναχοῖς
865 436 1032 470 ἀφώρισται.

283 480 332 512 Ea].
351 481 419 516 Περὶ
435 482 563 516 βρώσεως
594 482 640 508 καὶ
666 482 771 513 πόσεως
788 482 843 508 τῶν
863 483 892 508 ὲν
905 483 961 514 τοῖς
978 490 1036 508 κοι-

248 526 346 557 νσὸίοις
357 527 513 560 διαγόντων,
528 527 567 553 ἔτι
587 528 615 553 δὲ
628 528 674 553 καὶ
688 527 750 562 περὶ
767 527 954 562 ὰναχωρητῶν
967 536 973 542 ·
989 527 1036 554 καὶ

247 572 288 597 ὅτι
300 572 330 597 οὐ
345 571 386 597 δεῖ
398 572 544 606 γογγύζειν
556 572 648 599 ἕνεκεν
663 573 801 608 βρώσεως,
816 573 1036 608 ἢάποσχίζεσθαι

247 617 295 650 τῆς
314 616 452 651 τραπέζης
465 618 518 643 τῶν
537 618 669 652 ἀδελφῶν,
685 618 731 645 καὶ
746 618 829 652 ἔτερα
846 619 985 652 ἐπιζητεῖν
1002 618 1036 644 τὰ

248 661 364 696 ἡδύτερα
394 663 441 687 καὶ
467 662 671 698 εὐχρηστότεροι
692 670 698 676 ·
728 663 774 688 καὶ
800 663 841 688 ὅτι
875 662 955 697 ἄρτος
986 663 1033 688 καὶ

248 706 392 740 σπέρματα
408 708 582 743 ἐκπληρώσει
599 709 647 743 τὴν
661 709 755 744 χρείαν
769 708 816 734 τοῦ
833 708 968 742 σώματος,
989 708 1036 734 καὶ

248 751 319 786 ὕδωρ
333 752 381 787 τὴν
398 753 477 787 δίψαν
494 753 532 788 τῷ
550 754 715 787 ὑγιαίνοντι·
731 754 777 780 καὶ
790 754 830 780 ὅτι
854 754 951 788 καιροῦ
970 762 1035 780 ποτε

247 797 356 830 εὐλόγου
373 799 568 833 συμπεσόντος,
594 801 633 831 είς
646 800 724 832 δόξαν
736 800 803 826 Θεοῦ
816 800 1035 835 μεταλαμϐάνειν

246 841 290 866 τὸν
308 842 469 877 βουλόμενον
485 844 577 878 τυροῦ,
595 845 641 870 καὶ
656 844 720 877 ὡοῦ,
738 845 784 871 καὶ
805 845 905 880 ἰχθύος,
924 845 1033 871 καὶτῶν

246 887 385 917 τοιούτων,
402 889 448 914 καὶ
462 890 512 915 ὅσα
526 891 581 921 τοῖς
597 892 721 924 μοναχοῖς
736 890 900 925 ἀφώρισται.

282 931 331 966 ξβ’.
351 933 416 968 Περὶ
431 934 558 968 βρώσεως
574 935 620 961 καὶ
643 936 747 967 πόσεως
764 936 818 961 τῶν
834 936 905 962 κατά
931 936 1034 971 κόσμον

246 977 379 1011 βιωτικῶν
396 988 402 994 ·
424 979 471 1006 καὶ
485 979 544 1012 πῶς
558 981 598 1007 δεῖ
609 981 944 1016 τρέφεσθαιΧριστιανούς
961 989 968 997 ·
987 982 1033 1008 καὶ

245 1023 286 1049 ὅτι
304 1023 459 1058 σπέρματα,
485 1026 531 1052 καὶ
555 1026 636 1062 χλόην
661 1027 690 1060 ἐξ
724 1027 811 1062 ἀρχῆς
837 1027 1033 1062 ἐνομοθέτησεν

244 1067 259 1094 ὁ
285 1068 350 1099 Θεὸς
374 1070 436 1101 τοὺς
463 1070 623 1106 ἀνθρώπους
654 1072 777 1098 ἐσθίειν·
803 1073 850 1100 καὶ
865 1073 935 1107 δτιὴ
950 1081 1033 1108 κρεωι

245 1114 330 1147 φαγῐα
349 1116 422 1150 καὶὴ
440 1117 580 1143 οἱνοποσία
597 1117 664 1152 μετὰ
678 1117 722 1144 τὸν
733 1118 925 1153 κατακλυσμὸν
935 1119 1030 1150 ὲπειστ

243 1159 310 1196 ἦλθε
327 1160 364 1195 τῷ
379 1161 438 1195 βίῳ,
454 1162 502 1188 καὶ
516 1164 572 1194 τοῖς
585 1163 656 1190 κατὰ
670 1163 772 1198 κόσμον
787 1164 818 1189 ὲν
838 1163 927 1198 καιρῷ
945 1164 1031 1198 ἀναγ-

246 1205 313 1238 καίῳ
322 1207 407 1233 ταῦτα
419 1208 571 1243 ἀπόϐλητα.

281 1250 329 1284 ἐτ’.
347 1253 413 1287 Περὶ
427 1255 603 1288 χειροτονίας,
615 1255 662 1281 καὶ
677 1255 864 1290 καθαιρέσεως
875 1255 1013 1290 κληρικῶν
1022 1263 1028 1271 ·

245 1298 291 1334 καὶ
309 1297 349 1323 ὅτι
366 1299 391 1323 οἱ
409 1300 483 1333 παρὰ
498 1300 560 1331 τοὺς
588 1300 757 1335 ὡρισμένους
777 1302 889 1336 χρόνους
908 1309 1029 1336 χειροτο-

243 1341 369 1374 νηθέντες
396 1344 601 1378 καθαιροῦνται,
619 1346 665 1372 καὶ
679 1346 693 1372 ό
709 1346 800 1377 κύϐοις
817 1345 966 1380 σχολάζων,
983 1347 1030 1372 καὶ

245 1386 340 1420 μέθαις
357 1387 486 1423 κληρικὸς
493 1390 674 1425 καθαιρεῖται,
685 1393 698 1417 ὁ
708 1391 736 1417 δὲ
747 1391 840 1422 λαῐκὺς
854 1392 1027 1426 acceptis-mu

243 1432 290 1457 καὶ
305 1432 345 1458 ὅτι
356 1434 370 1457 ὁ
386 1434 440 1460 ἀπὸ
455 1435 503 1468 τῆς
524 1435 731 1470 ἀρχιερωσύνης
743 1438 783 1467 είς
809 1438 859 1471 τὴν
878 1436 1029 1471 μοναχικὴν

243 1476 320 1507 ¹παίειν
340 1477 433 1511 ἐλθὼν,
450 1480 499 1505 οὑκ
518 1480 708 1515 ἔτιίεράτευσε
726 1489 733 1496 ·
747 1481 794 1507 καὶ
814 1481 878 1516 περὶ
894 1481 1029 1515 διαφόρων

243 1521 406 1549 ὑποθέσεων·
425 1524 470 1549 καὶ
487 1524 527 1550 ὃτι
542 1524 570 1550 ἓν
586 1525 694 1559 πνεῦμα
711 1526 862 1560 ἐνήργησεν
881 1526 920 1556 εἷς
933 1534 961 1551 τε
979 1527 1028 1555 τὰς

241 1569 365 1598 τοπικὰς,
383 1569 429 1594 καὶ
455 1569 495 1600 είς
521 1569 571 1601 τὰς
593 1571 787 1604 οικουμενικὰς
811 1570 954 1601 συνόδους·
983 1571 1030 1596 καὶ

241 1611 293 1646 χρὴ
304 1611 356 1642 ἓως
369 1612 467 1644 αἰῶνος
482 1615 544 1646 τοὺς
562 1615 745 1650 Χριστιανοὺς
760 1616 823 1646 τοὺς
838 1615 926 1646 θείους
940 1615 1030 1642 αὐτῶν

241 1656 386 1690 φυλάττειν
402 1659 527 1691 κανόνας.

1089 261 1154 280 num
1168 261 1230 282 esea
1252 262 1265 280 a
1285 255 1415 282 Creatore
1434 255 1590 289 praescripta
1607 259 1659 286 est,
1674 254 1756 283 sicuti
1774 260 1801 282 et
1816 258 1877 284 ani-

1089 299 1216 332 malibus,
1231 305 1309 326 terrze
1327 299 1418 326 fenum
1436 300 1576 327 evidenter
1587 305 1613 327 et
1625 300 1745 334 semina;
1762 307 1788 328 et
1801 303 1873 336 quod

1088 347 1212 377 tempore
1239 348 1393 377 opportuno
1423 344 1609 379 contingente,
1634 345 1661 371 in
1682 345 1796 379 gloriam
1828 347 1873 374 Dei

1088 393 1196 423 oportet
1205 389 1329 423 accipere
1343 390 1479 417 volentem
1496 390 1530 417 ab
1541 391 1680 424 omnibus,
1696 397 1798 426 quanta
1816 401 1875 420 mo-

1088 435 1184 462 nachis
1199 436 1404 469 permittuntur.

1123 481 1166 507 6i.
1197 480 1235 508 De
1264 482 1325 509 cibo
1351 487 1378 509 et
1405 487 1470 517 potu
1498 490 1591 510 eorum
1615 485 1661 519 qui
1685 485 1712 513 in
1741 488 1875 515 coenobiis

1088 525 1198 560 degunt,
1213 527 1328 553 etetiam
1344 528 1377 554 de
1390 528 1564 557 anachoretis
1577 537 1583 556 :
1597 533 1624 556 et
1637 531 1709 564 quod
1723 539 1777 558 non
1794 540 1876 567 opor-

1089 576 1124 599 tet
1135 580 1308 600 murmurare
1317 579 1427 608 propter
1436 575 1538 607 cibum,
1550 575 1592 602 vel
1602 575 1742 604 discedere
1751 586 1764 604 a
1779 586 1873 606 mensa

1088 617 1214 649 fratrum,
1231 623 1258 646 et
1273 619 1326 645 alia
1339 621 1484 654 exquirere
1496 620 1662 654 jucundinra
1679 626 1706 649 et
1731 623 1872 657 dulciora;

1087 667 1113 690 ct
1135 664 1206 698 quod
1235 665 1314 698 panis
1337 670 1364 692 et
1389 665 1493 692 semina
1514 666 1653 694 satiabunt
1680 670 1872 697 necessitatem

1087 710 1225 743 c0rporis.
1242 714 1267 736 et
1283 717 1352 745 aqua
1368 711 1442 737 sitim
1459 711 1527 738 bene
1543 712 1663 745 valenti;
1678 718 1705 739 et
1717 715 1789 748 quod
1805 720 1873 741 tem~

1087 761 1152 787 pore
1168 753 1289 788 legitimo
1312 754 1498 790 contingente,
1523 755 1550 782 in
1571 755 1684 790 gloriam
1703 757 1750 785 Dei
1767 763 1874 794 oportet

1087 800 1210 833 accipere
1220 799 1355 826 volentem
1371 807 1493 833 caseum,
1512 809 1575 834 ova,
1589 802 1703 836 piscem,
1717 809 1744 831 et
1759 804 1870 836 similia.

1086 850 1188 879 quanta
1208 845 1351 872 monachis
1365 846 1567 879 permittuntur.

1125 931 1169 957 62.
1191 931 1228 958 De
1239 931 1302 958 cibo
1313 935 1340 958 et
1356 935 1420 965 potu
1435 938 1529 958 eorum
1542 931 1588 966 qtti
1600 933 1626 958 in
1643 933 1746 960 mttndo
1762 932 1872 960 vivunt:

1086 982 1112 1004 et
1125 977 1263 1011 quomodo
1275 977 1374 1004 debent
1389 977 1424 1004 ali
1441 977 1608 1010 Christiani;
1627 982 1653 1005 et
1668 978 1741 1012 quod
1755 979 1871 1010 semina,

1086 1028 1112 1050 et
1126 1024 1237 1050 herbam
1253 1029 1268 1049 a
1287 1023 1420 1057 principio
1435 1023 1555 1050 instituit
1574 1023 1645 1050 Deus
1662 1024 1696 1051 ab
1714 1024 1872 1051 hominibus

1086 1068 1261 1101 manducari;
1277 1073 1304 1096 ct
1318 1069 1390 1103 quod
1406 1068 1498 1096 carnis
1515 1076 1590 1102 esus,
1603 1074 1630 1096 et
1643 1069 1698 1096 vini
1714 1074 1794 1104 potus
1805 1074 1870 1103 post

1085 1113 1217 1140 diluvium
1241 1113 1268 1139 in
1299 1113 1428 1140 mundutn
1455 1113 1643 1146 intraverunt,
1664 1118 1691 1141 et
1717 1114 1759 1141 his
1780 1114 1825 1149 qui
1844 1115 1870 1141 in

1085 1160 1188 1186 nmndo
1210 1164 1274 1187 suttt
1292 1159 1319 1186 in
1338 1165 1458 1193 tempore
1473 1159 1629 1187 necessario
1653 1159 1705 1188 ista
1723 1160 1870 1193 rejicienda

1085 1209 1160 1232 sunt.

1119 1251 1164 1278 63.
1180 1250 1217 1277 De
1238 1251 1420 1282 ordinatione,
1443 1254 1470 1277 et
1493 1250 1666 1285 depositione
1683 1250 1847 1278 clericorum
1862 1260 1869 1277 :

1083 1301 1110 1323 et
1122 1297 1193 1331 quod
1207 1296 1244 1322 illi
1258 1297 1304 1330 qui
1317 1301 1413 1330 prmter
1423 1300 1524 1323 statuta
1541 1300 1662 1330 tempora
1675 1295 1794 1323 ordinati
1807 1301 1872 1323 sunt

1083 1341 1268 1375 deponuntur,
1281 1344 1307 1367 et
1321 1340 1368 1374 qui
1388 1341 1449 1367 talis
1457 1345 1484 1367 et
1499 1341 1678 1368 ebrietatibus
1695 1346 1775 1368 vocat
1790 1341 1871 1368 cleri-

1082 1394 1132 1414 cus
1146 1387 1302 1420 deponitur,
1316 1386 1402 1415 laicus
1415 1390 1505 1413 autem
1519 1390 1680 1420 separatur;
1694 1390 1722 1413 et
1737 1387 1811 1420 quod
1825 1387 1870 1414 ille

1083 1432 1129 1466 qui
1153 1440 1166 1458 a
1183 1436 1254 1459 statu
1271 1431 1433 1458 sacerdotali
1453 1431 1480 1458 in
1504 1431 1686 1458 m0uasticum
1708 1431 1869 1465 ingreditur,

1081 1477 1135 1510 jam
1150 1484 1204 1502 non
1218 1476 1368 1502 ministerio
1382 1483 1462 1503 sacro
1477 1480 1570 1508 vacat;
1589 1481 1615 1503 et
1627 1476 1661 1502 de
1674 1476 1791 1503 diversis
1803 1476 1869 1503 suh-

1080 1522 1176 1556 jeclis;
1194 1526 1220 1548 et
1235 1522 1307 1556 quod
1324 1529 1394 1548 unus
1420 1521 1535 1556 spiritus
1556 1521 1701 1556 inspiravit
1728 1522 1754 1548 in
1772 1522 1868 1549 locali-

1087 1569 1136 1595 bus
1150 1569 1211 1595 etin
1221 1568 1393 1602 generalibus
1402 1567 1527 1602 synodis;
1539 1571 1565 1594 et
1577 1571 1685 1602 oportet
1695 1567 1868 1595 Christianos

1083 1621 1203 1641 canones
1222 1613 1329 1640 divinos
1347 1621 1440 1641 earum
1457 1613 1616 1641 observare.

497 1718 561 1745 Post
579 1719 704 1753 paginam
717 1718 753 1751 ς’,
772 1725 848 1754 caput
869 1719 983 1754 primunt
1001 1719 1039 1745 ita
1055 1717 1157 1751 incipit,
1181 1715 1290 1750 pt'w/ixa
1304 1714 1392 1742 rubria
1408 1714 1504 1742 litteris
1521 1713 1619 1741 titulo:

280 1785 427 1821 Ἐρμηνεία
453 1786 507 1812 τῶν
521 1786 635 1813 ἐντολῶν
652 1787 698 1813 τοῦ
715 1787 817 1822 Κυρίου
843 1787 921 1822 ἡμῶν
941 1786 1027 1821 Ἰησοῦ

239 1831 369 1867 Χριστοῦ,
392 1831 469 1866 λόγος
500 1832 691 1866 διαλαμόἀνων
717 1833 850 1867 περὶτῆς
873 1832 1027 1863 ὑποθέσεως

238 1877 285 1903 τοῦ
305 1877 418 1910 βιϐλίου.
437 1877 510 1911 Αὐτὴ
525 1878 541 1911 ἠ
563 1877 653 1911 βίβλος
667 1877 715 1908 τὰς
733 1877 780 1903 τοῦ
799 1879 901 1913 Κυρίου
918 1878 966 1912 μὲν
982 1879 1025 1904 εν-

238 1923 328 1953 τολὰς,
342 1922 452 1953 καὶτὰς
468 1922 571 1948 τούτων
595 1923 745 1957 ἑρμηνείας
766 1924 901 1958 περιέχει,
928 1932 1026 1958 συναρο

241 1967 374 2003 μοζούσας
386 1968 414 1994 δὲ
423 1967 535 1998 ταύταις
549 1968 597 1994 καὶ
609 1967 839 1999 ὲξακολουθούσας
851 1969 962 2003 ὁμοίως,
978 1969 1025 1994 καὶ

238 2015 287 2044 τὰς
313 2014 369 2040 τῶν
383 2014 467 2047 ἁγίων
496 2013 625 2048 Πατέρων
640 2014 812 2045 διδασκαλίας
833 2014 1028 2050 συμπεριείλη-

238 2067 296 2092 φεν,
309 2058 424 2084 ἕκαστον
440 2059 472 2084 ἐκ
487 2058 603 2090 θατέρου
618 2059 757 2093 λαμϐάνον
771 2059 821 2095 τὴν
838 2059 966 2094 ἀφορμὴν
979 2067 1025 2086 κε·-

238 2105 349 2139 φάλαιον
367 2105 496 2139 φέρουσα,
513 2105 560 2130 καὶ
572 2104 666 2140 ὥσπερ
685 2114 727 2136 τις
751 2105 936 2140 χρυσόπλοκος
949 2107 1024 2141 σχοῖ-

237 2159 280 2181 νος
291 2150 335 2176 διὰ
354 2150 444 2182 λίθων,
465 2151 512 2177 καὶ
530 2151 710 2186 μαργαριτῶν
722 2152 822 2186 τιμίων
834 2150 1021 2187 ὲξυφασμένη.

1118 1784 1259 1819 ExpOsitio
1296 1783 1487 1810 mandatorum
1525 1781 1635 1808 Domini
1678 1781 1765 1808 nostri
1799 1779 1865 1809 Jesu

1080 1830 1193 1862 Christi,
1209 1836 1300 1856 seruio
1314 1831 1434 1855 tractans
1451 1827 1485 1854 de
1501 1826 1624 1860 subjecto
1641 1826 1713 1853 libri.
1731 1825 1780 1852 Hic
1794 1826 1866 1853 liber

1079 1875 1187 1902 Domini
1203 1876 1342 1907 mandata,
1362 1878 1389 1900 et
1404 1875 1502 1900 horum
1524 1872 1722 1906 explicationes
1747 1872 1866 1906 complc-

1078 1921 1171 1952 ctitur,
1190 1920 1331 1954 adaptatas
1345 1919 1388 1945 his
1405 1923 1431 1946 et
1445 1918 1631 1945 eonsectarias
1646 1917 1740 1948 simul,
1759 1922 1786 1944 et
1801 1925 1866 1943 san-

1077 1971 1183 1994 ctorum
1192 1965 1303 1991 Patrum
1314 1963 1454 1990 doctrinas
1468 1963 1601 1994 continet,
1611 1961 1758 1996 praeferens
1773 1962 1862 1995 quod-

1077 2018 1129 2044 que
1145 2013 1227 2043 caput
1249 2016 1264 2036 e
1286 2008 1402 2043 singulis
1427 2007 1556 2034 Palribus
1576 2006 1684 2033 titulum
1706 2013 1819 2033 sumens
1836 2009 1864 2032 ot

1076 2057 1148 2082 sicut
1160 2059 1255 2082 catena
1271 2062 1303 2080 ex
1321 2061 1389 2080 auro
1405 2052 1536 2080 fabricata
1552 2055 1579 2079 et
1595 2050 1731 2086 lapidibus
1747 2055 1775 2077 et
1788 2057 1864 2078 mar-

1075 2102 1170 2137 garitis
1185 2101 1327 2128 adornata.

276 2196 509 2223 Ultinmmdesinit
528 2205 537 2223 .'
551 2197 613 2228 Τοῖς
637 2197 666 2223 δὲ
696 2197 857 2232 φιλομαθέσι
875 2197 960 2224 πολλὰ
977 2196 1023 2224 καὶ

1112 2198 1222 2226 Sciendi
1249 2197 1355 2233 cupidis
1381 2197 1466 2224 multa
1488 2200 1516 2224 et
1541 2196 1593 2223 alia
1618 2194 1726 2222 aliunde
1750 2193 1862 2220 omnino

234 2243 303 2268 ἄλλα
317 2243 481 2278 πολλαχόθεν
497 2242 602 2275 ἔξεστιν
623 2243 755 2279 ἐξευρεῖν.

1076 2245 1222 2280 exquirere
1237 2244 1310 2272 licet.

478 2312 510 2338 In
523 2312 618 2338 ultima
639 2312 745 2339 tandem
761 2313 864 2347 pagina:
883 2321 941 2346 ora,
959 2313 1121 2348 fugientibus
1135 2315 1217 2349 ferme
1238 2315 1333 2342 litteris
1351 2314 1405 2341 haec
1423 2312 1520 2347 scripta
1535 2315 1616 2340 sunt:

270 2380 375 2415 ’Ὠσπερ
391 2380 460 2412 ξένοι
485 2381 609 2416 χαίρουσι
632 2382 748 2417 πατρίδα
781 2383 925 2419 ἐμϐλέψαι,
949 2382 1020 2409 οὕτω

235 2429 281 2454 καὶ
292 2427 317 2451 οἱ
335 2427 486 2461 γράςοντες
502 2427 605 2462 βιὸλίου
619 2428 706 2460 τέλος.

1113 2382 1189 2410 Sicut
1205 2382 1334 2417 pcrigrini
1347 2382 1464 2416 gaudent
1482 2381 1600 2416 patriam
1614 2379 1760 2414 inspicere,
1778 2377 1816 2406 ita
1834 2382 1861 2404 et

1075 2429 1229 2457 scribentes
1243 2428 1324 2456 libelli
1340 2428 1430 2455 tinent.
