2076 3158
240 160 308 193 1383

659 166 854 196 OPUSCULA
875 167 1047 198 MORALIA
1068 168 1244 198 INCERT/E
1263 168 1418 200 ETATIS.

1793 169 1861 202 138i

755 320 1350 380 ΑΠΟΦΘΕΓΜΑΤΑ

615 443 783 485 ΛΓΙΩΝ
825 442 1128 486 ΘΕΟΦΟΡΩΝ
1165 446 1424 490 ΠΑΤΕΡΩΝ
1451 443 1479 488 ⁸.

1039 548 1076 556 τ·-

726 619 1364 681 APOPHTHEGMATA

444 749 802 795 SANCTOBUM
840 749 1351 797 THEOPHORORUM
1391 754 1654 800 PATRUM.

708 855 756 887 (Ex
770 855 896 881 Anecdolia
908 857 930 881 J.
945 857 987 882 Fr.
999 858 1159 888 Boissonade,
1177 862 1234 884 tom.
1247 859 1265 890 Ι,
1278 866 1303 890 p.
1317 860 1383 892 109.)

268 1001 399 1029 Ιθτρηιῑιρ.
420 1001 515 1029 Venite
527 1006 554 1029 et
576 1003 716 1030 tnittamus
733 1004 848 1039 lapidem
872 1006 898 1032 in
919 1014 1016 1040 panetn
1037 1014 1057 1039 Α

232 1048 302 1081 ejus,
318 1053 344 1075 et
358 1049 503 1076 eradamus
526 1057 588 1076 eum
617 1049 650 1076 de
666 1055 735 1076 terra
762 1051 921 1079 viventium.
949 1053 1018 1080 Ecce

232 1095 341 1121 domum
361 1093 429 1121 Juda
445 1095 573 1122 tollamus
584 1095 617 1122 de
633 1096 722 1124 medio
740 1104 846 1124 eorum.

265 1183 368 1209 Basilii.
380 1198 414 1202 —
424 1183 515 1211 Rebus
527 1183 636 1218 quidem
651 1185 865 1213 modestioribus
881 1191 907 1213 et
922 1195 1019 1215 neces-

231 1227 311 1254 sariis
323 1229 355 1254 ad
367 1229 512 1255 vivendunt
523 1231 650 1264 usquead
665 1231 808 1258 utilitatem
824 1233 1018 1266 inltatrcamus,

231 1273 315 1299 etiarn
335 1274 361 1299 in
382 1273 423 1300 Itis
439 1274 590 1301 satietatem
607 1275 741 1303 evitantes
763 1286 769 1303 :
787 1277 869 1304 rebus
886 1285 947 1305 vero
959 1286 1019 1313 qua:

231 1319 265 1345 atl
279 1319 441 1353 voluptatem
458 1324 523 1345 sttut
556 1321 668 1347 omnino
684 1321 883 1350 abstineamus.

274 1364 473 1399 Cbrysostomi.
491 1379 525 1384 —
538 1364 687 1393 Moderatio
700 1371 726 1393 et
740 1366 880 1401 frugalitas
896 1370 1019 1397 sanitatis

232 1415 318 1437 mater
331 1415 381 1442 est,
398 1410 469 1439 unde
479 1410 576 1438 medici
592 1419 598 1436 :
613 1410 756 1438 Imatictaa
771 1413 832 1446 cibi,
851 1415 964 1447 sanitas,
981 1417 1020 1443 div

231 1461 306 1483 cunt.
324 1457 352 1483 Si
371 1464 434 1483 vero
449 1456 614 1483 abstinentia
632 1462 717 1484 ntater
735 1459 859 1486 sanitatis
875 1465 926 1492 est,
944 1467 1018 1495 patet

231 1501 382 1527 satietatem
409 1501 565 1527 morborum
583 1508 643 1528 esse
659 1506 783 1529 matrem.

264 1547 387 1581 Gregorii
402 1546 543 1581 Tlteologi.
554 1562 586 1568 κ-
598 1546 715 1574 Satietas
727 1548 913 1577 conviciorum
927 1555 1018 1585 pater:

231 1598 284 1618 non
310 1592 390 1626 igitur
417 1592 465 1619 tibi
492 1599 575 1619 suave
599 1593 652 1620 erit.
681 1597 783 1628 guttur,
810 1596 881 1629 quod
894 1597 1019 1624 devastat

231 1638 320 1664 omnia
334 1646 394 1672 quae
409 1638 517 1665 dantur.

266 1694 418 1722 Athanasii.
435 1694 595 1722 —-Satietas
611 1703 719 1722 carnem
736 1694 818 1722 eﬂicit
830 1695 1015 1725 lascivientem
1036 1687 1055 1714 Β

231 1744 258 1765 et
271 1740 506 1773 recalcitrantem;
523 1741 701 1775 temperantia
721 1745 812 1768 autem
828 1742 902 1769 illam
919 1745 1016 1772 morti-

232 1785 294 1811 ticat
305 1790 331 1811 et
342 1785 461 1819 subjicit.

266 1829 388 1865 Gregorii
402 1831 530 1866 Nysseni.
549 1849 579 1854 —
593 1835 686 1871 Neque
702 1837 774 1864 enint
787 1839 897 1866 athletis
913 1847 940 1865 tn
958 1846 1017 1866 cer-

233 1874 342 1902 taminis
366 1880 487 1911 tempore
504 1878 577 1906 utilis
595 1885 637 1907 est
655 1881 776 1915 satietas,
813 1890 899 1918 neque
919 1884 1017 1911 ascetis

232 1920 401 1947 certantibus
415 1928 532 1955 semper.

266 1976 370 2011 Cyl-illi.
383 1992 418 1997 —
434 1978 501 2005 Vera
530 1982 710 2015 temperantia
727 1990 779 2010 non
797 1984 959 2012 abstinentia
976 1990 1018 2013 est

231 2024 379 2058 completa;
394 2024 459 2052 illud
482 2027 554 2054 enim
573 2035 674 2063 corpus
698 2029 833 2063 debilitat,
862 2031 909 2058 sed
933 2033 1016 2060 satie~

232 2073 313 2096 latent
326 2070 420 2097 evitat.

268 2113 358 2141 Sabat.
376 2130 410 2135 -—-
426 2114 478 2148 Qui
501 2121 575 2144 antat
587 2117 670 2145 Deum
687 2119 835 2153 angelicam
851 2121 935 2149 vitam
951 2123 1016 2149 vivit

232 2159 260 2187 in
278 2165 360 2195 terra,
370 2161 509 2196 jejunans,
528 2163 658 2197 psallens,
673 2164 800 2199 vigilans,
816 2174 909 2194 orans.

268 2258 418 2293 Euthymii.
446 2274 481 2280 —-
507 2260 610 2288 Merccs
640 2264 826 2296 temperantiae
858 2267 1014 2300 passionum

232 2304 328 2338 quies;
341 2305 398 2332 haec
410 2309 500 2332 autem
519 2307 715 2341 perfectionem
735 2315 856 2344 generat,
877 2320 937 2347 qua:
954 2322 1015 2348 pro-

233 2349 293 2383 pius
310 2349 383 2376 ducit
400 2351 433 2377 ad
446 2350 541 2379 Deum.

269 2395 344 2421 Pauli
357 2394 476 2422 Tltebati.
497 2397 598 2424 —Non
614 2398 667 2426 cibi
688 2401 750 2427 mali
771 2406 845 2434 sunt,
859 2403 904 2429 sed
919 2403 1018 2430 intem-

231 2441 370 2476 perantia:
397 2441 501 2468 nullum
527 2443 600 2469 enim
631 2443 677 2470 Dei
700 2452 812 2480 operum
836 2447 947 2480 malum,
972 2449 1018 2476 sed

233 2486 334 2512 abusus
346 2491 485 2520 peccatum
499 2490 550 2513 est.

266 2530 356 2558 Antia.
373 2546 402 2551 -—
422 2530 480 2558 Non
509 2536 618 2566 oportet
641 2538 763 2561 metuere
786 2535 939 2563 daunmnun
969 2538 1019 2563 int-

231 2580 326 2610 petus:
343 2577 513 2605 orationibus
528 2578 601 2605 cnint
617 2583 643 2605 et
653 2578 765 2613 jejuniis
782 2585 807 2607 ct
823 2581 874 2608 tide
886 2582 911 2608 iu
927 2582 1016 2609 Dolui-

231 2629 296 2648 num
312 2622 403 2649 statim
418 2622 462 2650 isti
480 2622 617 2651 decidunt.

265 2667 384 2695 Arsenii.
398 2683 433 2688 —
448 2668 499 2702 Qui
514 2669 586 2706 ligna
611 2671 638 2697 in
661 2671 722 2706 igne
739 2673 859 2708 cmigerit
879 2673 1014 2700 ﬂammam

265 2754 421 2795 ’.__E_cotlice
436 2757 601 2795 τεεί-ολδερ,
617 2766 677 2793 pag.
695 2760 758 2792 20l,
774 2759 785 2786 l
803 2768 880 2795 seqq.

266 2791 303 2824 (ι)
319 2790 420 2819 Jerem.
434 2790 531 2824 x519,
549 2790 773 2821 cunt-varietate.

267 2825 304 2860 t2)
319 2825 513 2864 Ecspiciuntur
528 2826 704 2864 "Hippocratis
718 2829 796 2864 Εμὶιι.
812 2837 847 2858 vt.
862 2831 888 2861 4,
902 2831 948 2857 20.
963 2830 1012 2857 lsi—

232 2857 315 2886 dorus
326 2857 381 2888 Pcl:
396 2870 422 2894 v,
435 2862 487 2888 528
502 2872 508 2890 :
526 2857 634 2890 ἴσθίἷιτι
651 2865 696 2890 καὶ
711 2857 891 2900 Ἰνὶποκράτηξ
902 2867 914 2892 ό
925 2865 1012 2897 Κῶος,

1115 1009 1257 1044 Ἰερεμίου.
1271 1025 1306 1029 —
1320 1010 1403 1037 Δεῦτε
1420 1011 1459 1046 (1)
1480 1012 1526 1038 καὶ
1546 1013 1713 1049 ἐμϐάλωμεν
1727 1015 1801 1042 λίϐον
1816 1017 1858 1048 είς

1070 1055 1116 1081 τὸν
1132 1055 1214 1090 ἄρτον
1238 1056 1332 1090 αὑτοῦ,
1359 1057 1407 1083 καὶ
1427 1058 1602 1093 ἐκτρίψωμεν
1626 1060 1707 1087 αὐτὸν
1732 1061 1786 1087 ἀπὸ
1805 1063 1857 1096 γῆς

1070 1098 1188 1130 ζώντων.
1215 1100 1279 1126 Ἰδοὺ
1292 1100 1338 1127 τὸν
1350 1098 1424 1128 οῐκον
1444 1101 1528 1128 Ἰούδα
1547 1103 1709 1139 ἐκϐάλωμεν
1723 1106 1755 1132 ἐκ
1771 1106 1855 1141 μέσον

1070 1153 1171 1172 αυτων.

1105 1190 1258 1218 Βασιλείου.
1276 1206 1312 1211 -
1327 1193 1388 1224 Τοῖς
1406 1193 1455 1227 μὲν
1469 1193 1670 1229 εὐτελεστέροις
1693 1195 1740 1221 καὶ
1767 1197 1855 1230 ἄναγε

1071 1236 1161 1268 καίοις
1177 1237 1246 1272 πρὸς
1265 1237 1296 1264 τὺ
1310 1238 1360 1274 ζῇν
1374 1239 1454 1274 μέχρι
1467 1240 1515 1274 τῆς
1527 1240 1622 1274 χρείας
1637 1242 1856 1276 προσδιατρίψω-

1072 1291 1132 1317 μεν,
1151 1286 1199 1310 καὶ
1212 1285 1241 1310 ὲν
1255 1284 1362 1316 τούτοις
1387 1285 1432 1310 τὸν
1456 1286 1537 1320 κόρον
1551 1286 1722 1318 ἐκκλίνοντες
1736 1295 1743 1302 ·
1762 1289 1814 1314 τῶν
1828 1288 1856 1314 δὲ

1072 1328 1139 1363 πρὸς
1155 1329 1250 1365 ἡδονὴν
1266 1330 1381 1356 καθόλου
1397 1330 1573 1364 ἀπεχώμεθα.

1108 1374 1160 1400 Τοῦ
1177 1375 1383 1409 Χρυσοστόμου.
1402 1390 1438 1395 —
1456 1376 1487 1401 'H
1505 1375 1629 1402 εὐτέλεια
1644 1377 1692 1403 καὶ
1714 1377 1730 1412 ἡ
1749 1378 1856 1412 ludet};

1072 1419 1164 1452 ὑγείας
1174 1419 1265 1453 μήτηρ
1275 1420 1358 1451 ἐστὶν,
1369 1419 1430 1445 ὅθεν
1444 1420 1530 1454 ἰατροὶ
1539 1419 1578 1454 (2)
1599 1420 1714 1454 Ἁκορίη
1731 1421 1852 1456 τροφῆς,

1070 1464 1166 1498 ily-sin,
1184 1464 1276 1498 φασίν·
1292 1466 1316 1491 εί
1329 1464 1356 1491 δὲ
1368 1464 1454 1491 ἔνδεια
1467 1466 1558 1501 μήτηρ
1574 1465 1677 1500 ὑγείας,
1691 1466 1799 1502 εὔδηλον
1815 1468 1856 1494 ὅτι

1071 1510 1087 1544 ἡ
1100 1510 1242 1545 πλησμονὴ
1259 1511 1350 1545 μήτηρ
1365 1510 1450 1537 νόσων
1467 1511 1551 1538 ἐστιν.

1106 1556 1257 1591 Γρηγορίου
1292 1557 1338 1582 τοῦ
1374 1556 1518 1590 Θεολόγου.
1561 1571 1598 1578 -
1635 1558 1724 1593 Κύρος
1765 1558 1856 1595 πατὴρ

1072 1601 1176 1637 ὕϐρεως
1188 1602 1236 1637 (5).
1252 1602 1297 1636 Μὴ
1312 1601 1360 1629 οὖν
1376 1602 1557 1637 γλυκανθήτω
1569 1612 1611 1630 σοι
1624 1605 1742 1639 φάρυγξ,
1759 1601 1791 1631 οὗ
1806 1614 1855 1632 κα-

1070 1647 1216 1683 τασύρεται
1233 1649 1286 1674 πᾶν
1301 1648 1331 1674 τὸ
1344 1647 1491 1683 διδόμενον.

1113 1705 1283 1732 Ἀθανασίου.
1301 1719 1337 1724 -—
1348 1705 1435 1740 Κύρος
1449 1707 1482 1740 τῇ
1499 1706 1580 1741 σαρκὶ
1605 1715 1779 1742 σκιρτηματα
1805 1708 1855 1742 ἐμ-

1071 1753 1144 1777 ποιεῖ
1160 1751 1207 1778 καὶ
1220 1751 1387 1786 φρυάγματα
1398 1760 1404 1766 ·
1422 1752 1571 1786 ἐγκράτεια
1583 1752 1612 1779 δὲ
1626 1753 1712 1788 αὐτὴν
1726 1754 1852 1780 ὑπωπιά-

1071 1798 1111 1830 (si
1123 1797 1170 1824 καὶ
1182 1797 1359 1831 δουλαγωγεϊ.

1106 1844 1256 1877 Γρηγορίου
1273 1843 1393 1878 Νύσσης.
1408 1857 1439 1862 —
1453 1843 1521 1870 Οὔτε
1532 1843 1585 1878 γὰρ
1598 1843 1726 1878 ἀθληταῖς
1737 1844 1766 1870 ὲν
1779 1844 1854 1879 ἀγῶ-

1071 1897 1115 1920 νος
1132 1888 1220 1924 καιρῷ
1234 1889 1376 1924 λυσιτελὴς
1392 1890 1405 1915 ὁ
1417 1889 1496 1924 κόρος
1514 1889 1598 1922 ἐστὶν,
1612 1888 1675 1916 οὕτε
1689 1890 1746 1921 τοῖς
1763 1890 1850 1925 ἀσκη-

1071 1935 1131 1966 ταῖς
1149 1933 1361 1968 ἀγωνιζομένοις
1376 1934 1430 1962 ἀεί.

1107 1990 1252 2026 Κυρίλλου,
1269 2005 1304 2010 -
1317 1990 1364 2023 ,Ὶί
1385 1990 1489 2025 ἀληθὴς
1519 1991 1665 2025 ἐγκράτεια
1687 1992 1737 2018 οὐκ
1764 1992 1855 2018 ἀσιτία

1071 2037 1129 2063 ἐστὶ
1160 2037 1304 2071 παντελής·
1333 2037 1412 2063 τοῦτο
1437 2038 1491 2072 γὰρ
1511 2036 1557 2063 τοῦ
1578 2037 1703 2072 σώματος
1729 2039 1852 2071 ἔκλυσις·

1071 2081 1138 2108 ἀλλὰ
1158 2082 1238 2116 κόρου
1256 2082 1397 2116 ἀποφυγή.

1107 2128 1194 2155 Σάὃα,
1208 2141 1243 2148 --
1263 2128 1292 2154 '0
1307 2128 1422 2161 ἀγαπῶν
1436 2128 1482 2154 τὸν
1490 2128 1554 2155 Θεὸν
1570 2129 1714 2163 ἀγγελικὸν
1731 2130 1788 2165 βίον
1802 2131 1856 2166 βιοῖ

1071 2174 1117 2200 ἐπὶ
1130 2174 1180 2208 τῆς
1191 2173 1254 2208 γῆς,
1270 2173 1420 2209 νηστεύων,
1432 2174 1552 2208 ψάλλων,
1567 2175 1725 2210 ἀγρυπνῶν,
1741 2185 1856 2211 προσευ-

1071 2219 1193 2253 χόμενος.

1108 2265 1257 2300 Εὑθυμίου.
1275 2266 1424 2297 -Μισθδς
1440 2266 1490 2301 τῆς
1509 2267 1674 2302 ἐγκρατείας
1687 2268 1703 2303 ή
1717 2269 1852 2296 ἀπάθεια·

1070 2311 1087 2346 ἡ
1102 2311 1130 2336 δὲ
1155 2310 1275 2337 ἀπάθεια
1291 2310 1378 2338 τίκτει
1399 2310 1448 2346 τὴν
1463 2311 1615 2347 διάκρισιν·
1645 2313 1662 2347 ἡ
1689 2313 1718 2339 δὲ
1741 2314 1854 2349 πλησίον

1029 2361 1052 2392 ρ
1069 2357 1129 2389 ἄγει
1146 2356 1223 2382 Θεοῦ.

1107 2400 1213 2427 Παύλου
1228 2400 1276 2426 τοῦ
1292 2400 1422 2434 Θηϐαίου.
1438 2415 1469 2422 -
1485 2401 1522 2427 Οὐ
1551 2401 1585 2427 τὰ
1609 2401 1740 2436 βρώματα
1770 2403 1853 2433 κακὰ,

1070 2446 1128 2473 ἀλλ’
1145 2447 1161 2481 ἡ
1183 2446 1402 2481 γαστριμαργία·
1429 2446 1505 2472 οὐδὲν
1521 2446 1575 2482 γὰρ
1592 2446 1646 2473 τῶν
1659 2447 1704 2473 τοῦ
1722 2447 1789 2474 Θεοῦ
1803 2456 1854 2474 κα-

1070 2493 1128 2524 κὸν,
1146 2492 1203 2520 ἀλλ’
1216 2494 1232 2528 ὴ
1246 2493 1419 2528 παράχρησις
1431 2493 1564 2528 ἁμαρτία.

1115 2537 1232 2569 Ἀντοῦς.
1248 2552 1281 2557 ——
1300 2539 1337 2564 Οὺ
1352 2538 1392 2564 δεῖ
1411 2538 1554 2572 φοϐεῖσθαι
1567 2538 1616 2569 τὰς
1630 2539 1782 2573 προσϐολὰς
1800 2540 1854 2566 τῶν

1070 2582 1208 2616 δαιμόνων
1219 2591 1226 2598 ·
1244 2584 1337 2618 εὐχαῖς
1353 2583 1407 2618 γὰρ
1425 2584 1471 2610 καὶ
1482 2583 1622 2618 νηστείαις
1637 2585 1685 2610 καὶ
1703 2585 1737 2620 τῇ
1756 2586 1795 2616 εἰς
1809 2586 1853 2612 τὸν

1070 2629 1172 2663 Κύριον
1187 2629 1277 2655 πίστει
1292 2630 1437 2656 πίπτουσιν
1451 2630 1533 2661 εὐθὺς
1553 2630 1663 2657 ἐκεῖνοι.

1114 2673 1262 2709 ’Λρσενίου.
1287 2689 1320 2694 —-
1338 2675 1368 2701 Ὀ
1383 2674 1451 2707 ξύλα
1468 2675 1667 2707 ὲπιστοιὸάζων
1689 2676 1755 2711 πυρὶ
1782 2675 1854 2711 αἴρει

1065 2758 1087 2800 ᾧ
1103 2761 1201 2800 πάντες
1217 2762 1347 2794 εἴκουσιν,
1361 2761 1413 2797 ἔφη
1433 2762 1482 2797 τὴν
1497 2764 1603 2797 ὑγίειαν
1617 2764 1806 2800 διατηρεῖσθαι
1820 2767 1852 2800 τῇ

1067 2798 1175 2832 ἁκορίῃ.
1693 2798 1706 2800 ’Ἴ
1840 2798 1852 2800 ’⁷

1103 2833 1142 2866 (ᾗ)
1173 2831 1312 2870 Sunt__i_lla
1331 2832 1418 2870 prima
1433 2834 1517 2860 verba
1541 2834 1567 2861 in
1582 2834 1664 2870 (ἐι-ος.
1682 2834 1749 2862 Naz.
1776 2834 1853 2863 Orat.

1068 2875 1134 2898 χιιι,
1151 2874 1212 2902 pag.
1227 2867 1294 2900 “275;
1308 2868 1412 2901 reliqua
1432 2876 1485 2896 non
1505 2870 1604 2905 reperi.
